2540 3950
501 179 566 235 VIII
585 187 667 236 1-9.
1003 183 1066 248 603

99 335 326 399 monumentum
349 339 518 398 Marianum
541 339 708 412 deduceret,
731 340 894 415 praemissa
915 357 989 400 uoce
1003 339 1192 400 illicv·1.M·1·

99 443 182 500 spem
210 424 238 482 ei
265 424 419 483 meliorem
447 424 524 484 fore.
573 424 710 500 deinceps
737 424 768 483 in
799 426 911 500 templo
939 425 1020 484 Iouis
1048 445 1065 484 a

99 509 195 567 Mario
218 511 366 568 exstructo
390 509 427 568 de
448 510 547 569 reditu
563 508 714 569 Ciceronis
729 512 858 568 senatus
881 508 1022 569 decreuit.

164 594 195 651 5.
230 591 348 653 Cassius
381 593 549 654 Parmensis
580 611 720 670 percusso
747 594 881 652 Antonio
914 594 993 653 uidit
1025 595 1057 653 in
1076 601 1123 662 7,7

69 678 216 736 ssomnio
228 677 379 736 bominem
389 678 615 754 praegrandem,
633 681 802 738 concretum
819 697 902 737 coma
917 682 947 737 et
963 678 1063 738 barba.

99 762 221 838 rogauit
243 763 310 836 quis
331 767 421 822 esset.
458 762 612 838 respondit
634 781 665 823 se
688 781 752 823 esse
768 761 888 825 Orcum.
925 763 1063 822 inclama-

99 847 147 906 uit
169 865 277 922 pueros
301 847 510 923 quaesiuitque
532 866 654 923 ecquem
670 848 762 906 talem
777 847 931 910 uidissent.
955 866 1065 924 negan-

99 931 181 989 tibus
204 931 390 990 indormiuit.
428 931 558 991 occurrit
578 933 689 991 iterum
711 932 834 1008 species.
868 950 992 992 accenso
1016 932 1064 990 de·

99 1014 169 1073 binc
195 1015 308 1074 lumine
335 1015 496 1092 uigilatum
523 1017 578 1075 est.
624 1017 727 1091 paucis
755 1018 823 1092 post
851 1016 955 1076 diebus
981 1017 1065 1076 iussu

56 1114 85 1156 10
100 1098 235 1159 Caesaris
254 1099 378 1182 punitus
398 1104 453 1160 ast.

166 1185 196 1242 6.
220 1183 371 1244 Hannibal
386 1183 547 1244 somniauit
561 1185 699 1270 iuuenem
715 1186 844 1244 bumana
858 1185 953 1243 forma
975 1204 1065 1262 augu—
1083 1195 1110 1256 7,
1123 1189 1176 1247 Ε.1

100 1268 233 1341 stiorem,
259 1268 310 1344 qui
333 1288 364 1328 se
385 1269 557 1329 hortaretur
579 1270 611 1328 in
633 1269 780 1329 excidium
803 1269 922 1346 Italiae,
944 1272 1065 1330 auctore

98 1352 173 1412 Ioue
194 1371 224 1413 se
246 1356 389 1412 secutum.
423 1353 530 1412 deinde
552 1356 622 1430 post
642 1357 762 1429 tergum
777 1354 939 1429 respiciens
953 1354 1064 1413 intueri

103 1437 162 1496 sibi
191 1438 273 1498 uisus
301 1440 349 1497 est
376 1442 545 1514 serpentem
575 1441 694 1497 uastum
723 1441 830 1498 cuncta
860 1439 1063 1514 populantem,

61 1533 88 1574 1⁵
103 1523 207 1581 audire
235 1523 326 1582 etiam
354 1523 427 1582 caeli
454 1524 618 1599 fragorem,
646 1541 701 1582 nec
722 1541 783 1581 non
805 1526 836 1582 et
856 1522 974 1582 nimbos
998 1541 1064 1582 cum

99 1606 231 1682 maligna
252 1607 318 1666 luce
341 1608 447 1668 uisere.
492 1607 691 1684 interrogauit
711 1608 849 1666 iuuenem
872 1610 1065 1682 praeeuntem

100 1691 167 1766 quis
189 1691 400 1767 subsequatur.
448 1691 501 1750 ille
524 1691 655 1750 adhaec
678 1690 798 1752 ‘uides'
821 1692 935 1768 inquit,
959 1692 1070 1768 ‘uides

100 1775 249 1835 excidium
270 1776 392 1836 Italiae:
415 1778 480 1835 tace
502 1778 532 1835 et
555 1778 653 1835 cetera
674 1777 815 1851 permitte
836 1775 936 1835 fatis’.

166 1863 194 1919 l.
217 1859 386 1921 Alexander
407 1862 534 1938 Magnus
557 1861 711 1936 quiescens
734 1880 765 1920 se
788 1859 916 1920 interfici
939 1859 1063 1920 Cassan·
1084 1871 1108 1934 7,
1124 1864 1183 1920 Ha

58 1960 86 2000 ao
100 1944 146 2002 dri
168 1945 290 2007 dextera
311 1946 397 2006 uidit.
428 1946 533 2005 eodem
555 1945 621 2022 ipso
644 1947 748 2021 postea
769 1945 892 2006 insidias
908 1945 1064 2006 ordinante

98 2029 177 2088 bibit
199 2049 357 2090 uenenum.

162 2114 191 2172 8.
216 2113 382 2176 Simonides
405 2119 495 2191 poeta
517 2133 641 2192 graecus
663 2114 700 2172 ad
723 2113 794 2174 litus
810 2113 928 2190 appulit
942 2119 974 2174 et
987 2133 1059 2174 nau·
1077 2123 1102 2186 7,
1118 2118 1150 2173 E.
1167 2127 1182 2174 3

97 2197 216 2272 fragam
230 2199 294 2257 illic
309 2197 435 2259 cadauer
449 2202 602 2275 repertum
617 2198 763 2275 sepeliuit.
787 2198 893 2259 debinc
909 2199 1062 2274 quiescens

98 2282 277 2341 ammonitus
300 2286 346 2342 est
367 2284 403 2343 ab
426 2285 531 2342 umbra
560 2284 671 2360 sepulti
698 2301 736 2342 ne
764 2282 811 2342 die
839 2286 960 2358 postero
982 2285 1064 2343 naui·

60 2378 86 2419 25
98 2367 194 2442 garet.
238 2366 415 2443 quicumque
444 2368 613 2444 sciuerunt,
642 2370 674 2427 in
703 2370 864 2443 conspectu
891 2368 954 2427 eius
984 2387 1063 2428 sum·

98 2453 188 2510 mersi
218 2454 296 2510 sunt.
345 2451 512 2511 Simonides
540 2453 688 2512 somnium
715 2452 853 2511 uersibus
880 2470 946 2512 cnm
975 2453 1063 2512 laude

98 2534 268 2594 celebrauit.

37 2681 40 2686 ,
163 2621 191 2678 9.
216 2620 289 2680 Cum
303 2621 461 2680 Persarum
478 2621 543 2698 regi
558 2620 655 2680 uisum
672 2623 749 2680 esset
763 2639 817 2696 per
833 2621 963 2697 quietem
981 2622 1062 2696 quod
1081 2629 1104 2694 7,
1122 2625 1180 2680 Ee

97 2704 176 2780 Atys
198 2705 277 2764 filius
300 2724 371 2766 suus
386 2705 605 2781 pulcherrimus
622 2706 862 2781 fortissimusque
877 2707 956 2764 ferro
970 2706 1061 2765 inter·

166 2889 182 2937 5
199 2901 296 2939 somno
314 2885 379 2938 Mai
396 2886 406 2954 ΙΙ
424 2892 438 2940 7
457 2885 597 2952 hecquem
614 2885 701 2938 talem
719 2884 837 2940 uidisset
854 2887 864 2954 ΙΙ
884 2891 915 2940 10
934 2884 1062 2940 Caesaris

98 2950 191 3018 capite
209 2953 324 3021 punitus
341 2953 405 3007 Mal
423 2959 448 3007 et
465 2952 615 3008 Eberhard
628 2957 705 3021 p.97
726 2955 736 3022 [Ι
758 2959 790 3007 13
809 2953 875 3007 Ioue
894 2952 965 3021 (se)
984 2969 1061 3006 secu·

97 3021 158 3072 tum
178 3019 260 3074 Certa
273 3036 304 3087 p.
317 3023 379 3086 298,
409 3020 476 3075 Ioue
495 3021 656 3075 secuturum
674 3021 732 3076 cad.
750 3022 852 3085 Halm,
879 3020 946 3074 Ioue
964 3036 1062 3088 seque·

97 3089 176 3140 retur
194 3102 257 3140 eum
275 3087 425 3143 Eberhard
443 3089 461 3142 l.
480 3105 501 3146 o.
523 3089 532 3156 ΙΙ
555 3095 586 3141 14
608 3093 769 3156 serpentum
789 3091 799 3157 ΙΙ
825 3094 855 3142 17
878 3087 941 3157 quis
964 3088 1061 3156 Halm,

98 3153 147 3220 qui
164 3154 232 3221 cod,
250 3155 318 3222 quid
335 3156 400 3210 Mai
416 3158 426 3224 11
447 3156 565 3210 alteram
583 3155 662 3209 uides
680 3174 699 3210 o
715 3157 807 3212 scriba
824 3156 897 3222 fuleo
915 3157 1062 3226 repetitam

94 3226 177 3290 parat
202 3221 305 3276 Cala*
329 3224 339 3292 l
365 3229 395 3277 19
422 3224 519 3292 magni
541 3224 612 3289 aad,
640 3229 705 3290 sort.
728 3223 826 3292 Magni
843 3224 863 3277 f.
881 3224 982 3291 Halm,
1012 3240 1061 3278 em.

98 3289 202 3344 Gertz*
221 3290 320 3344 doceas
333 3306 465 3359 persaepe
482 3291 493 3343 i
510 3297 536 3346 et
554 3308 585 3345 us
603 3292 635 3346 ia
653 3307 682 3346 eo
700 3293 758 3348 cod.
797 3293 954 3361 armatarill
965 3291 1059 3360 quies-

98 3358 209 3412 centem
223 3359 281 3412 cod.
294 3358 390 3421 Halm,
411 3376 458 3413 era.
470 3359 553 3414 Carta
572 3360 619 3417 lc.
633 3355 687 3427 1126
705 3375 780 3413 uersr
800 3377 833 3416 us
851 3376 960 3414 summa
977 3360 1061 3413 laude

97 3423 248 3480 Eberhard
265 3426 282 3479 l.
293 3427 382 3547 agari
402 3426 471 3480 Cum
483 3443 628 3494 persarum
641 3428 702 3496 regi
715 3427 782 3494 cod„
802 3426 902 3482 Croeso
915 3429 976 3494 regi
988 3427 1060 3487 Mai,

100 3491 228 3547 Croesum
245 3509 306 3547 ram
347 3495 442 3548 hosroe'
456 3511 475 3547 a
492 3493 652 3562 Nepotiaao
669 3495 815 3573 cansarum
829 3500 914 3574 patet
934 3495 1058 3574 Certa*u

98 3562 171 3614 esset
181 3562 276 3624 Halm,
296 3566 339 3616 est
356 3564 413 3618 cod.
422 3563 488 3618 Mod
499 3563 509 3632 l
522 3568 554 3617 29
573 3563 626 3617 atie
638 3563 648 3632 ΙΙ
660 3563 843 3633 pulcherrrmr
859 3564 1063 3632 fortissimique
