2550 3958
240 153 304 220 496
405 152 474 208 ura.
491 154 526 208 n.
553 153 631 208 cnr.
649 161 675 222 r,
694 153 757 208 sxa
774 160 799 207 ε.
835 153 913 208 cnr.
931 159 958 220 a,
977 161 1058 212 1-2.

243 311 375 387 pissent,
399 311 597 370 decreuerunt
618 317 654 370 ut
674 331 710 371 ex
732 313 770 370 iis
793 311 845 387 qui
867 330 945 387 equo
967 319 1160 374 meruerant
1180 336 1217 391 ps

243 395 340 455 ditum
362 414 485 457 numero
509 395 688 472 militarent,
713 397 766 471 qni
787 397 905 470 pedites
919 396 1048 456 merent
1071 400 1111 458 in
1129 399 1218 459 fundi·

243 485 343 539 torum
364 499 523 540 numerum
545 481 826 542 transcriberentur.
841 479 1006 538 —Parem
1031 484 1119 542 iram
1145 505 1218 545 sem·

242 569 291 625 tus
315 565 457 625 aduersus
479 565 550 624 illos
570 565 738 636 destrinxit,
762 565 813 641 qui
828 563 977 624 Cannensi
991 585 1111 643 pugna
1128 589 1217 646 snper·

241 649 376 723 suerent,
404 651 592 710 mortuorum
614 650 679 709 loco
701 649 808 709 habiti.
850 651 970 725 itaque,
994 668 1069 709 oum
1096 658 1229 729 petissere

241 735 282 794 M.
306 733 463 794 Marcellus
493 735 528 792 ut
549 751 653 793 eorum
674 752 766 810 opera
786 733 824 792 ed
846 735 1115 810 expugnationem
1142 739 1217 816 syra

243 837 379 880 curarum
402 819 549 889 uteretur,
571 819 727 894 rescripsit
748 818 889 894 indignos
910 837 977 877 esse
1000 822 1058 894 qui
1075 823 1115 880 in
1132 831 1218 883 castri

242 904 463 980 reciperentur:
486 905 618 962 ceterum
640 921 672 962 se
695 904 722 961 ei
743 904 917 977 permittere
939 907 975 962 ut
995 903 1125 966 faceret
1149 908 1217 984 quod

242 989 380 1065 expedire
410 987 504 1062 reip.
528 987 704 1061 iudicasset,
734 987 806 1046 dum
836 1005 875 1046 ne
901 988 969 1063 quis
998 1007 1038 1046 ex
1069 990 1126 1050 his
1152 993 1217 1053 dono

242 1072 365 1132 militari
389 1071 560 1130 donaretur.
582 1103 624 1115 —
646 1072 730 1131 Idem
752 1074 889 1145 senatus,
917 1091 985 1130 cum
1008 1078 1162 1148 grauiter
1182 1081 1237 1135 raa

242 1157 327 1216 iisset
349 1153 383 1225 Q.
400 1155 503 1214 Petilii
526 1173 583 1216 cos.
606 1161 734 1215 mortam
757 1156 846 1216 occisi
868 1156 1081 1232 abiguribus,
1110 1161 1218 1238 legioni

241 1239 427 1315 stipendium
450 1240 514 1300 eius
537 1242 610 1299 anni
627 1241 691 1298 dari
706 1241 813 1300 uetuit.
828 1239 969 1298 —Idem
985 1247 1134 1318 senatus,
1159 1265 1217 1306 oum

242 1324 371 1398 milites,
393 1325 446 1400 qui
460 1324 591 1401 Regium
612 1325 725 1384 iniusto
746 1324 827 1384 ballo
843 1331 1071 1400 occupauerant
1085 1337 1217 1390 mortuo·

241 1428 299 1486 que
322 1408 396 1470 duce
412 1408 540 1469 Iubellio
557 1410 597 1468 Μ.
610 1409 746 1469 Caesium
770 1409 897 1468 scribam
917 1411 981 1467 eius
997 1411 1217 1487 imperatorem

241 1494 427 1570 delegerant,
450 1511 566 1554 earcere
589 1493 767 1568 inclusisset,
792 1494 834 1554 M.
844 1494 936 1552 Furio
951 1494 1065 1554 Flacco
1089 1500 1170 1560 trib.
1182 1500 1236 1575 plu

240 1578 436 1638 denuntiante
459 1596 498 1637 ne
520 1578 551 1636 in
574 1579 653 1637 ciues
668 1577 817 1638 Romanos
841 1578 1157 1656 animaduerteretur,
1180 1585 1217 1642 ni·

239 1661 301 1722 hilo
318 1663 417 1723 minus
438 1662 664 1739 quinquegenus
686 1682 739 1738 per
761 1662 895 1739 singulos
918 1663 981 1723 dies
996 1663 1100 1741 uirgis
1120 1687 1216 1729 caesos

240 1747 337 1808 securi
359 1746 473 1823 percuti
496 1747 592 1806 iussit.

188 1827 244 1868 2¹¹·
311 1830 468 1892 Clearchus
483 1831 786 1891 Lacedaemoniorum
809 1831 869 1891 dux
890 1831 1039 1892 militibus
1064 1854 1163 1912 saepe
1180 1838 1215 1895 di·

206 1881 327 1977 2cebet
353 1917 561 1992 imperatorem
592 1917 692 1992 potius
714 1935 802 1992 quam
826 1915 944 1976 hostem
966 1919 1066 1976 metui
1091 1920 1235 1982 debera-a

239 2001 375 2060 futurum
398 2001 495 2076 euim,
527 2003 563 2060 ut
584 2001 723 2076 spiritum
745 2019 859 2076 poenae
882 2000 1103 2083 inpenderent,
1126 2025 1213 2082 quem

238 2101 358 2160 pugnae
379 2084 557 2144 noluissent.

476 2252 530 2310 DE
552 2252 648 2312 IVRE
672 2253 968 2313 TRIVMPHANDI.

188 2358 236 2425 8,1
303 2351 349 2413 Ob
371 2352 449 2413 leuia
471 2355 586 2429 proelia
608 2355 729 2430 quidam
752 2354 947 2430 imperatores
963 2355 1142 2432 triumphos
1160 2361 1214 2422 sibi

238 2438 357 2499 decerni
385 2439 587 2514 postulabant.
630 2439 731 2516 itaque
759 2440 826 2515 lege
857 2442 981 2499 cantum
1006 2443 1054 2500 est
1078 2461 1120 2502 ne
1147 2447 1232 2521 quisi

238 2524 452 2600 triumpharet,
482 2524 540 2583 nisi
563 2523 616 2599 qui
639 2523 771 2600 quinque
792 2523 876 2582 milia
897 2543 956 2582 una
978 2525 1042 2583 acie
1065 2525 1213 2590 fudisset.

236 2612 341 2686 postea
363 2609 396 2668 P.
412 2608 541 2668 Marcius
565 2614 594 2667 et
618 2608 658 2666 M.
676 2606 749 2667 (lato
772 2605 843 2667 trib.
861 2610 903 2683 pl.
919 2609 1056 2669 tulerunt
1078 2631 1214 2686 poenam

237 2693 468 2771 imperatoribus
492 2693 584 2752 statui
606 2690 721 2764 debere,
744 2693 794 2768 qui
818 2698 872 2752 aut
893 2693 1024 2752 hostium
1040 2697 1213 2758 occisorum

236 2784 289 2840 aut
310 2779 486 2840 amissorum
507 2777 637 2836 militum
659 2777 767 2837 falsum
789 2797 947 2838 numerum
967 2777 1171 2842 indicassent.

203 2872 218 2922 2
302 2862 335 2923 O.
359 2862 499 2922 Lutatius
527 2880 586 2922 cos.
615 2865 645 2922 et
668 2859 703 2930 Q.
726 2860 865 2921 Valerius
894 2865 1031 2939 praetor,
1062 2881 1138 2925 cum
1171 2871 1237 2928 ine

238 2949 354 3026 signem
376 2948 544 3007 Poenorum
574 2947 697 3012 classem
728 2946 893 3022 delessent,
924 2949 994 3023 post
1016 2947 1212 3027 triumphum

237 3032 352 3093 Lutatii
374 3036 405 3092 et
417 3031 538 3091 Valerio
561 3031 617 3091 sibi
640 3032 687 3090 ius
709 3031 853 3106 triumphi
873 3032 1057 3109 postulante,
1081 3033 1212 3097 Lutatio

307 3202 318 3249 l
337 3195 467 3265 peditum
478 3196 633 3250 -fuerant
653 3195 686 3248 ia
704 3209 789 3264 moro.
808 3198 871 3252 m.1
889 3194 956 3249 odd.
975 3195 1008 3262 14
1025 3212 1149 3274 pugnae
1169 3201 1213 3256 uel

238 3278 253 3317 e
273 3262 359 3316 Oann.
377 3280 474 3332 pugna
491 3267 569 3328 recte,
583 3268 616 3318 at
627 3262 697 3328 uid,
711 3262 795 3316 Gertz
804 3277 835 3330 p.
846 3263 952 3384 2⁶⁷1l⁵
989 3263 1084 3318 ab1tos
1097 3266 1211 3332 Gerr,

237 3345 276 3382 ao
293 3330 657 3400 mortuorum<eni>loeot
670 3331 681 3398 ΙΙ
696 3335 726 3382 12
744 3345 808 3382 cum
826 3344 877 3384 om.
929 3330 1008 3399 ulmi!
1022 3336 1054 3386 13
1073 3336 1211 3406 regulum

236 3410 271 3447 m.
285 3397 327 3462 211
341 3400 372 3449 15
390 3396 549 3453 inclusisset
559 3413 618 3462 nos,
635 3397 750 3451 inclusit
767 3398 797 3450 et
813 3397 871 3450 cod.
882 3398 978 3452 Halm.
996 3398 1032 3464 os.
1043 3413 1072 3466 p.
1082 3403 1198 3470 479,1s

236 3466 269 3512 23
287 3461 401 3516 titulum
418 3464 443 3520 b.
457 3465 475 3519 l.
494 3479 545 3520 om.
557 3465 635 3520 babet
652 3466 684 3519 in
702 3480 758 3521 rus.
777 3469 843 3518 onte
853 3463 875 3536 ,d
885 3469 905 3520 2
916 3467 927 3535 ΙΙ
940 3471 972 3520 26
990 3464 1052 3519 acie
1075 3468 1212 3527 (uidisset

238 3523 334 3579 Gertz‘
347 3528 356 3576 l
369 3533 401 3560 ‘²⁷
419 3546 438 3560 „
467 3532 574 3586 mrius
593 3533 654 3601 (sic)
672 3532 683 3600 ΙΙ
699 3537 732 3587 30
751 3547 772 3585 o.
792 3531 1081 3589 lutatius—classem
1101 3538 1139 3593 in
1157 3557 1212 3598 ros.
