<?xml version="1.0" encoding="UTF-8"?>
<!DOCTYPE html PUBLIC "-//W3C//DTD XHTML 1.0 Transitional//EN"
    "http://www.w3.org/TR/xhtml1/DTD/xhtml1-transitional.dtd">
<html xmlns="http://www.w3.org/1999/xhtml" xml:lang="en" lang="en">
 <head>
  <title>
</title>
<meta http-equiv="Content-Type" content="text/html;charset=utf-8" />
  <meta name='ocr-system' content='tesseract 3.04.00' />
  <meta name='ocr-capabilities' content='ocr_page ocr_carea ocr_par ocr_line ocrx_word'/>
</head>
<body>
  <div class='ocr_page' id='page_1' title='image "./valeriimaximifa00nepogoog_0595.png"; bbox 0 0 2562 3950; ppageno 0'>
   <div class='ocr_carea' id='block_1_1' title="bbox 209 129 958 198">
    <p class='ocr_par' dir='ltr' id='par_1_1' title="bbox 209 129 958 198">
     <span class='ocr_line' id='line_1_1' title="bbox 209 129 958 198; baseline 0.004 -16"><span class='ocrx_word' id='word_1_1' title='bbox 209 133 275 198; x_wconf 77' lang='lat'>554</span> <span class='ocrx_word' id='word_1_2' title='bbox 427 130 497 189; x_wconf 83' lang='lat' dir='ltr'>nra.</span> <span class='ocrx_word' id='word_1_3' title='bbox 510 129 572 190; x_wconf 82' lang='lat' dir='ltr'>vn.</span> <span class='ocrx_word' id='word_1_4' title='bbox 592 129 670 185; x_wconf 78' lang='lat' dir='ltr'>cae.</span> <span class='ocrx_word' id='word_1_5' title='bbox 683 136 708 198; x_wconf 80' lang='lat' dir='ltr'>r,</span> <span class='ocrx_word' id='word_1_6' title='bbox 721 135 796 185; x_wconf 81' lang='lat' dir='ltr'>a-a.</span> <span class='ocrx_word' id='word_1_7' title='bbox 818 129 882 188; x_wconf 76' lang='lat' dir='ltr'>sxa.</span> <span class='ocrx_word' id='word_1_8' title='bbox 896 136 919 190; x_wconf 90' lang='lat'>1.</span> <span class='ocrx_word' id='word_1_9' title='bbox 932 135 958 186; x_wconf 85' lang='lat' dir='ltr'>a.</span> 
     </span>
    </p>
   </div>
   <div class='ocr_carea' id='block_1_2' title="bbox 162 287 1262 3239">
    <p class='ocr_par' dir='ltr' id='par_1_2' title="bbox 210 287 1262 943">
     <span class='ocr_line' id='line_1_2' title="bbox 211 287 1197 365; baseline -0.003 -16"><span class='ocrx_word' id='word_1_10' title='bbox 211 289 250 349; x_wconf 89' lang='lat' dir='ltr'>ad</span> <span class='ocrx_word' id='word_1_11' title='bbox 271 288 392 349; x_wconf 89' lang='lat' dir='ltr'>modum</span> <span class='ocrx_word' id='word_1_12' title='bbox 415 291 521 348; x_wconf 84' lang='lat' dir='ltr'>cuncta</span> <span class='ocrx_word' id='word_1_13' title='bbox 534 289 574 348; x_wconf 87' lang='lat' dir='ltr'>&#39;in</span> <span class='ocrx_word' id='word_1_14' title='bbox 596 307 650 348; x_wconf 89' lang='lat' dir='ltr'>sua</span> <span class='ocrx_word' id='word_1_15' title='bbox 669 307 762 348; x_wconf 88' lang='lat' dir='ltr'>manu</span> <span class='ocrx_word' id='word_1_16' title='bbox 781 287 905 347; x_wconf 87' lang='lat' dir='ltr'>haberet</span> <span class='ocrx_word' id='word_1_17' title='bbox 926 290 957 348; x_wconf 91' lang='lat' dir='ltr'>ot</span> <span class='ocrx_word' id='word_1_18' title='bbox 970 289 1197 365; x_wconf 86' lang='lat' dir='ltr'>quaesiturum</span> 
     </span>
     <span class='ocr_line' id='line_1_3' title="bbox 210 367 1195 450; baseline 0 -18"><span class='ocrx_word' id='word_1_19' title='bbox 210 373 355 450; x_wconf 85' lang='lat' dir='ltr'><strong>quidnam</strong></span> <span class='ocrx_word' id='word_1_20' title='bbox 381 373 447 432; x_wconf 87' lang='lat' dir='ltr'>fieri</span> <span class='ocrx_word' id='word_1_21' title='bbox 467 373 569 434; x_wconf 87' lang='lat' dir='ltr'>uellet.</span> <span class='ocrx_word' id='word_1_22' title='bbox 611 373 737 432; x_wconf 88' lang='lat' dir='ltr'>iuuenili</span> <span class='ocrx_word' id='word_1_23' title='bbox 758 373 917 433; x_wconf 75' lang='lat' dir='ltr'>calliditati</span> <span class='ocrx_word' id='word_1_24' title='bbox 938 367 1195 433; x_wconf 84' lang='lat' dir='ltr'>senilis&#39;astntia</span> 
     </span>
     <span class='ocr_line' id='line_1_4' title="bbox 211 457 1195 535; baseline 0 -17"><span class='ocrx_word' id='word_1_25' title='bbox 211 458 383 535; x_wconf 88' lang='lat' dir='ltr'>respondit:</span> <span class='ocrx_word' id='word_1_26' title='bbox 416 457 487 517; x_wconf 86' lang='lat' dir='ltr'>fidei</span> <span class='ocrx_word' id='word_1_27' title='bbox 514 459 594 517; x_wconf 90' lang='lat' dir='ltr'>enim</span> <span class='ocrx_word' id='word_1_28' title='bbox 621 458 722 518; x_wconf 89' lang='lat' dir='ltr'>nuntii</span> <span class='ocrx_word' id='word_1_29' title='bbox 748 477 857 532; x_wconf 86' lang='lat' dir='ltr'>parum</span> <span class='ocrx_word' id='word_1_30' title='bbox 884 458 1007 517; x_wconf 89' lang='lat' dir='ltr'>credens</span> <span class='ocrx_word' id='word_1_31' title='bbox 1034 457 1122 518; x_wconf 85' lang='lat' dir='ltr'>nihil</span> <span class='ocrx_word' id='word_1_32' title='bbox 1146 477 1195 518; x_wconf 90' lang='lat' dir='ltr'>re·</span> 
     </span>
     <span class='ocr_line' id='line_1_5' title="bbox 212 542 1194 620; baseline -0.002 -16"><span class='ocrx_word' id='word_1_33' title='bbox 212 545 342 620; x_wconf 76' lang='lat' dir='ltr'>spondit,</span> <span class='ocrx_word' id='word_1_34' title='bbox 366 542 417 603; x_wconf 92' lang='lat' dir='ltr'>sed</span> <span class='ocrx_word' id='word_1_35' title='bbox 439 544 558 603; x_wconf 82' lang='lat' dir='ltr'>seducto</span> <span class='ocrx_word' id='word_1_36' title='bbox 580 560 614 602; x_wconf 91' lang='lat' dir='ltr'>eo</span> <span class='ocrx_word' id='word_1_37' title='bbox 636 544 669 602; x_wconf 93' lang='lat' dir='ltr'>in</span> <span class='ocrx_word' id='word_1_38' title='bbox 690 543 810 602; x_wconf 83' lang='lat' dir='ltr'>hortum</span> <span class='ocrx_word' id='word_1_39' title='bbox 830 543 979 602; x_wconf 83' lang='lat' dir='ltr'>altissima</span> <span class='ocrx_word' id='word_1_40' title='bbox 992 561 1194 617; x_wconf 88' lang='lat' dir='ltr'>papauerum</span> 
     </span>
     <span class='ocr_line' id='line_1_6' title="bbox 212 627 1215 704; baseline -0.003 -16"><span class='ocrx_word' id='word_1_41' title='bbox 212 629 311 704; x_wconf 87' lang='lat' dir='ltr'>capita</span> <span class='ocrx_word' id='word_1_42' title='bbox 332 627 437 688; x_wconf 89' lang='lat' dir='ltr'>baculo</span> <span class='ocrx_word' id='word_1_43' title='bbox 460 627 601 688; x_wconf 88' lang='lat' dir='ltr'>decussit.</span> <span class='ocrx_word' id='word_1_44' title='bbox 645 628 764 704; x_wconf 89' lang='lat' dir='ltr'>cognito</span> <span class='ocrx_word' id='word_1_45' title='bbox 786 627 966 687; x_wconf 87' lang='lat' dir='ltr'>adulescens·</span> <span class='ocrx_word' id='word_1_46' title='bbox 979 627 1109 686; x_wconf 87' lang='lat' dir='ltr'>silentio</span> <span class='ocrx_word' id='word_1_47' title='bbox 1136 637 1215 702; x_wconf 68' lang='lat' dir='ltr'>pat</span> 
     </span>
     <span class='ocr_line' id='line_1_7' title="bbox 212 711 1262 788; baseline -0.002 -16"><span class='ocrx_word' id='word_1_48' title='bbox 212 715 268 774; x_wconf 85' lang='lat' dir='ltr'>tris</span> <span class='ocrx_word' id='word_1_49' title='bbox 301 731 362 772; x_wconf 91' lang='lat' dir='ltr'>non</span> <span class='ocrx_word' id='word_1_50' title='bbox 393 712 545 788; x_wconf 88' lang='lat' dir='ltr'>ignorauit</span> <span class='ocrx_word' id='word_1_51' title='bbox 574 712 706 788; x_wconf 81' lang='lat' dir='ltr'>praecipi</span> <span class='ocrx_word' id='word_1_52' title='bbox 740 711 796 772; x_wconf 89' lang='lat' dir='ltr'>sibi</span> <span class='ocrx_word' id='word_1_53' title='bbox 828 715 863 772; x_wconf 89' lang='lat' dir='ltr'>ut</span> <span class='ocrx_word' id='word_1_54' title='bbox 895 711 1193 772; x_wconf 86' lang='lat' dir='ltr'>excellentissimum</span> <span class='ocrx_word' id='word_1_55' title='bbox 1261 745 1262 770; x_wconf 60' lang='lat' dir='ltr'>l</span> 
     </span>
     <span class='ocr_line' id='line_1_8' title="bbox 211 795 1262 874; baseline 0 -18"><span class='ocrx_word' id='word_1_56' title='bbox 211 817 358 874; x_wconf 87' lang='lat' dir='ltr'>quemque</span> <span class='ocrx_word' id='word_1_57' title='bbox 380 795 565 856; x_wconf 80' lang='lat' dir='ltr'>Gabinorum</span> <span class='ocrx_word' id='word_1_58' title='bbox 592 799 646 856; x_wconf 85' lang='lat' dir='ltr'>aut</span> <span class='ocrx_word' id='word_1_59' title='bbox 675 797 762 856; x_wconf 83' lang='lat' dir='ltr'>exilio</span> <span class='ocrx_word' id='word_1_60' title='bbox 792 796 984 856; x_wconf 88' lang='lat' dir='ltr'>submoneret</span> <span class='ocrx_word' id='word_1_61' title='bbox 1005 799 1062 857; x_wconf 91' lang='lat' dir='ltr'>aut</span> <span class='ocrx_word' id='word_1_62' title='bbox 1083 800 1193 856; x_wconf 88' lang='lat' dir='ltr'>morte</span> <span class='ocrx_word' id='word_1_63' title='bbox 1261 795 1262 838; x_wconf 75' lang='lat' dir='ltr'>l</span> 
     </span>
     <span class='ocr_line' id='line_1_9' title="bbox 213 884 411 943; baseline 0 -1"><span class='ocrx_word' id='word_1_64' title='bbox 213 884 411 943; x_wconf 87' lang='lat' dir='ltr'>consumeret.</span> 
     </span>
    </p>

    <p class='ocr_par' dir='ltr' id='par_1_3' title="bbox 178 927 1262 1450">
     <span class='ocr_line' id='line_1_10' title="bbox 178 927 1262 1041; baseline -0.001 -16"><span class='ocrx_word' id='word_1_65' title='bbox 178 983 196 1032; x_wconf 79' lang='lat'><strong>3</strong></span> <span class='ocrx_word' id='word_1_66' title='bbox 277 965 351 1026; x_wconf 89' lang='lat' dir='ltr'>Cum</span> <span class='ocrx_word' id='word_1_67' title='bbox 373 965 447 1025; x_wconf 86' lang='lat' dir='ltr'>urbe</span> <span class='ocrx_word' id='word_1_68' title='bbox 469 968 556 1041; x_wconf 85' lang='lat' dir='ltr'>capta</span> <span class='ocrx_word' id='word_1_69' title='bbox 577 964 657 1025; x_wconf 88' lang='lat' dir='ltr'>Galli</span> <span class='ocrx_word' id='word_1_70' title='bbox 672 964 855 1041; x_wconf 73' lang='lat' dir='ltr'>Capitolium</span> <span class='ocrx_word' id='word_1_71' title='bbox 877 965 1051 1025; x_wconf 81' lang='lat' dir='ltr'>obsiderent</span> <span class='ocrx_word' id='word_1_72' title='bbox 1074 965 1190 1025; x_wconf 86' lang='lat' dir='ltr'>solam·</span> <span class='ocrx_word' id='word_1_73' title='bbox 1261 927 1262 980; x_wconf 39' lang='lat'>¹</span> 
     </span>
     <span class='ocr_line' id='line_1_11' title="bbox 212 1050 1221 1128; baseline 0.004 -18"><span class='ocrx_word' id='word_1_74' title='bbox 212 1071 270 1128; x_wconf 90' lang='lat' dir='ltr'>que</span> <span class='ocrx_word' id='word_1_75' title='bbox 293 1050 430 1126; x_wconf 89' lang='lat' dir='ltr'>potiendi</span> <span class='ocrx_word' id='word_1_76' title='bbox 451 1050 514 1110; x_wconf 90' lang='lat' dir='ltr'>eius</span> <span class='ocrx_word' id='word_1_77' title='bbox 530 1069 614 1125; x_wconf 90' lang='lat' dir='ltr'>spem</span> <span class='ocrx_word' id='word_1_78' title='bbox 627 1050 660 1110; x_wconf 91' lang='lat' dir='ltr'>in</span> <span class='ocrx_word' id='word_1_79' title='bbox 674 1050 753 1110; x_wconf 86' lang='lat' dir='ltr'>fame</span> <span class='ocrx_word' id='word_1_80' title='bbox 775 1067 877 1109; x_wconf 90' lang='lat' dir='ltr'>eorum</span> <span class='ocrx_word' id='word_1_81' title='bbox 897 1050 1061 1126; x_wconf 83' lang='lat' dir='ltr'>repositam</span> <span class='ocrx_word' id='word_1_82' title='bbox 1085 1050 1221 1108; x_wconf 88' lang='lat' dir='ltr'>anim-1⁰</span> 
     </span>
     <span class='ocr_line' id='line_1_12' title="bbox 213 1133 1189 1212; baseline -0.003 -16"><span class='ocrx_word' id='word_1_83' title='bbox 213 1137 419 1210; x_wconf 85' lang='lat' dir='ltr'>aduerterent,</span> <span class='ocrx_word' id='word_1_84' title='bbox 446 1154 589 1210; x_wconf 88' lang='lat' dir='ltr'>perquam</span> <span class='ocrx_word' id='word_1_85' title='bbox 618 1134 725 1195; x_wconf 88' lang='lat' dir='ltr'>callido</span> <span class='ocrx_word' id='word_1_86' title='bbox 753 1153 861 1212; x_wconf 89' lang='lat' dir='ltr'>genere</span> <span class='ocrx_word' id='word_1_87' title='bbox 897 1134 1029 1195; x_wconf 89' lang='lat' dir='ltr'>consilii.</span> <span class='ocrx_word' id='word_1_88' title='bbox 1051 1133 1189 1193; x_wconf 84' lang='lat' dir='ltr'>Romani</span> 
     </span>
     <span class='ocr_line' id='line_1_13' title="bbox 213 1219 1188 1295; baseline -0.003 -16"><span class='ocrx_word' id='word_1_89' title='bbox 213 1221 260 1280; x_wconf 90' lang='lat' dir='ltr'>usi</span> <span class='ocrx_word' id='word_1_90' title='bbox 286 1237 378 1295; x_wconf 89' lang='lat' dir='ltr'>panes</span> <span class='ocrx_word' id='word_1_91' title='bbox 405 1221 501 1279; x_wconf 89' lang='lat' dir='ltr'>iacere</span> <span class='ocrx_word' id='word_1_92' title='bbox 535 1237 550 1279; x_wconf 82' lang='lat' dir='ltr'>a</span> <span class='ocrx_word' id='word_1_93' title='bbox 576 1220 771 1294; x_wconf 83' lang='lat' dir='ltr'>conpluribus</span> <span class='ocrx_word' id='word_1_94' title='bbox 798 1219 870 1278; x_wconf 90' lang='lat' dir='ltr'>locis</span> <span class='ocrx_word' id='word_1_95' title='bbox 898 1221 1073 1294; x_wconf 67' lang='lat' dir='ltr'>coeperunt·</span> <span class='ocrx_word' id='word_1_96' title='bbox 1124 1236 1188 1294; x_wconf 87' lang='lat' dir='ltr'>quo</span> 
     </span>
     <span class='ocr_line' id='line_1_14' title="bbox 214 1303 1188 1381; baseline -0.004 -16"><span class='ocrx_word' id='word_1_97' title='bbox 214 1304 384 1381; x_wconf 87' lang='lat' dir='ltr'>spectaculo</span> <span class='ocrx_word' id='word_1_98' title='bbox 412 1303 611 1380; x_wconf 88' lang='lat' dir='ltr'>obstupefacti</span> <span class='ocrx_word' id='word_1_99' title='bbox 638 1304 676 1362; x_wconf 89' lang='lat' dir='ltr'>ad</span> <span class='ocrx_word' id='word_1_100' title='bbox 702 1304 872 1380; x_wconf 86' lang='lat' dir='ltr'>pactionem</span> <span class='ocrx_word' id='word_1_101' title='bbox 907 1322 937 1364; x_wconf 89' lang='lat' dir='ltr'>se</span> <span class='ocrx_word' id='word_1_102' title='bbox 965 1306 1188 1364; x_wconf 81' lang='lat' dir='ltr'>conuerterant</span> 
     </span>
     <span class='ocr_line' id='line_1_15' title="bbox 214 1389 509 1450; baseline 0 0"><span class='ocrx_word' id='word_1_103' title='bbox 214 1391 324 1450; x_wconf 89' lang='lat' dir='ltr'>omissa</span> <span class='ocrx_word' id='word_1_104' title='bbox 345 1389 509 1450; x_wconf 88' lang='lat' dir='ltr'>obsidione.</span> 
     </span>
    </p>

    <p class='ocr_par' dir='ltr' id='par_1_4' title="bbox 178 1472 1262 1971">
     <span class='ocr_line' id='line_1_16' title="bbox 178 1472 1218 1549; baseline -0.004 -13"><span class='ocrx_word' id='word_1_105' title='bbox 178 1488 197 1536; x_wconf 87' lang='lat'>4</span> <span class='ocrx_word' id='word_1_106' title='bbox 280 1473 355 1534; x_wconf 91' lang='lat' dir='ltr'>Cum</span> <span class='ocrx_word' id='word_1_107' title='bbox 376 1474 505 1533; x_wconf 89' lang='lat' dir='ltr'>alterum</span> <span class='ocrx_word' id='word_1_108' title='bbox 527 1473 606 1533; x_wconf 89' lang='lat' dir='ltr'>latus</span> <span class='ocrx_word' id='word_1_109' title='bbox 628 1474 733 1533; x_wconf 88' lang='lat' dir='ltr'>Italiae</span> <span class='ocrx_word' id='word_1_110' title='bbox 754 1472 906 1532; x_wconf 84' lang='lat' dir='ltr'>Hannibal</span> <span class='ocrx_word' id='word_1_111' title='bbox 927 1473 1082 1549; x_wconf 83' lang='lat' dir='ltr'>laceraret,</span> <span class='ocrx_word' id='word_1_112' title='bbox 1105 1472 1218 1532; x_wconf 80' lang='lat' dir='ltr'>alte-1⁵</span> 
     </span>
     <span class='ocr_line' id='line_1_17' title="bbox 213 1556 1186 1634; baseline -0.002 -17"><span class='ocrx_word' id='word_1_113' title='bbox 213 1578 282 1617; x_wconf 88' lang='lat' dir='ltr'>rum</span> <span class='ocrx_word' id='word_1_114' title='bbox 295 1557 474 1630; x_wconf 81' lang='lat' dir='ltr'>Hasdrubal,</span> <span class='ocrx_word' id='word_1_115' title='bbox 498 1558 578 1617; x_wconf 91' lang='lat' dir='ltr'>Nero</span> <span class='ocrx_word' id='word_1_116' title='bbox 601 1575 759 1634; x_wconf 87' lang='lat' dir='ltr'>conpresso</span> <span class='ocrx_word' id='word_1_117' title='bbox 782 1577 800 1616; x_wconf 90' lang='lat' dir='ltr'>a</span> <span class='ocrx_word' id='word_1_118' title='bbox 820 1575 852 1616; x_wconf 90' lang='lat' dir='ltr'>se</span> <span class='ocrx_word' id='word_1_119' title='bbox 874 1557 906 1615; x_wconf 91' lang='lat' dir='ltr'>in</span> <span class='ocrx_word' id='word_1_120' title='bbox 920 1557 1049 1617; x_wconf 85' lang='lat' dir='ltr'>Lucanis</span> <span class='ocrx_word' id='word_1_121' title='bbox 1065 1556 1186 1616; x_wconf 79' lang='lat' dir='ltr'>Hanni</span> 
     </span>
     <span class='ocr_line' id='line_1_18' title="bbox 214 1640 1185 1719; baseline -0.005 -16"><span class='ocrx_word' id='word_1_122' title='bbox 214 1643 280 1704; x_wconf 90' lang='lat' dir='ltr'>bale</span> <span class='ocrx_word' id='word_1_123' title='bbox 302 1644 501 1719; x_wconf 83' lang='lat' dir='ltr'>praesentiam</span> <span class='ocrx_word' id='word_1_124' title='bbox 524 1661 609 1702; x_wconf 88' lang='lat' dir='ltr'>suam</span> <span class='ocrx_word' id='word_1_125' title='bbox 630 1643 773 1702; x_wconf 91' lang='lat' dir='ltr'>mentitus</span> <span class='ocrx_word' id='word_1_126' title='bbox 795 1642 873 1701; x_wconf 90' lang='lat' dir='ltr'>hosti</span> <span class='ocrx_word' id='word_1_127' title='bbox 893 1641 931 1700; x_wconf 87' lang='lat' dir='ltr'>ad</span> <span class='ocrx_word' id='word_1_128' title='bbox 945 1660 1032 1716; x_wconf 90' lang='lat' dir='ltr'>opem</span> <span class='ocrx_word' id='word_1_129' title='bbox 1047 1640 1185 1717; x_wconf 88' lang='lat' dir='ltr'>collegae</span> 
     </span>
     <span class='ocr_line' id='line_1_19' title="bbox 214 1724 1184 1803; baseline -0.002 -17"><span class='ocrx_word' id='word_1_130' title='bbox 214 1728 369 1788; x_wconf 83' lang='lat' dir='ltr'>terendam</span> <span class='ocrx_word' id='word_1_131' title='bbox 396 1727 527 1786; x_wconf 87' lang='lat' dir='ltr'>tetendit</span> <span class='ocrx_word' id='word_1_132' title='bbox 551 1731 746 1803; x_wconf 89' lang='lat' dir='ltr'>receptusque</span> <span class='ocrx_word' id='word_1_133' title='bbox 774 1727 807 1784; x_wconf 92' lang='lat' dir='ltr'>in</span> <span class='ocrx_word' id='word_1_134' title='bbox 828 1725 952 1784; x_wconf 87' lang='lat' dir='ltr'>Vmbria</span> <span class='ocrx_word' id='word_1_135' title='bbox 974 1745 992 1784; x_wconf 90' lang='lat' dir='ltr'>a</span> <span class='ocrx_word' id='word_1_136' title='bbox 1012 1724 1184 1784; x_wconf 82' lang='lat' dir='ltr'>Salinatore</span> 
     </span>
     <span class='ocr_line' id='line_1_20' title="bbox 215 1809 1262 1892; baseline -0.004 -20"><span class='ocrx_word' id='word_1_137' title='bbox 215 1812 328 1889; x_wconf 82' lang='lat' dir='ltr'>collega</span> <span class='ocrx_word' id='word_1_138' title='bbox 350 1813 460 1872; x_wconf 87' lang='lat' dir='ltr'>iunctis</span> <span class='ocrx_word' id='word_1_139' title='bbox 484 1811 671 1888; x_wconf 79' lang='lat' dir='ltr'>exercitibus,</span> <span class='ocrx_word' id='word_1_140' title='bbox 694 1812 850 1888; x_wconf 81' lang='lat' dir='ltr'>ignorante</span> <span class='ocrx_word' id='word_1_141' title='bbox 865 1810 1052 1870; x_wconf 86' lang='lat' dir='ltr'>Hasdrubale</span> <span class='ocrx_word' id='word_1_142' title='bbox 1076 1809 1114 1868; x_wconf 89' lang='lat' dir='ltr'>de</span> <span class='ocrx_word' id='word_1_143' title='bbox 1129 1810 1183 1868; x_wconf 89' lang='lat' dir='ltr'>ad·</span> <span class='ocrx_word' id='word_1_144' title='bbox 1261 1833 1262 1892; x_wconf 66' lang='lat'>3</span> 
     </span>
     <span class='ocr_line' id='line_1_21' title="bbox 213 1895 1262 1971; baseline -0.004 -15"><span class='ocrx_word' id='word_1_145' title='bbox 213 1899 308 1956; x_wconf 91' lang='lat' dir='ltr'>uentu</span> <span class='ocrx_word' id='word_1_146' title='bbox 330 1914 392 1968; x_wconf 87' lang='lat' dir='ltr'>suo,</span> <span class='ocrx_word' id='word_1_147' title='bbox 414 1895 570 1955; x_wconf 88' lang='lat' dir='ltr'>uictoriam</span> <span class='ocrx_word' id='word_1_148' title='bbox 591 1897 769 1971; x_wconf 86' lang='lat' dir='ltr'>reportauit.</span> <span class='ocrx_word' id='word_1_149' title='bbox 1050 1927 1055 1937; x_wconf 93' lang='lat'><em>·</em></span> <span class='ocrx_word' id='word_1_150' title='bbox 1193 1904 1215 1943; x_wconf 80' lang='lat'>²⁰</span> <span class='ocrx_word' id='word_1_151' title='bbox 1261 1913 1262 1946; x_wconf 70' lang='lat' dir='ltr'>r</span> 
     </span>
    </p>

    <p class='ocr_par' dir='ltr' id='par_1_5' title="bbox 179 1978 1214 2392">
     <span class='ocr_line' id='line_1_22' title="bbox 179 1978 1183 2056; baseline -0.002 -18"><span class='ocrx_word' id='word_1_152' title='bbox 179 1999 196 2048; x_wconf 83' lang='lat'>5</span> <span class='ocrx_word' id='word_1_153' title='bbox 278 1982 318 2038; x_wconf 90' lang='lat' dir='ltr'>M.</span> <span class='ocrx_word' id='word_1_154' title='bbox 342 1980 499 2056; x_wconf 87' lang='lat' dir='ltr'>Metellus,</span> <span class='ocrx_word' id='word_1_155' title='bbox 524 1998 668 2056; x_wconf 90' lang='lat' dir='ltr'>cumpro</span> <span class='ocrx_word' id='word_1_156' title='bbox 691 1999 748 2040; x_wconf 90' lang='lat' dir='ltr'>cos.</span> <span class='ocrx_word' id='word_1_157' title='bbox 771 1978 884 2039; x_wconf 88' lang='lat' dir='ltr'>bellum</span> <span class='ocrx_word' id='word_1_158' title='bbox 907 1978 939 2038; x_wconf 92' lang='lat' dir='ltr'>in</span> <span class='ocrx_word' id='word_1_159' title='bbox 960 1978 1109 2054; x_wconf 89' lang='lat' dir='ltr'>Hispania</span> <span class='ocrx_word' id='word_1_160' title='bbox 1130 1979 1183 2037; x_wconf 85' lang='lat' dir='ltr'>ad-</span> 
     </span>
     <span class='ocr_line' id='line_1_23' title="bbox 215 2061 1182 2139; baseline 0 -16"><span class='ocrx_word' id='word_1_161' title='bbox 215 2081 320 2124; x_wconf 85' lang='lat' dir='ltr'>uersus</span> <span class='ocrx_word' id='word_1_162' title='bbox 344 2062 509 2123; x_wconf 82' lang='lat' dir='ltr'>Celtiberos</span> <span class='ocrx_word' id='word_1_163' title='bbox 537 2067 655 2139; x_wconf 85' lang='lat' dir='ltr'>gereret</span> <span class='ocrx_word' id='word_1_164' title='bbox 677 2071 703 2124; x_wconf 84' lang='lat' dir='ltr'>et</span> <span class='ocrx_word' id='word_1_165' title='bbox 723 2064 828 2122; x_wconf 89' lang='lat' dir='ltr'>urbem</span> <span class='ocrx_word' id='word_1_166' title='bbox 851 2061 1042 2123; x_wconf 71' lang='lat' dir='ltr'>Contrebiam</span> <span class='ocrx_word' id='word_1_167' title='bbox 1064 2062 1182 2123; x_wconf 88' lang='lat' dir='ltr'>uiribus</span> 
     </span>
     <span class='ocr_line' id='line_1_24' title="bbox 215 2147 1181 2224; baseline -0.002 -16"><span class='ocrx_word' id='word_1_168' title='bbox 215 2166 386 2224; x_wconf 86' lang='lat' dir='ltr'>expugnare</span> <span class='ocrx_word' id='word_1_169' title='bbox 407 2165 467 2206; x_wconf 90' lang='lat' dir='ltr'>non</span> <span class='ocrx_word' id='word_1_170' title='bbox 489 2151 599 2223; x_wconf 88' lang='lat' dir='ltr'>posset,</span> <span class='ocrx_word' id='word_1_171' title='bbox 622 2150 730 2209; x_wconf 88' lang='lat' dir='ltr'>itinera</span> <span class='ocrx_word' id='word_1_172' title='bbox 751 2149 833 2206; x_wconf 89' lang='lat' dir='ltr'>uaria</span> <span class='ocrx_word' id='word_1_173' title='bbox 847 2147 1083 2224; x_wconf 85' lang='lat' dir='ltr'>ingrediebatur,</span> <span class='ocrx_word' id='word_1_174' title='bbox 1107 2147 1181 2206; x_wconf 88' lang='lat' dir='ltr'>alias</span> 
     </span>
     <span class='ocr_line' id='line_1_25' title="bbox 216 2231 1181 2309; baseline -0.001 -18"><span class='ocrx_word' id='word_1_175' title='bbox 216 2235 305 2309; x_wconf 89' lang='lat' dir='ltr'>atque</span> <span class='ocrx_word' id='word_1_176' title='bbox 332 2231 405 2291; x_wconf 87' lang='lat' dir='ltr'>alias</span> <span class='ocrx_word' id='word_1_177' title='bbox 427 2231 565 2307; x_wconf 88' lang='lat' dir='ltr'>regiones</span> <span class='ocrx_word' id='word_1_178' title='bbox 588 2234 720 2308; x_wconf 87' lang='lat' dir='ltr'>petebat.</span> <span class='ocrx_word' id='word_1_179' title='bbox 764 2233 865 2308; x_wconf 88' lang='lat' dir='ltr'>itaque</span> <span class='ocrx_word' id='word_1_180' title='bbox 888 2251 954 2292; x_wconf 91' lang='lat' dir='ltr'>cum</span> <span class='ocrx_word' id='word_1_181' title='bbox 977 2232 1035 2290; x_wconf 87' lang='lat' dir='ltr'>alio</span> <span class='ocrx_word' id='word_1_182' title='bbox 1059 2249 1181 2291; x_wconf 89' lang='lat' dir='ltr'>cursum</span> 
     </span>
     <span class='ocr_line' id='line_1_26' title="bbox 216 2313 1214 2392; baseline -0.001 -16"><span class='ocrx_word' id='word_1_183' title='bbox 216 2317 383 2388; x_wconf 83' lang='lat' dir='ltr'>direxisset,</span> <span class='ocrx_word' id='word_1_184' title='bbox 407 2315 507 2376; x_wconf 89' lang='lat' dir='ltr'>subito</span> <span class='ocrx_word' id='word_1_185' title='bbox 531 2313 721 2377; x_wconf 72' lang='lat' dir='ltr'>Contrebiam</span> <span class='ocrx_word' id='word_1_186' title='bbox 742 2317 928 2392; x_wconf 87' lang='lat' dir='ltr'>inopinatam</span> <span class='ocrx_word' id='word_1_187' title='bbox 951 2316 1108 2392; x_wconf 84' lang='lat' dir='ltr'>oppressit</span> <span class='ocrx_word' id='word_1_188' title='bbox 1193 2325 1214 2367; x_wconf 61' lang='grc' dir='ltr'><strong>ὕ</strong></span> 
     </span>
    </p>

    <p class='ocr_par' dir='ltr' id='par_1_6' title="bbox 162 2399 1182 2478">
     <span class='ocr_line' id='line_1_27' title="bbox 162 2399 1182 2478; baseline -0.001 -17"><span class='ocrx_word' id='word_1_189' title='bbox 162 2415 219 2456; x_wconf 74' lang='lat' dir='ltr'>uxt-</span> <span class='ocrx_word' id='word_1_190' title='bbox 283 2401 465 2478; x_wconf 88' lang='lat' dir='ltr'>Agathocles</span> <span class='ocrx_word' id='word_1_191' title='bbox 493 2399 706 2477; x_wconf 78' lang='lat' dir='ltr'>Syracusarum</span> <span class='ocrx_word' id='word_1_192' title='bbox 734 2420 797 2477; x_wconf 84' lang='lat' dir='ltr'>rex,</span> <span class='ocrx_word' id='word_1_193' title='bbox 827 2421 895 2461; x_wconf 89' lang='lat' dir='ltr'>oum</span> <span class='ocrx_word' id='word_1_194' title='bbox 920 2402 1025 2462; x_wconf 86' lang='lat' dir='ltr'>urbem</span> <span class='ocrx_word' id='word_1_195' title='bbox 1054 2399 1118 2460; x_wconf 90' lang='lat' dir='ltr'>eius</span> <span class='ocrx_word' id='word_1_196' title='bbox 1145 2419 1182 2460; x_wconf 81' lang='lat' dir='ltr'>cx</span> 
     </span>
    </p>

    <p class='ocr_par' dir='ltr' id='par_1_7' title="bbox 184 2473 1180 2644">
     <span class='ocr_line' id='line_1_28' title="bbox 184 2473 1180 2565; baseline -0.002 -18"><span class='ocrx_word' id='word_1_197' title='bbox 184 2473 302 2565; x_wconf 90' lang='lat' dir='ltr'>lparte</span> <span class='ocrx_word' id='word_1_198' title='bbox 325 2485 583 2562; x_wconf 78' lang='lat' dir='ltr'>Carthaginienses</span> <span class='ocrx_word' id='word_1_199' title='bbox 612 2488 819 2562; x_wconf 86' lang='lat' dir='ltr'>occupassent,</span> <span class='ocrx_word' id='word_1_200' title='bbox 849 2486 1010 2546; x_wconf 88' lang='lat' dir='ltr'>exercitum</span> <span class='ocrx_word' id='word_1_201' title='bbox 1038 2485 1180 2546; x_wconf 89' lang='lat' dir='ltr'>suumin</span> 
     </span>
     <span class='ocr_line' id='line_1_29' title="bbox 216 2570 888 2644; baseline -0.004 -12"><span class='ocrx_word' id='word_1_202' title='bbox 216 2573 349 2632; x_wconf 86' lang='lat' dir='ltr'>Africam</span> <span class='ocrx_word' id='word_1_203' title='bbox 371 2571 499 2644; x_wconf 85' lang='lat' dir='ltr'>traiecit,</span> <span class='ocrx_word' id='word_1_204' title='bbox 522 2573 557 2629; x_wconf 90' lang='lat' dir='ltr'>ut</span> <span class='ocrx_word' id='word_1_205' title='bbox 579 2571 641 2629; x_wconf 88' lang='lat' dir='ltr'>uim</span> <span class='ocrx_word' id='word_1_206' title='bbox 663 2573 694 2629; x_wconf 93' lang='lat' dir='ltr'>ui</span> <span class='ocrx_word' id='word_1_207' title='bbox 717 2570 888 2630; x_wconf 88' lang='lat' dir='ltr'>discuteret.</span> 
     </span>
    </p>

    <p class='ocr_par' dir='ltr' id='par_1_8' title="bbox 180 2654 1211 3239">
     <span class='ocr_line' id='line_1_30' title="bbox 180 2654 1180 2730; baseline -0.004 -14"><span class='ocrx_word' id='word_1_208' title='bbox 180 2676 196 2723; x_wconf 83' lang='lat'>2</span> <span class='ocrx_word' id='word_1_209' title='bbox 279 2656 431 2715; x_wconf 89' lang='lat' dir='ltr'>Hannibal</span> <span class='ocrx_word' id='word_1_210' title='bbox 454 2654 639 2715; x_wconf 88' lang='lat' dir='ltr'>Cannensem</span> <span class='ocrx_word' id='word_1_211' title='bbox 668 2655 762 2714; x_wconf 89' lang='lat' dir='ltr'>aciem</span> <span class='ocrx_word' id='word_1_212' title='bbox 790 2655 960 2730; x_wconf 88' lang='lat' dir='ltr'>speculatus</span> <span class='ocrx_word' id='word_1_213' title='bbox 988 2657 1057 2714; x_wconf 87' lang='lat' dir='ltr'>ante</span> <span class='ocrx_word' id='word_1_214' title='bbox 1080 2654 1180 2713; x_wconf 91' lang='lat' dir='ltr'>omnia</span> 
     </span>
     <span class='ocr_line' id='line_1_31' title="bbox 215 2737 1211 2818; baseline -0.002 -18"><span class='ocrx_word' id='word_1_215' title='bbox 215 2740 349 2818; x_wconf 89' lang='lat' dir='ltr'>prouidit</span> <span class='ocrx_word' id='word_1_216' title='bbox 376 2743 411 2799; x_wconf 90' lang='lat' dir='ltr'>nt</span> <span class='ocrx_word' id='word_1_217' title='bbox 438 2739 566 2800; x_wconf 88' lang='lat' dir='ltr'>Romani</span> <span class='ocrx_word' id='word_1_218' title='bbox 595 2742 625 2798; x_wconf 87' lang='lat' dir='ltr'>et</span> <span class='ocrx_word' id='word_1_219' title='bbox 656 2739 748 2798; x_wconf 92' lang='lat' dir='ltr'>solem</span> <span class='ocrx_word' id='word_1_220' title='bbox 777 2743 808 2799; x_wconf 90' lang='lat' dir='ltr'>et</span> <span class='ocrx_word' id='word_1_221' title='bbox 834 2739 989 2815; x_wconf 90' lang='lat' dir='ltr'>puluerem</span> <span class='ocrx_word' id='word_1_222' title='bbox 1018 2737 1211 2798; x_wconf 69' lang='lat' dir='ltr'>aduersnmtt</span> 
     </span>
     <span class='ocr_line' id='line_1_32' title="bbox 214 2823 1177 2900; baseline -0.002 -16"><span class='ocrx_word' id='word_1_223' title='bbox 214 2826 368 2886; x_wconf 87' lang='lat' dir='ltr'>haberent.</span> <span class='ocrx_word' id='word_1_224' title='bbox 398 2823 505 2884; x_wconf 90' lang='lat' dir='ltr'>deinde</span> <span class='ocrx_word' id='word_1_225' title='bbox 526 2825 643 2900; x_wconf 89' lang='lat' dir='ltr'>partem</span> <span class='ocrx_word' id='word_1_226' title='bbox 665 2825 818 2899; x_wconf 90' lang='lat' dir='ltr'>copiarum</span> <span class='ocrx_word' id='word_1_227' title='bbox 841 2843 962 2884; x_wconf 88' lang='lat' dir='ltr'>suarum</span> <span class='ocrx_word' id='word_1_228' title='bbox 985 2823 1177 2898; x_wconf 89' lang='lat' dir='ltr'>interipsum</span> 
     </span>
     <span class='ocr_line' id='line_1_33' title="bbox 214 2907 1176 2987; baseline 0 -18"><span class='ocrx_word' id='word_1_229' title='bbox 214 2910 322 2987; x_wconf 89' lang='lat' dir='ltr'>proelii</span> <span class='ocrx_word' id='word_1_230' title='bbox 351 2912 469 2984; x_wconf 86' lang='lat' dir='ltr'>tempus</span> <span class='ocrx_word' id='word_1_231' title='bbox 500 2908 536 2968; x_wconf 94' lang='lat' dir='ltr'>de</span> <span class='ocrx_word' id='word_1_232' title='bbox 564 2907 712 2968; x_wconf 87' lang='lat' dir='ltr'>industria</span> <span class='ocrx_word' id='word_1_233' title='bbox 739 2908 842 2986; x_wconf 87' lang='lat' dir='ltr'>fugere</span> <span class='ocrx_word' id='word_1_234' title='bbox 870 2909 958 2968; x_wconf 88' lang='lat' dir='ltr'>iussit</span> <span class='ocrx_word' id='word_1_235' title='bbox 979 2911 1014 2966; x_wconf 92' lang='lat' dir='ltr'>ut</span> <span class='ocrx_word' id='word_1_236' title='bbox 1036 2912 1176 2983; x_wconf 88' lang='lat' dir='ltr'>sequente</span> 
     </span>
     <span class='ocr_line' id='line_1_34' title="bbox 214 2992 1175 3072; baseline -0.001 -19"><span class='ocrx_word' id='word_1_237' title='bbox 214 2995 331 3072; x_wconf 90' lang='lat' dir='ltr'>legione</span> <span class='ocrx_word' id='word_1_238' title='bbox 353 2996 438 3069; x_wconf 86' lang='lat' dir='ltr'>terga</span> <span class='ocrx_word' id='word_1_239' title='bbox 460 2993 524 3053; x_wconf 87' lang='lat' dir='ltr'>eius</span> <span class='ocrx_word' id='word_1_240' title='bbox 546 2992 583 3051; x_wconf 88' lang='lat' dir='ltr'>ab</span> <span class='ocrx_word' id='word_1_241' title='bbox 606 2993 661 3066; x_wconf 87' lang='lat' dir='ltr'>his,</span> <span class='ocrx_word' id='word_1_242' title='bbox 686 3012 760 3068; x_wconf 90' lang='lat' dir='ltr'>quos</span> <span class='ocrx_word' id='word_1_243' title='bbox 781 2994 814 3052; x_wconf 91' lang='lat' dir='ltr'>in</span> <span class='ocrx_word' id='word_1_244' title='bbox 836 2993 955 3052; x_wconf 88' lang='lat' dir='ltr'>insidiis</span> <span class='ocrx_word' id='word_1_245' title='bbox 970 2993 1175 3072; x_wconf 85' lang='lat' dir='ltr'>collocauerat‚</span> 
     </span>
     <span class='ocr_line' id='line_1_35' title="bbox 213 3076 1174 3154; baseline -0.001 -17"><span class='ocrx_word' id='word_1_246' title='bbox 213 3079 445 3138; x_wconf 87' lang='lat' dir='ltr'>trucidarentur.</span> <span class='ocrx_word' id='word_1_247' title='bbox 491 3081 641 3154; x_wconf 88' lang='lat' dir='ltr'>postremo</span> <span class='ocrx_word' id='word_1_248' title='bbox 666 3095 743 3139; x_wconf 89' lang='lat' dir='ltr'>ccoo</span> <span class='ocrx_word' id='word_1_249' title='bbox 764 3078 878 3153; x_wconf 87' lang='lat' dir='ltr'>equites</span> <span class='ocrx_word' id='word_1_250' title='bbox 901 3076 1093 3154; x_wconf 87' lang='lat' dir='ltr'>subornauit,</span> <span class='ocrx_word' id='word_1_251' title='bbox 1116 3078 1174 3153; x_wconf 89' lang='lat' dir='ltr'>qui,</span> 
     </span>
     <span class='ocr_line' id='line_1_36' title="bbox 212 3161 1209 3239; baseline -0.008 -16"><span class='ocrx_word' id='word_1_252' title='bbox 212 3182 281 3223; x_wconf 86' lang='lat' dir='ltr'>cum</span> <span class='ocrx_word' id='word_1_253' title='bbox 308 3162 347 3222; x_wconf 91' lang='lat' dir='ltr'>ad</span> <span class='ocrx_word' id='word_1_254' title='bbox 375 3162 512 3222; x_wconf 88' lang='lat' dir='ltr'>consules</span> <span class='ocrx_word' id='word_1_255' title='bbox 540 3163 694 3222; x_wconf 87' lang='lat' dir='ltr'>uenissent</span> <span class='ocrx_word' id='word_1_256' title='bbox 714 3163 857 3236; x_wconf 89' lang='lat' dir='ltr'>inermes,</span> <span class='ocrx_word' id='word_1_257' title='bbox 881 3181 935 3239; x_wconf 87' lang='lat' dir='ltr'>pro</span> <span class='ocrx_word' id='word_1_258' title='bbox 957 3161 1123 3238; x_wconf 79' lang='lat' dir='ltr'>transfugis</span> <span class='ocrx_word' id='word_1_259' title='bbox 1145 3163 1209 3224; x_wconf 81' lang='lat' dir='ltr'>iuss</span> 
     </span>
    </p>
   </div>
   <div class='ocr_carea' id='block_1_3' title="bbox 213 3305 1175 3444">
    <p class='ocr_par' dir='ltr' id='par_1_9' title="bbox 213 3305 1175 3444">
     <span class='ocr_line' id='line_1_37' title="bbox 281 3305 1175 3376; baseline 0.004 -17"><span class='ocrx_word' id='word_1_260' title='bbox 281 3313 299 3359; x_wconf 87' lang='lat'>4</span> <span class='ocrx_word' id='word_1_261' title='bbox 329 3305 444 3361; x_wconf 89' lang='lat' dir='ltr'>seducto</span> <span class='ocrx_word' id='word_1_262' title='bbox 476 3307 541 3361; x_wconf 77' lang='lat' dir='ltr'>Mat</span> <span class='ocrx_word' id='word_1_263' title='bbox 572 3323 586 3361; x_wconf 89' lang='lat' dir='ltr'>c</span> <span class='ocrx_word' id='word_1_264' title='bbox 611 3307 681 3373; x_wconf 71' lang='lat' dir='ltr'>Vct,</span> <span class='ocrx_word' id='word_1_265' title='bbox 717 3307 791 3361; x_wconf 89' lang='lat' dir='ltr'>ultro</span> <span class='ocrx_word' id='word_1_266' title='bbox 823 3308 883 3363; x_wconf 86' lang='lat' dir='ltr'>cod.</span> <span class='ocrx_word' id='word_1_267' title='bbox 908 3309 918 3376; x_wconf 86' lang='grc' dir='ltr'>ΙΙ</span> <span class='ocrx_word' id='word_1_268' title='bbox 943 3314 975 3363; x_wconf 78' lang='lat'>12</span> <span class='ocrx_word' id='word_1_269' title='bbox 997 3324 1013 3362; x_wconf 93' lang='lat' dir='ltr'>e</span> <span class='ocrx_word' id='word_1_270' title='bbox 1035 3322 1085 3365; x_wconf 87' lang='lat' dir='ltr'>om.</span> <span class='ocrx_word' id='word_1_271' title='bbox 1112 3309 1175 3374; x_wconf 70' lang='lat' dir='ltr'>cod„</span> 
     </span>
     <span class='ocr_line' id='line_1_38' title="bbox 213 3372 1175 3444; baseline 0.005 -19"><span class='ocrx_word' id='word_1_272' title='bbox 213 3373 305 3439; x_wconf 81' lang='lat' dir='ltr'>suppl.</span> <span class='ocrx_word' id='word_1_273' title='bbox 327 3372 428 3426; x_wconf 75' lang='lat' dir='ltr'>Gertz·</span> <span class='ocrx_word' id='word_1_274' title='bbox 451 3389 465 3427; x_wconf 88' lang='lat' dir='ltr'>c</span> <span class='ocrx_word' id='word_1_275' title='bbox 486 3373 546 3429; x_wconf 83' lang='lat' dir='ltr'>Vol.</span> <span class='ocrx_word' id='word_1_276' title='bbox 570 3376 581 3441; x_wconf 76' lang='grc' dir='ltr'>ΙΙ</span> <span class='ocrx_word' id='word_1_277' title='bbox 605 3390 690 3442; x_wconf 84' lang='lat' dir='ltr'>qnam</span> <span class='ocrx_word' id='word_1_278' title='bbox 707 3375 837 3444; x_wconf 85' lang='lat' dir='ltr'>plurimis</span> <span class='ocrx_word' id='word_1_279' title='bbox 854 3375 920 3430; x_wconf 73' lang='lat' dir='ltr'>Mae·</span> <span class='ocrx_word' id='word_1_280' title='bbox 942 3376 952 3443; x_wconf 80' lang='grc' dir='ltr'>[Ι</span> <span class='ocrx_word' id='word_1_281' title='bbox 977 3381 1009 3428; x_wconf 76' lang='lat'>22</span> <span class='ocrx_word' id='word_1_282' title='bbox 1033 3376 1063 3430; x_wconf 89' lang='lat' dir='ltr'>et</span> <span class='ocrx_word' id='word_1_283' title='bbox 1079 3375 1175 3430; x_wconf 88' lang='lat' dir='ltr'>urbem</span> 
     </span>
    </p>
   </div>
   <div class='ocr_carea' id='block_1_4' title="bbox 212 3437 1262 3592">
    <p class='ocr_par' dir='ltr' id='par_1_10' title="bbox 212 3437 1262 3592">
     <span class='ocr_line' id='line_1_39' title="bbox 212 3437 1262 3592; baseline 0.004 -101"><span class='ocrx_word' id='word_1_284' title='bbox 212 3437 498 3558; x_wconf 46' lang='lat' dir='ltr'>geritiiihgfflemque</span> <span class='ocrx_word' id='word_1_285' title='bbox 515 3457 551 3494; x_wconf 87' lang='lat' dir='ltr'>m.</span> <span class='ocrx_word' id='word_1_286' title='bbox 564 3443 593 3507; x_wconf 81' lang='lat'>2,</span> <span class='ocrx_word' id='word_1_287' title='bbox 611 3441 710 3497; x_wconf 89' lang='lat' dir='ltr'>urbem</span> <span class='ocrx_word' id='word_1_288' title='bbox 728 3443 764 3496; x_wconf 87' lang='lat' dir='ltr'>ad</span> <span class='ocrx_word' id='word_1_289' title='bbox 781 3459 816 3497; x_wconf 86' lang='lat' dir='ltr'>m.</span> <span class='ocrx_word' id='word_1_290' title='bbox 829 3447 846 3497; x_wconf 92' lang='lat'><strong><em>1</em></strong></span> <span class='ocrx_word' id='word_1_291' title='bbox 859 3444 868 3511; x_wconf 86' lang='grc' dir='ltr'>ΙΙ</span> <span class='ocrx_word' id='word_1_292' title='bbox 881 3449 913 3497; x_wconf 78' lang='lat'>22</span> <span class='ocrx_word' id='word_1_293' title='bbox 933 3447 957 3498; x_wconf 85' lang='lat' dir='ltr'>et</span> <span class='ocrx_word' id='word_1_294' title='bbox 975 3448 1008 3498; x_wconf 77' lang='lat'>25</span> <span class='ocrx_word' id='word_1_295' title='bbox 1027 3442 1147 3498; x_wconf 86' lang='lat' dir='ltr'>trebiam</span> <span class='ocrx_word' id='word_1_296' title='bbox 1161 3446 1173 3512; x_wconf 81' lang='grc' dir='ltr'>ΙΙ</span> <span class='ocrx_word' id='word_1_297' title='bbox 1261 3517 1262 3592; x_wconf 33' lang='grc'>1</span> 
     </span>
    </p>
   </div>
   <div class='ocr_carea' id='block_1_5' title="bbox 0 0 1290 3950">
    <p class='ocr_par' dir='ltr' id='par_1_11' title="bbox 0 0 1290 3950">
     <span class='ocr_line' id='line_1_40' title="bbox 0 0 1290 3950; baseline 0 0"><span class='ocrx_word' id='word_1_298' title='bbox 0 0 1290 3950; x_wconf 95' lang='lat' dir='ltr'> </span> 
     </span>
    </p>
   </div>
  </div>
 </body>
</html>
