2550 3958
362 153 680 224 OAP.V1111,§1-a.
716 155 754 222 Χ,
775 159 790 222 e
812 162 834 213 1.
1015 155 1077 222 451

111 309 176 393 rui,
198 312 323 388 tamen,
352 329 393 372 ne
416 307 448 372 id
472 307 577 392 ipsum
599 307 784 392 inpunitum
807 308 866 389 sit,
896 307 1004 392 accipe
1026 329 1078 374 me

4 441 9 480 1
110 393 170 458 fati
202 394 251 458 tui
284 394 456 476 comitem’,
490 413 647 478 superque
679 394 827 457 exanime
860 412 975 476 corpus
1010 393 1078 458 eius

7 554 11 562 Ι
110 477 222 563 iugulo
245 499 302 542 suc
317 477 460 564 gladium
477 477 590 561 capulo
606 483 701 542 tenus
718 476 845 542 demisit
866 498 903 542 ao
918 477 1077 560 permixto

110 563 276 647 utriusque
303 564 461 647 sanguine
488 562 607 647 duplex
634 561 768 628 uictima
800 560 912 645 iacuit,
947 561 1078 646 pietatis

111 646 206 730 haec,
230 649 348 712 erroris
370 646 436 712 ills.
1092 666 1105 706 s

175 733 205 797 3.
234 731 383 797 (letarum
405 731 488 796 falsa
511 730 656 817 opinatio
679 731 788 796 nescio
810 752 851 796 an
873 731 1078 815 praecipuam

110 817 260 881 iniuriam
282 816 387 882 Lartis
419 816 571 882 Tolumni
594 815 778 882 Veientium
800 816 886 902 regis
908 815 1079 900 penatibus

110 901 273 968 intulerit:
296 923 372 966 nam
396 922 468 967 cum
490 901 525 965 in
539 904 737 967 tesserarum
751 921 904 984 prospero
920 901 1006 966 iactu
1020 921 1079 986 per

4 971 10 1012 ²
110 987 216 1051 iocum
240 987 400 1052 conlusori
424 985 556 1051 dixisset
578 985 721 1064 ‘occides
749 989 782 1050 et
809 986 894 1050 forte
915 984 1079 1050 Romano·

4 1059 11 1151 ἶ
109 1092 181 1136 rum
202 1070 302 1156 legati
324 1070 586 1150 interuenissent,
612 1071 766 1136 satellites
782 1071 850 1136 eius
866 1091 973 1136 errore
988 1069 1078 1135 uocis
1092 1089 1117 1128 ro

5 1170 10 1238 J
111 1154 231 1240 inpulsi
267 1155 489 1221 interficiendo
526 1155 651 1240 legatos
687 1156 793 1221 lusum
837 1155 877 1221 ad
917 1154 1077 1239 inperium

6 1315 10 1327 ¹
112 1239 355 1305 transtulerunt.

414 1391 454 1456 x.
489 1390 548 1456 nn
572 1391 778 1458 vnrroua.
827 1373 828 1377 '

177 1525 318 1591 Vltionis
342 1530 450 1591 autem
472 1548 566 1611 quem
589 1528 781 1593 admodum
804 1550 910 1612 acres,
933 1530 979 1594 ita
1001 1530 1077 1594 iusti

4 1677 6 1686 ,
112 1611 216 1675 aculei
238 1614 331 1695 sunt,
355 1612 410 1694 qui
432 1612 573 1677 lacessiti
596 1613 809 1692 concitantur,
833 1618 1000 1700 acceptum
1023 1615 1077 1678 do·
1093 1633 1117 1675 rs

4 1703 9 1716 '
110 1696 210 1760 lorem
226 1697 329 1761 dolore
350 1717 487 1779 pensare
510 1697 689 1780 cupientes:
712 1718 792 1781 quos
807 1698 903 1763 latius
920 1700 1079 1782 conplecti

5 1844 9 1882 3
110 1800 178 1845 non
201 1780 334 1846 adtinet.

178 1868 204 1929 1.
235 1864 396 1930 lbibunus
418 1866 463 1949 pl.
487 1865 530 1934 M.
547 1864 675 1931 Flauius
698 1867 738 1931 ad
761 1889 802 1952 pc
825 1867 915 1932 ulum
938 1867 977 1932 de
999 1867 1078 1932 Tus-

4 1931 9 2036 ί,
112 1950 235 2016 culanis
257 1951 380 2033 retulit,
409 1949 492 2033 quod
515 1971 623 2015 eorum
646 1952 780 2017 consilio
803 1890 988 2018 lleliternos
1009 1952 1079 2017 Pri·

4 2043 31 2125 1.
110 2040 322 2119 uernatesque
351 2037 373 2115 †
400 2034 610 2101 rebellaturos
641 2036 769 2102 diceret.
820 2039 874 2122 qui
904 2058 976 2102 oum
1006 2057 1118 2103 comas

4 2127 7 2142 ’
112 2119 304 2204 coniugibus
319 2141 357 2183 ao
370 2120 480 2184 liberis
496 2120 642 2204 squalore
657 2121 754 2188 obsiti
770 2121 929 2207 supplices
939 2121 1077 2188 Romam

112 2205 290 2288 uenissent,
313 2203 429 2269 accidit
443 2209 480 2268 ut
494 2205 625 2289 reliquis
648 2207 795 2271 tribubus
811 2208 981 2272 salutarem
1004 2229 1077 2272 sen·

4 2353 7 2379 1
111 2289 248 2352 tentiam
264 2289 381 2352 secutis
404 2288 473 2353 sola
487 2288 593 2353 Pollia
615 2290 770 2356 iudicaret
785 2297 933 2375 oportere
948 2292 1078 2376 publice

4 2379 8 2456 ζ
109 2393 162 2436 eos
185 2372 369 2437 uerberatos
392 2373 495 2438 securi
509 2375 645 2457 percuti,
669 2375 822 2440 inbellem
836 2377 1075 2442 multitudinem

108 2457 167 2522 sub
191 2478 311 2522 corona
331 2458 454 2523 uenire.
493 2479 588 2542 quam
604 2459 646 2524 ob
669 2481 796 2525 causam
811 2461 940 2546 Papiria
963 2462 1076 2544 tribus,
1091 2479 1117 2520 as

4 2695 6 2734 3
151 2726 157 2738 Ι
175 2665 191 2713 2
209 2657 325 2739 oor[pus
338 2694 369 2737 7
382 2658 521 2729 g]ladium
534 2664 564 2737 ct·
579 2659 706 2729 [demisit
717 2692 749 2701 -
763 2661 896 2784 ιιῐιὶιιεᾳὲ
909 2663 938 2717 A
973 2668 988 2716 6
1005 2663 1077 2744 falsat

4 2775 6 2792 ,
111 2726 781 2796 opmatronemscroA¹ss⁷lart1sprcnctat.A²‚
800 2744 850 2784 om.
897 2746 937 2789 cr.
973 2731 1076 2785 tolunn

4 2799 6 2814 ²
106 2794 232 2849 ueientid
249 2795 281 2848 irc
299 2810 353 2852 ros.
372 2795 467 2864 211114
485 2795 526 2848 ita
544 2794 641 2849 iniusti
658 2797 719 2866 21111
734 2804 765 2852 15
783 2797 832 2878 qpi
849 2799 876 2852 A
893 2798 988 2863 Halm,
1008 2800 1076 2879 quta

105 2861 253 2942 Eberhard
260 2878 291 2929 p.
304 2866 366 2928 158,
379 2863 403 2916 si
421 2862 470 2931 qui
484 2863 585 2918 Gens·
598 2863 608 2931 11
622 2869 653 2916 16
666 2865 763 2919 dolore
780 2879 833 2944 uos
841 2867 1032 2986 supprimimus
1043 2882 1076 2946 ‘l‘

105 2927 240 2984 Flectere.
252 2945 319 2985 aaa.
337 2933 409 2984 1886
421 2946 452 2998 p.
465 2933 507 2996 55,
526 2945 576 2985 om.
594 2931 621 2985 A
639 2931 749 3002 Holmll
765 2939 794 2988 18
812 2950 851 2989 m.
892 2951 971 2988 eurus
984 2935 1032 2998 (fla
1044 2951 1076 2988 m

106 2999 177 3063 ros.)
189 2997 226 3050 tr.
239 2997 278 3064 pl.
293 2998 332 3050 A*
343 2998 413 3056 Por.
426 3001 436 3066 1
451 3004 481 3053 12
494 2998 606 3054 rettulit
617 3000 688 3055 Por.
701 3001 797 3068 Halm,
811 3000 877 3054 tulit
889 3002 1056 3056 Perizonius
1067 3003 1076 3072 11

4 3061 5 3068 ’
107 3069 140 3118 2ο
158 3062 345 3119 rebellaturos
367 3066 395 3119 A
417 3071 443 3121 et
461 3066 541 3134 dett,
565 3067 631 3126 add.
655 3087 682 3122 n.
702 3068 888 3123 rebellassent
904 3083 999 3139 morpc
1017 3070 1045 3123 A
1062 3087 1076 3124 c

104 3132 189 3194 Por,
211 3131 362 3187 rebellatos
388 3133 474 3188 Halm
496 3150 558 3190 cum
575 3135 707 3191 Marcialio
730 3135 769 3190 ad
789 3135 846 3194 Uir.
869 3151 927 3205 epp.
952 3137 991 3192 ad
1007 3137 1076 3203 fam.

109 3198 192 3253 VIII
205 3202 237 3265 9,
259 3199 399 3254 rebellare
422 3203 642 3267 abscederent,
671 3219 710 3258 arr
731 3203 916 3257 rebellaturos
938 3220 1003 3258 usos
1026 3207 1076 3274 (se.

105 3282 202 3322 eorum
212 3266 356 3335 concilim?
370 3269 379 3338 11
393 3271 618 3340 cum<una>cum
633 3271 816 3349 probabiliter
830 3270 943 3338 Germ,
956 3272 1075 3328 aiterum

106 3351 169 3390 oum
187 3335 212 3393 ir.
231 3335 249 3390 i.
266 3349 317 3392 rios
333 3338 537 3406 suppleamur,
552 3344 617 3406 post
635 3339 771 3392 obsit1A²
788 3339 887 3405 Halm,
911 3345 961 3408 qui
982 3345 1074 3396 tumere

99 3408 163 3496 post
186 3402 306 3482 Romam
328 3407 439 3485 mauult
464 3405 567 3485 eddom
590 3408 600 3476 11
627 3412 660 3460 22
682 3405 823 3484 reliquiis,
850 3407 1071 3488 2222112111

104 3471 247 3608 iiriissii,
262 3471 325 3610 (iili
334 3473 588 3611 iffiiuiie'li'l
601 3475 772 3612 {iiiiii}
781 3473 948 3613 rifplliuii
959 3476 1074 3600 ²l'er'

868 3631 922 3685 29*
