2540 3950
435 147 502 202 VIII
522 157 553 206 10
563 151 679 207 -Vllll
698 158 722 206 7.
995 149 1060 216 605

92 312 244 372 consuluit
271 310 443 386 sibyllinos,
472 309 580 386 quibus
609 308 767 370 iubebatur
789 313 824 369 ut
844 311 881 369 ab
903 310 1057 386 Epidauro
1067 320 1185 362 vahla-1*

4 399 16 436 ²
92 396 291 471 Aesculapius
314 394 514 455 exhiberetur.
547 395 630 454 missi
652 394 746 470 legati
768 398 839 454 sunt
861 394 897 454 ad
914 393 1056 454 Graecam

4 485 15 522 ³
91 482 207 554 urbem,
230 498 305 556 quos
327 479 456 538 libenter
477 479 634 554 Epidaurii
657 482 745 554 atque
767 479 937 539 humaniter
959 499 1055 541 susce·

4 573 11 610 ³
92 568 209 642 parunt.
246 564 357 623 ibidem
380 583 411 623 se
433 565 540 640 legatis
563 582 685 639 serpens
708 564 840 624 ostendit
861 583 928 625 raro
952 565 989 624 ab
1010 565 1055 624 in·

4 659 8 696 ἰ
63 650 167 710 scolis
194 667 247 710 uec
272 649 331 710 nisi
358 648 485 708 feliciter
506 649 598 708 uisus.
635 666 759 724 cumque
781 667 835 723 per
857 649 992 708 triduum
1013 648 1056 708 fa·

4 747 6 778 1
92 735 251 794 miliariter
278 733 478 809 apparuisset,
509 733 624 793 cunctis
650 733 886 808 inspectantibus
909 733 1003 792 subiit
1024 734 1055 792 in

92 821 248 878 triremem
269 819 435 878 Romanam
467 823 500 876 et
532 818 563 876 in
599 817 789 878 tabernaculo
826 818 920 895 legati
953 817 1055 888 Quinti

7 942 12 950 ·
93 901 209 980 Ogulni
238 903 362 963 collecto
391 903 506 978 quieuit
532 903 613 962 orbe.
657 902 785 978 proiecti
811 901 936 962 Romam
970 907 1053 962 sunt:

4 999 7 1036 ί
94 988 201 1065 anguis
230 987 262 1047 in
283 987 354 1046 naui
376 1005 493 1062 semper
515 987 661 1063 apparuit.
699 987 825 1046 Antium
840 991 973 1058 uentum
996 990 1055 1046 est:

6 1085 12 1122 2
52 1093 79 1132 ro
94 1071 250 1132 descendit
271 1090 393 1148 serpens
416 1071 453 1129 ad
475 1071 566 1129 limen
589 1072 695 1147 templi
711 1071 882 1146 Aesculapii
905 1074 936 1130 et
957 1071 1056 1130 triduo

93 1158 173 1216 inter
195 1159 311 1234 myrtos
333 1156 422 1215 latuit
447 1174 502 1215 nec
525 1156 562 1214 ad
585 1156 689 1215 solitos
711 1156 792 1216 cibos
814 1157 968 1232 processit
1006 1156 1056 1214 de·

4 1257 7 1292 1
93 1243 163 1302 hinc
185 1243 277 1302 rediit
305 1240 342 1300 ad
364 1259 484 1313 nauem,
514 1258 639 1316 cumque
662 1243 787 1299 uentum
810 1244 888 1301 esset
909 1241 947 1300 ad
970 1240 1056 1299 Tibe·

94 1327 162 1400 rim,
186 1325 322 1386 enatauit
343 1327 377 1384 aba
391 1319 529 1398 insulam,
552 1325 664 1401 inqua
685 1324 731 1383 illi
752 1325 898 1400 templum
922 1330 967 1386 est
989 1344 1057 1385 con-

95 1411 244 1482 stitutum,
268 1413 300 1468 et
321 1428 389 1469 mox
412 1409 524 1468 sanitas
546 1409 688 1468 Romanis
711 1409 790 1471 data.

54 1513 81 1552 rs
159 1495 189 1554 4.
222 1493 332 1554 Furius
360 1492 502 1553 Camillus
524 1491 614 1553 Veios
648 1494 728 1568 cepit
754 1493 899 1568 iussitque
927 1495 1054 1552 statuam
1073 1499 1126 1560 8,3

94 1579 219 1638 Iunonis
242 1579 381 1637 Monetae
403 1577 571 1638 transferri.
608 1596 685 1638 unus
701 1596 716 1637 e
732 1577 879 1638 militibus
894 1597 947 1654 per
962 1578 1058 1638 iocum

4 1701 9 1738 5
94 1664 297 1740 interrogauit
325 1661 513 1722 simulacrum
546 1681 620 1720 num
648 1663 741 1722 uellet
774 1663 818 1722 ire
840 1662 976 1722 Romam.
1013 1681 1060 1721 re-

5 1745 6 1750 ’
95 1747 217 1824 spondit
239 1746 351 1806 ‘uolo'.
1082 1814 1084 1818 ,

161 1833 190 1894 5.
226 1831 302 1890 Tum
329 1850 395 1891 cum
423 1830 613 1891 Coriolanum
643 1834 737 1892 mater
764 1833 802 1892 ab
831 1833 914 1893 urbis
942 1832 1051 1892 Itomae
1071 1838 1122 1899 8‚4

54 1935 82 1975 ao
95 1917 249 1977 reuocauit
269 1916 393 1993 excidio,
416 1916 453 1975 ad
474 1917 613 1991 quartum
636 1917 765 1993 lapidem
787 1917 837 1976 uia
858 1916 967 1976 Latina
989 1917 1060 1976 For·

4 2065 5 2072 .
95 2006 186 2061 tunae
209 2001 324 2078 effigies
346 2001 392 2060 bis
413 2001 513 2060 locuta
535 2004 581 2062 est
602 2001 648 2061 his
671 2003 787 2062 uerbis:
816 2002 887 2061 ‘rite
907 2021 968 2076 me,
1000 2020 1060 2060 ma-

96 2092 211 2163 tronae,
234 2086 368 2157 dedistia
391 2085 449 2144 rite
471 2104 517 2144 me
541 2086 690 2146 dicastis'.

161 2173 189 2229 6.
223 2169 361 2229 Valerius
383 2169 537 2229 Publicola
565 2171 668 2230 consul
696 2171 811 2246 primus
839 2191 906 2231 cnm
934 2170 1057 2247 expulso
1075 2174 1127 2237 8,5

97 2255 170 2313 urbe
194 2253 354 2331 Tarquinio
383 2256 488 2313 contra
514 2255 656 2314 Etruscos
678 2254 878 2331 Veientesque
901 2257 1058 2332 pugnaret,

58 2354 115 2397 ase
137 2339 272 2414 proximo
295 2338 362 2396 luco
384 2338 488 2398 audita
510 2357 567 2398 nox
589 2342 649 2398 est:
685 2340 762 2398 ‘uno
785 2340 852 2415 plus
875 2341 993 2400 Etrusci
1015 2358 1061 2399 oa·

97 2424 178 2494 dent,
202 2423 352 2482 Romanus
375 2423 471 2481 uictor
491 2423 615 2482 abibit'.
639 2426 800 2499 utrumque
823 2443 928 2482 uerum
951 2425 1017 2488 suit.

161 2508 190 2566 7.
229 2505 320 2566 Gaius
349 2506 505 2566 Fabricius
533 2507 678 2568 Luscinus
706 2508 810 2568 consul
837 2510 868 2568 et
896 2509 1059 2584 imperator
1075 2513 1125 2574 8,ss

96 2593 275 2668 praecipuus
299 2590 439 2651 Thurinis
466 2592 576 2651 auxilio
605 2598 671 2651 aret
693 2597 798 2652 contra
820 2593 947 2652 Brittios
969 2593 1060 2653 lauca-

97 2695 218 2753 nosque.
253 2676 284 2735 id
302 2693 369 2734 cum
385 2675 531 2736 militibus
546 2677 688 2736 Romanis
703 2677 826 2736 arduum
842 2677 1006 2755 uideretur,
1028 2681 1063 2737 ut

58 2766 200 2820 utcontra
233 2761 305 2820 duas
339 2762 445 2836 gentes
475 2760 589 2820 ualidas
622 2761 890 2838 congrederentur,
925 2763 1063 2837 apparuit

98 2845 197 2906 subito
219 2844 335 2905 iuuenis
359 2846 490 2922 ignotus,
515 2845 552 2902 ad
573 2846 718 2906 uirtutem
740 2845 891 2906 Romanos
914 2847 1062 2905 exercitus

166 2997 182 3045 5
200 3008 252 3045 nec
269 2991 335 3048 add.
355 2991 438 3046 Gertz
451 3006 481 3059 p.
495 2994 550 3046 298
566 2992 576 3060 ΙΙ
593 2997 609 3046 8
628 2990 731 3114 Ogulni
762 2991 884 3061 burgoni
901 2993 911 3060 ΙΙ
929 2992 1062 3046 collectus

98 3057 208 3180 Hclmlp
221 3059 330 3125 quieuit
343 3058 418 3136 orbe.
431 3059 551 3137 profecti
563 3065 634 3114 recte
674 3066 730 3140 crte
746 3100 753 3126 ‚
772 3059 889 3137 quieuit.
906 3059 1061 3138 urbe'prof.

98 3125 154 3184 cod.
205 3127 277 3191 alm,
304 3127 420 3203 qurcmt
438 3126 504 3180 mdc
522 3129 592 3196 prof.
614 3127 710 3182 Obstat
728 3130 738 3197 ΙΙ
759 3143 867 3182 romans
879 3129 889 3196 ss
905 3134 935 3182 10
952 3129 1061 3197 trrprolt

4 3206 13 3222 .
101 3200 128 3246 11
149 3210 201 3248 nac
214 3202 246 3233 -'
258 3195 396 3262 procesut
412 3209 462 3249 osu.
481 3194 546 3248 Mai
558 3197 568 3264 ΙΙ
582 3201 613 3250 13
632 3197 759 3249 enatauit
775 3196 920 3263 insulamn
936 3201 966 3249 15
983 3209 1061 3248 cara-

97 3260 257 3339 illnsuelcs
270 3263 280 3329 11
293 3267 324 3339 lt
336 3277 395 3342 per
411 3261 502 3340 locum
516 3265 526 3331 ΙΙ
541 3271 570 3317 11
589 3265 667 3332 num]
688 3265 774 3342 Qumll
788 3270 819 3340 ¹.9
836 3262 1038 3316 cornnolanum
1050 3264 1060 3331 ΙΙ

97 3335 128 3382 ‘21
146 3330 201 3383 nte
219 3330 276 3397 me]
296 3331 418 3399 11111122
436 3330 566 3385 drcarunt
583 3332 652 3397 cod„
672 3331 816 3385 droan1st1s
833 3331 988 3400 1111111124
1006 3332 1063 3384 ter-

98 3397 327 3533 untur
345 3397 621 3533 auarus
634 3398 1064 3522 restauratur

97 3481 180 3590 3171111
197 3533 304 3588 monuit
324 3533 431 3590 (ἔθηκ’.
460 3533 496 3599 cs.
517 3533 644 3602 Foreetl.‚
664 3507 788 3590 Brhttios
805 3534 893 3589 Hal-m
983 3483 999 3535 q
1037 3483 1061 3536 q·
