2606 3952
205 211 266 277 118
618 208 687 268 ms.
705 209 754 269 111.

202 363 316 430 tellum
339 363 518 428 tonsorium
535 363 626 447 quasi
641 364 798 448 unguium
813 362 1060 430 resecandorum
1076 384 1174 430 causa
1283 381 1299 388 ·’

203 448 352 533 poposcit
374 469 475 533 eoque
499 448 587 512 uelut
608 447 693 513 forte
709 449 818 533 elapso
832 469 866 524 se
881 447 1075 513 uulnerauit.
1107 449 1171 514 cla·

202 553 291 598 more
313 532 428 598 deinde
449 533 640 598 ancillarum
662 534 698 597 in
713 533 894 598 cubiculum
909 536 1077 598 reuocatus
1092 531 1172 598 Bru·

202 620 254 682 tus
270 618 442 703 obiurgare
457 640 529 683 eam
544 620 667 702 coepit,
690 619 775 702 quod
789 618 927 683 tonsoris
941 618 1173 702 praeripuisset

175 702 353 768 sofficium.
399 703 451 768 cui
479 706 602 768 secreto
629 702 747 768 Porcia
769 710 855 768 ‘non
886 706 935 768 est
959 702 1040 768 hoc'
1063 703 1172 787 inquit

202 787 419 852 ‘temerarium
440 788 562 853 factum
585 809 707 871 meum,
735 789 847 852 sedin
868 787 928 852 tali
950 791 1036 853 statu
1058 792 1170 855 nostro

200 873 318 938 amoris
340 874 404 937 mei
433 893 509 956 erga
536 874 577 937 te'
592 873 806 938 certissimum
834 872 1002 937 indicium:
1031 873 1171 956 experiri

200 957 287 1021 enim
310 957 412 1038 uolui,
441 958 468 1022 si
489 956 550 1022 tibi
573 957 776 1043 propositum
798 978 913 1042 parum
940 979 980 1022 ex
1007 957 1170 1024 sententia

200 1041 364 1122 cessisset,
386 1062 483 1126 quam
505 1063 607 1127 aequo
629 1042 737 1108 animo
761 1064 811 1107 me
832 1042 920 1108 ferro
943 1063 1045 1108 essem
1068 1043 1168 1108 intor-

162 1147 187 1188 10
202 1128 375 1209 emptura'.

266 1210 315 1274 16.
353 1209 488 1274 Felicior
509 1211 664 1294 progenie
686 1233 744 1276 sua
765 1211 911 1295 superior
934 1211 1030 1295 (lato,
1061 1232 1166 1297 aquo

199 1293 331 1360 Porciae
358 1294 499 1359 familiae
525 1295 687 1380 principia
712 1299 897 1361 manarunt.
942 1296 997 1379 qui
1025 1316 1098 1364 cum
1128 1297 1167 1361 ab

198 1379 292 1444 hoste
312 1380 347 1444 in
362 1379 430 1444 acie
445 1379 653 1445 uehementer
667 1381 688 1461 †
703 1381 838 1464 paruulo
852 1384 1025 1465 peteretur,
1049 1381 1167 1467 uagina

222 1463 326 1529 ladius
348 1464 416 1530 eius
438 1465 566 1548 elapsus
588 1464 717 1532 decidit.
781 1465 855 1530 uem
878 1465 1056 1530 subiectum
1077 1486 1168 1550 proe-

159 1485 351 1615 uiantium
372 1549 469 1634 globo
493 1553 589 1633 atque
612 1548 754 1634 undique
793 1550 941 1615 ostilibus
956 1549 1091 1635 pedibus
1107 1551 1166 1616 cir·

198 1633 383 1702 cumdatum
405 1637 578 1719 postquam
601 1635 711 1700 abesse
734 1635 796 1699 sibi
818 1635 1064 1718 animaduertit,
1087 1634 1167 1699 adeo

197 1720 362 1785 constanti
376 1720 485 1784 animo
501 1719 535 1783 in
550 1741 641 1784 suam
656 1722 851 1804 potestatem
866 1719 999 1806 redegit,
1023 1719 1167 1785 utillum

196 1825 264 1869 non
286 1803 428 1887 periculo
451 1825 623 1887 oppressus
646 1825 775 1888 rapere,
799 1805 855 1870 sed
877 1807 965 1869 metu
979 1825 1101 1870 uacuus
1116 1825 1168 1869 su·

196 1909 281 1952 mere
304 1887 474 1954 uideretur.
518 1909 582 1974 quo
605 1890 787 1973 spectaculo
809 1888 946 1954 adtoniti
975 1888 1084 1954 hostes
1111 1910 1167 1973 po-

157 1976 285 2038 coetero
308 1973 360 2038 ὅθ
382 1973 421 2038 ad
444 1994 517 2038 eum
533 1973 692 2058 supplices
707 1995 818 2058 pacem
832 1976 978 2058 petentes
996 1977 1166 2040 uenerunt.

262 2058 313 2122 17.
347 2056 456 2144 Togae
477 2079 605 2143 quoque
627 2057 784 2122 fortitudo
805 2059 999 2124 militaribus
1014 2059 1165 2142 operibus

195 2141 367 2206 inserenda
389 2146 448 2227 est,
471 2144 546 2227 quia
562 2144 696 2208 eandem
710 2142 837 2209 laudem
851 2143 924 2209 foro
940 2147 1036 2228 atque
1052 2144 1166 2208 castris

196 2225 282 2291 edila
304 2230 454 2292 meretur.
504 2249 577 2292 oum
592 2228 640 2294 Ti.
657 2227 822 2293 Gracchus
844 2229 878 2292 in
900 2229 1070 2294 tribunatu
1092 2250 1165 2312 pro·

196 2311 369 2376 fusissimis
391 2311 619 2397 largitionibus
640 2312 755 2378 fauore
800 2312 890 2398 opuli
918 2318 1074 2397 occupato
1096 2335 1164 2378 rem

156 2395 357 2480 sspublicam
380 2410 566 2482 oppressam
588 2400 714 2462 teneret
735 2335 904 2482 paiamque
931 2397 1095 2464 dictitaret
1116 2399 1165 2464 in·

194 2484 354 2565 terempto
376 2485 490 2547 senatu
520 2483 629 2548 omnia
657 2503 715 2566 per
736 2483 864 2567 plebem
887 2483 941 2567 agi
969 2483 1101 2562 debere,
1130 2489 1164 2548 in

196 2564 304 2630 aedem
329 2565 420 2632 Fidei
441 2566 593 2632 Publicae
624 2568 793 2632 conuocati
815 2570 922 2651 patres
952 2568 1165 2651 conscriptis

196 2651 328 2716 consule
351 2649 458 2717 Mucio
480 2651 634 2718 Scaeuola
656 2651 812 2736 quidnam
834 2653 868 2716 in
891 2651 949 2717 tali
971 2655 1164 2736 tempestate

194 2734 379 2801 faciendum
406 2744 491 2801 esset
519 2736 754 2819 deliberabant,
787 2737 977 2819 cunctisque
1003 2737 1164 2802 censenti-
1212 2801 1224 2822 ‚

156 2837 182 2880 eo
195 2819 256 2886 bus
276 2825 313 2886 ut
334 2821 446 2887 consul
461 2823 559 2887 armis
573 2843 642 2886 rem
656 2822 819 2908 publicam
833 2825 986 2902 tueretur,
1010 2821 1164 2912 Scaeuola

263 2989 376 3058 clapso
392 2989 463 3043 Par.
484 2990 494 3058 ΙΙ
515 2997 531 3045 3
549 2990 679 3045 cubiculo
698 2991 768 3044 1111Ι
790 2992 800 3059 ΙΙ
821 2996 839 3044 4
856 2990 934 3059 cepit
950 2991 987 3044 A¹
1006 2991 1016 3059 ΙΙ
1034 2996 1049 3045 t
1067 2991 1163 3046 nostro

195 3059 317 3128 (extrem.
335 3072 351 3111 o
369 3056 402 3110 iss
419 3059 486 3126 ros.)
504 3057 531 3110 L
543 3059 582 3127 118
600 3057 743 3113 uoluistibi
763 3058 867 3126 L¹A¹ll
886 3065 915 3111 11
934 3057 1073 3128 progenis
1089 3058 1126 3112 A¹
1148 3058 1161 3127 ll

196 3130 228 3180 13
247 3123 409 3179 uehementi
431 3125 544 3193 tragula
568 3140 663 3196 maroc
679 3127 720 3192 A,
745 3126 921 3180 uehementis
941 3125 991 3195 plii
1009 3127 1054 3192 A²,
1077 3125 1163 3180 uehe-

194 3194 306 3247 menter
320 3190 429 3261 percito
443 3192 577 3260 Veratius,
596 3210 622 3248 u.
635 3193 749 3262 sparulo
761 3193 937 3258 Perizonius,
955 3211 983 3246 u.
996 3192 1163 3262 praecalido

194 3257 326 3314 Focrtscb
343 3260 364 3312 1
377 3265 423 3326 11,
448 3278 474 3314 u.
494 3261 638 3330 perculsus
656 3261 753 3316 Helles
769 3261 802 3315 ia
818 3261 920 3318 Pbs'lol.
939 3264 1010 3315 1868
1023 3277 1052 3328 p.
1070 3264 1121 3316 345
1140 3267 1165 3318 et

195 3326 301 3381 Blcum
314 3342 344 3393 p.
358 3331 394 3382 36
425 3345 451 3382 u.
487 3329 611 3383 erculsus
628 3328 773 3382 laberetur
787 3328 908 3398 Weaslry
915 3344 946 3395 p.
959 3332 985 3396 6,
1004 3346 1031 3388 ιι,
1042 3329 1163 3398 paruulo

195 3394 252 3462 (ex
269 3369 441 3465 interuallo)
495 3395 564 3450 ovat
581 3396 654 3474 Liar.
673 3395 726 3450 XI
735 3411 766 3464 p.
785 3399 805 3450 2
826 3397 836 3463 {l
862 3403 892 3450 14
914 3396 1116 3465 praeliantium
1137 3397 1165 3450 L

196 3461 208 3530 ll
232 3466 264 3515 18
282 3464 359 3516 metu
391 3465 560 3531 1161111111
579 3480 628 3532 qm
646 3462 745 3518 eadem
763 3463 848 3517 laude
867 3464 947 3520 L¹A¹
959 3465 1026 3586 pas
1043 3465 1064 3518 t.
1084 3480 1164 3534 grac·

195 3527 264 3652 chps
277 3529 340 3650 11114
369 3532 373 3598 Ι
397 3535 430 3584 14
452 3533 594 3600 aucupato
610 3531 729 3600 Lipsius
749 3532 759 3600 u
781 3537 813 3588 18
830 3531 943 3586 soeuola
1018 3533 1083 3600 1130
1103 3549 1162 3590 sce·

195 3612 262 3652 uos

212 3842 358 3912 A
