2606 3952
474 147 776 216 saevust-10.
874 135 878 138 ’
1064 155 1105 221 87

133 323 242 387 neque
257 301 317 366 hac
338 322 371 366 re
387 301 544 368 seueritas
561 301 669 387 Papiri
691 303 849 368 refrenari
870 307 987 388 potuit.
1024 310 1106 373 cete·

136 409 221 470 rum,
245 407 318 451 cum
341 386 382 450 ab
397 387 557 452 uniuersis
574 387 698 453 ciuibus
720 392 752 453 et
770 389 849 472 ipsis
864 389 1003 455 tribunis
1018 391 1104 475 plebi

133 493 152 536 r
196 475 320 548 aretur,
347 473 484 569 testatus
506 476 611 571 estas
633 495 769 558 poenam
791 473 882 538 illam
903 496 979 574 uon·
994 475 1104 560 Fabio,

137 578 174 623 θ
202 555 989 727 9pupulpugt]uterrgpppplrpleiugoppppiepgnppltesctpprl
1004 645 1040 709 in
1056 644 1132 711 ste

137 727 214 792 cilia
237 725 356 791 bellum
385 727 538 792 aduersus
560 727 717 813 fugitiuos
738 731 867 813 gereret
888 732 920 793 et
943 729 977 799 0.
1001 730 1106 795 Titius

136 812 282 896 equitum
320 811 502 894 praefectus
536 812 774 898 [fugitiuorum]
809 813 1016 879 multitudine
1048 814 1105 880 bo·

135 899 235 962 stium
262 895 500 962 cucumuentus
527 918 617 964 arma
643 899 684 963 iis
709 898 907 978 tradidisset,
935 897 985 964 his
1013 919 1105 984 prae·

137 981 261 1046 fectum
296 980 494 1078 ignominiae
527 982 699 1067 generibus
732 982 867 1048 adfecit:
905 984 1000 1048 iussit
1031 1005 1104 1048 eum

134 1070 213 1152 toga
228 1065 354 1130 laciniis
369 1065 501 1131 abscisis
516 1067 669 1132 amictum
684 1067 903 1152 discinctaque
923 1068 1035 1134 tunica
1056 1069 1104 1133 in·
1118 1087 1144 1128 m

134 1152 249 1218 dutum
269 1151 366 1214 nudis
390 1151 567 1234 pedibusa
594 1173 688 1217 mane
717 1153 751 1216 in
778 1157 908 1218 noctem
936 1175 1035 1238 usque
1062 1153 1104 1218 ad

16 1253 17 1256 ’
135 1235 298 1323 principia
318 1257 376 1318 per
398 1257 494 1300 omne
523 1239 649 1320 tempus
677 1237 813 1302 militiae
841 1236 962 1304 adesse.
1005 1239 1104 1304 inter·

16 1706 17 1710 ,
133 1665 204 1726 tum
219 1666 279 1742 est,
304 1662 455 1743 quoniam
471 1660 526 1744 qui

136 1322 219 1386 dixit
241 1321 338 1386 etiam
361 1320 391 1384 ei
413 1321 598 1385 conuictum
615 1321 783 1387 hominum
797 1344 953 1407 usumque
975 1324 1105 1389 balnea·

132 1429 216 1485 rum,
233 1408 418 1489 turmasque
431 1407 587 1489 equitum,
603 1406 717 1491 quibua
734 1409 925 1490 praefuerat,
941 1409 1102 1492 ademptis

135 1492 227 1575 equis
249 1491 284 1554 in
299 1490 499 1555 funditorum
521 1490 589 1554 alas
611 1492 822 1574 tranmripsit.
854 1513 1009 1577 magnum
1031 1509 1142 1576 pro-1⁵

134 1577 222 1641 fecto
237 1575 372 1640 dedecus
387 1575 510 1659 patriae
528 1575 599 1724 pari
618 1575 938 1725 &milui-‘lfflfflffm
953 1577 1103 1724 'Uindill-

549 1681 627 1724 emr
664 1681 716 1745 egr
774 1682 878 1741 rs0,u
929 1683 962 1724 ur
981 1682 1056 1726 cu1
1091 1698 1103 1710 ·

135 1750 204 1812 tate
226 1746 312 1810 uitae
327 1744 456 1821 adducti
478 1766 571 1810 cruce
587 1745 784 1831 dignissimis
799 1683 948 1830 fugitidls
970 1683 1103 1829 trogaea

134 1831 230 1895 dese
253 1834 391 1894 statuere
415 1835 641 1896 concesserant
668 1829 872 1914 libertatique
895 1851 970 1895 suae
993 1830 1102 1896 seruili

134 1937 233 1980 manu
269 1914 466 1998 flagitiosum
498 1915 612 1999 inponi
648 1915 758 2001 iugum
791 1937 858 1980 ιιοιι
896 1916 1099 1994 erubuerant,
1114 1935 1141 1976 ao

134 2021 276 2066 amarum
298 1999 379 2064 lucis
401 2021 494 2064 usum
516 2001 736 2084 experirentur
758 2003 974 2084 mortemque,
1007 2021 1103 2086 quam

136 2086 318 2151 effeminate
339 2085 524 2166 timuerant,
547 2084 685 2150 uiriliter
707 2090 869 2170 optarent.

200 2170 249 2234 10.
271 2168 341 2236 Nec
363 2169 470 2234 minus
492 2167 610 2235 Pisone
632 2170 748 2234 acriter
770 2170 808 2246 Q.
830 2169 990 2235 Metellus.
1036 2171 1102 2257 qui,

194 2393 210 2440 2
222 2387 328 2443 tribuni
338 2389 373 2442 Α1
388 2389 398 2457 l
410 2388 502 2458 plebia
512 2387 588 2443 L²A¹
601 2390 612 2458 l
624 2395 641 2443 4
652 2389 803 2444 tribunicio
816 2387 880 2444 dett.
888 2389 984 2470 pauci,
996 2389 1101 2447 tribum

136 2458 197 2527 (aie)
216 2455 300 2522 L¹A,
318 2455 431 2510 tribune
449 2455 492 2521 B,
510 2457 689 2511 tribunorum
700 2457 739 2510 L¹
757 2463 783 2511 et
799 2457 901 2525 rela'qua
920 2457 984 2512 dett.
1006 2459 1015 2526 ΙΙ
1037 2463 1052 2510 6
1071 2455 1104 2512 O.

134 2527 212 2592 Par,
231 2539 283 2581 om.
296 2523 356 2579 LA
368 2525 377 2593 ΙΙ
391 2530 406 2579 7
424 2523 563 2605 equitum]
582 2524 604 2579 I.
615 2524 648 2578 P.
660 2525 769 2581 sociorri
784 2539 878 2595 marpo
889 2525 917 2580 A
929 2541 942 2580 e
953 2525 1024 2582 Par.
1036 2525 1046 2592 l
1058 2524 1101 2579 fu-

134 2591 433 2663 muneremunere
454 2597 557 2648 recena
573 2609 608 2647 m.
625 2592 710 2658 faetta
730 2594 867 2658 actatum)
886 2594 926 2659 A,
949 2607 1000 2648 om.
1019 2594 1101 2661 Par,

134 2677 184 2716 aas
208 2660 373 2714 taeterrimus
396 2661 406 2729 ΙΙ
431 2664 446 2713 8
478 2660 592 2714 armatis
624 2661 787 2716 tradidisset
813 2660 901 2726 LA¹‚
932 2677 961 2716 se
988 2662 1102 2715 armatis

133 2729 206 2783 trad.
224 2728 271 2792 A’,
296 2728 363 2782 add.
381 2727 401 2781 Ι.
422 2726 452 2786 Ρ.
470 2727 522 2781 sub
540 2728 638 2798 iugum
656 2744 685 2782 se
703 2728 780 2783 mitti
797 2743 896 2798 passus
915 2729 990 2782 esset
1006 2742 1102 2798 murac

134 2800 161 2850 A
180 2813 193 2851 e
210 2796 293 2860 Par„
318 2811 389 2864 quae
407 2794 551 2874 desumpta
570 2801 637 2850 auct
656 2812 670 2850 e
686 2813 734 2851 uu.
753 2811 824 2864 quae
841 2811 911 2864 seqq.
929 2794 1101 2865 flagitiosum

133 2863 231 2934 inponi
247 2863 346 2934 iugum
367 2864 378 2933 ΙΙ
398 2870 414 2917 9
433 2862 516 2917 adfici
527 2864 614 2923 iussit.
644 2862 714 2918 Cum
731 2865 800 2932 toga
818 2864 890 2928 LA,
914 2879 962 2921 em.
980 2862 1103 2932 Pupulus

141 2935 151 3002 ΙΙ
174 2939 206 2987 10
229 2931 343 2986 abscisis
360 2933 400 2985 A*
421 2931 505 2993 Par„
534 2931 664 2986 abscissis
687 2932 756 2986 LA¹
783 2932 792 3001 ΙΙ
819 2931 983 2999 discinctaq.
1006 2945 1101 3000 marpc

133 3001 162 3055 A
179 3017 192 3054 e
209 3000 292 3065 Pau,
316 3001 473 3067 decinctaq.
491 2998 550 3052 LA
575 3000 584 3068 ΙΙ
610 3005 641 3052 12
664 3000 776 3054 adesset
794 2999 864 3053 LA¹
886 3001 896 3066 ΙΙ
920 3005 951 3054 13
970 2999 1101 3053 conuictu

134 3069 208 3123 hom.
225 3083 335 3136 usuque
357 3072 440 3131 recte,
467 3071 499 3122 ut
520 3067 595 3132 uid,
617 3067 722 3122 Blaum
736 3083 766 3135 p.
784 3071 818 3122 34
840 3067 899 3122 coll.
918 3066 978 3120 III
991 3070 1022 3132 5,
1039 3069 1059 3120 2
1076 3071 1102 3121 et

137 3135 220 3191 VIII
233 3140 299 3198 6‚1
324 3136 333 3204 ΙΙ
359 3142 390 3189 15
411 3135 590 3212 transcripsit
610 3137 638 3189 A
660 3139 729 3192 Par.
752 3139 777 3190 et
805 3137 835 3204 (n
856 3149 878 3189 s.
895 3133 924 3202 l.)
943 3133 984 3200 L,
1010 3136 1102 3188 trans·

134 3205 244 3283 scripsit
260 3203 348 3258 Halm
371 3204 381 3272 ΙΙ
406 3208 437 3256 16
460 3205 570 3271 patriae
587 3201 651 3272 pari
672 3204 794 3258 sontium
816 3217 878 3267 reor,
903 3200 1000 3270 pariae
1019 3206 1099 3267 (corr.

153 3289 195 3328 arr
211 3272 255 3337 ὀ),
278 3270 420 3342 pisonium
437 3270 477 3336 A,
496 3271 592 3340 pariae
609 3272 730 3340 pisonu*
747 3270 795 3338 L1,
815 3271 924 3339 patriae
963 3269 1042 3324 isono
1061 3269 1101 3323 Ι)

133 3289 152 3409 ll
173 3347 205 3395 17
229 3340 272 3394 est
289 3339 316 3393 L
338 3345 364 3394 et
391 3339 455 3394 dett.
475 3353 555 3404 cnm,
576 3354 627 3397 om.
650 3339 679 3392 A
700 3339 802 3404 Halm,
823 3354 852 3392 u.
870 3337 909 3391 N.
922 3285 962 3461 §I
977 3355 1006 3406 p.
1024 3340 1069 3392 23-
1084 3337 1097 3418 [l

135 3415 166 3464 18
184 3407 349 3478 dignissima
366 3407 426 3460 LA
438 3409 447 3476 ss
460 3406 581 3475 trophea
598 3406 656 3460 LA
673 3407 683 3474 ΙΙ
701 3413 733 3460 22
750 3405 905 3460 timuerant
944 3410 988 3464 etr.
1004 3421 1100 3474 pauca,

133 3477 289 3600 timperunt
306 3475 365 3528 LA
390 3476 399 3544 ΙΙ
424 3482 456 3530 23
474 3474 605 3529 metellus
622 3475 691 3530 Par.
711 3479 737 3537 et¹
752 3474 786 3528 ia
803 3490 856 3530 rus.
875 3474 915 3540 A,
938 3475 1055 3528 messius
1072 3473 1101 3528 L

136 3551 161 3600 et
199 3549 244 3600 ett.
263 3559 333 3600 uma.
869 3579 872 3590 .
