2604 3960
211 181 271 246 170
616 178 684 233 ma.
702 177 765 232 1111.

206 333 253 397 tia
268 334 398 396 senatur
413 330 602 396 relationem
617 330 781 414 interponi
794 329 934 412 iubebat,
950 332 986 394 ut
1000 329 1173 414 praetoriis

206 417 346 482 comitiis
361 420 451 480 extra
467 416 613 480 ordinem
628 415 711 479 ratio
733 416 800 478 eius
816 414 995 488 haberetur.
1032 414 1087 479 sed
1104 415 1173 498 ipse

206 502 239 565 id
253 501 323 565 fieri
338 521 451 585 pascus
473 521 540 565 non
564 504 622 578 est,
645 499 792 583 iniquum
813 520 881 564 esse
898 498 1070 563 adfirmans
1088 498 1174 584 quod
1245 507 1260 530 “

205 585 288 650 nulli
311 587 366 650 alii
380 586 574 650 tribueretur
589 584 651 649 sibi
667 584 804 667 decerni,
829 605 866 648 ac
888 584 1022 667 nequid
1044 583 1081 648 in
1102 604 1173 666 per-

179 686 288 736 ⁶sona
304 693 362 736 sua
375 673 557 749 nouaretur,
579 671 790 752 campestrem
806 667 942 752 experiri
956 669 1173 734 temeritatem

206 776 311 904 qualib
325 752 1090 904 clliilaeeriitieliiiiciiiariitinihifiuesxeersnieladlliiirisirc
1119 857 1173 902 co-

205 925 299 989 nanti
313 889 359 988 Μ.
376 923 511 989 Bibulus
533 924 584 987 uir
606 923 821 1006 amplissimae
845 859 1012 1008 dignitatis
1034 927 1067 987 ct
1088 943 1173 986 aum·

205 1009 265 1073 mis
294 1007 469 1073 honoribus
499 1007 632 1072 functus
653 1028 770 1072 manus
792 1007 893 1072 inicit.
938 1006 1008 1090 qui,
1037 1027 1110 1071 cum
1137 1007 1171 1070 in

168 1108 193 1150 ιο
207 1093 300 1176 Syria
334 1091 502 1176 prouincia
534 1094 728 1174 moraretur,
763 1091 842 1156 duos
874 1091 1022 1175 egregiae
1054 1091 1172 1156 indolis

204 1177 286 1240 filios
319 1197 393 1274 suos
421 1198 440 1240 a
470 1176 660 1274 Gabinianis
692 1176 848 1241 militibus
877 1175 1020 1273 Aegypti
1050 1176 1171 1273 occisos

205 1263 376 1429 tutti
390 1261 1173 1430 tllttlttttltbttl?hiltrih

205 1429 268 1494 trio
285 1451 342 1494 suo
358 1431 509 1515 exigeret.
534 1433 569 1494 at
583 1430 638 1494 ille
654 1430 763 1495 oblato
779 1429 946 1512 beneficio,
970 1450 1032 1513 quo
1046 1429 1172 1494 nullum

168 1531 193 1572 15
206 1514 308 1579 maius
330 1515 457 1603 lugenti
483 1515 582 1580 tribui
610 1518 753 1598 poterat,
786 1514 928 1580 dolorem
958 1515 1173 1579 moderationi

205 1601 316 1665 cedere
347 1601 454 1686 coegit
481 1599 709 1684 carnificesque
732 1599 900 1684 sanguinis
920 1599 970 1663 sui
992 1599 1131 1664 intactos
1154 1619 1172 1664 e

203 1686 341 1770 uestigio
364 1685 405 1751 ad
428 1684 632 1768 Cleopatram
653 1684 762 1748 reduci
783 1683 890 1764 iussit,
919 1683 1054 1748 dicendo
1083 1686 1173 1768 pote·

204 1771 329 1919 {Zapppp
340 1770 437 1835 huius
459 1769 622 1834 uindictae
644 1790 711 1833 non
737 1789 840 1846 suam,
871 1767 925 1832 sed
948 1771 1079 1833 sanatus
1102 1789 1171 1832 esse

165 1969 191 2010 20
267 1955 343 2020 Eat.
363 1956 390 2022 1.
413 1953 606 2018 Tarentinus
622 1953 794 2038 Archytas,
818 1953 893 2018 dum
916 1974 949 2017 se
968 1951 1171 2037 Pythagorae

204 2038 383 2122 praeceptis
399 2037 579 2121 Metaponti
595 2038 724 2122 penitus
742 2039 903 2122 inmergit,
927 2057 1045 2120 magno
1060 2037 1171 2102 labore

204 2123 365 2207 longoque
382 2127 525 2206 tempore
544 2123 683 2188 solidum
704 2144 783 2206 opus
798 2122 964 2187 doctrinae
986 2121 1171 2206 conplexua

204 2211 373 2292 postquam
396 2208 431 2271 in
456 2208 595 2290 patriam
622 2209 756 2272 reuertit
782 2229 819 2272 ac
846 2229 921 2271 rura
947 2227 1003 2270 sua
1030 2208 1171 2272 reuisere

205 2293 324 2375 coepit,
355 2291 584 2357 animaduertit
610 2293 818 2377 neglegentia
839 2292 929 2357 uilici
959 2294 1110 2374 corrupta
1139 2295 1172 2356 et

165 2389 190 2430 ²⁵
203 2377 330 2459 perdita
350 2376 543 2461 intuensque
571 2378 654 2441 male
680 2376 830 2442 meritum
860 2375 1093 2461 ‘sumpsissem'
1122 2376 1172 2440 in·

203 2464 274 2544 quit
296 2469 328 2526 ‘a
343 2465 376 2526 te
390 2462 593 2545 supplicium,
615 2462 679 2525 nisi
697 2461 758 2526 tibi
778 2463 879 2526 iratus
900 2467 1029 2525 essem':
1054 2460 1171 2525 maluit

203 2547 288 2610 enim
310 2547 493 2630 inpunitum
516 2546 676 2610 dimittere
699 2567 793 2630 quam
816 2549 946 2630 propter
973 2546 1056 2610 iram
1084 2547 1170 2610 iusto

202 2632 334 2715 grauius
356 2633 478 2715 punire.
816 2658 822 2667 ·

266 2717 296 2780 2.
325 2713 431 2780 Nimis
459 2715 599 2782 liberalis
626 2714 790 2800 Archytae
819 2713 1013 2794 moderatio,
1047 2716 1168 2797 tempe·

123 2802 126 2810 '
163 2815 191 2858 ³0
204 2801 304 2867 ratior
328 2799 489 2868 Platonis:
517 2822 594 2865 nam
622 2821 694 2865 cum
723 2801 878 2867 aduersus
907 2798 1056 2863 delictum
1084 2798 1170 2863 serui

272 3027 284 3074 1
304 3020 333 3076 l'.
352 3021 516 3075 dilationem
534 3033 628 3088 marpo
646 3022 674 3073 A
686 3020 724 3088 112
742 3035 771 3073 se
790 3018 850 3087 ipae
868 3017 949 3071 L¹A¹
964 3017 973 3085 ll
986 3023 1002 3073 3
1015 3016 1169 3071 adfirmans

203 3090 245 3155 (ns
263 3091 295 3142 ie
314 3094 381 3152 ras.)
400 3089 436 3152 L,
458 3087 612 3141 adfirmatis
629 3088 666 3141 A*
681 3089 719 3166 llo
736 3086 888 3140 noceretur
904 3086 942 3139 Α1
957 3086 995 3154 [16
1014 3084 1086 3138 dixit
1102 3085 1140 3138 Α1
1155 3089 1170 3158 Η

203 3162 217 3209 'l
231 3158 344 3211 conanti
356 3157 402 3222 (nl
414 3157 447 3211 ia
458 3157 526 3222 roa.)
538 3156 574 3220 L,
595 3157 689 3209 conati
701 3154 737 3207 Α1
752 3156 762 3222 ΙΙ
775 3161 790 3208 8
803 3153 916 3207 uibulus
934 3152 1003 3206 LA¹
1016 3153 1026 3222 ll
1042 3158 1071 3207 10
1080 3157 1169 3220 prcus*

203 3222 230 3276 L
242 3225 251 3291 ΙΙ
263 3227 421 3279 moreretur
437 3225 475 3277 Αι
488 3225 498 3292 ΙΙ
510 3221 612 3276 indolis
631 3223 666 3291 (is
682 3223 715 3276 ia
732 3224 803 3288 raa.)
815 3222 842 3275 L
855 3221 865 3290 ΙΙ
880 3228 908 3274 11
922 3221 952 3274 in
964 3237 997 3275 ae
1057 3222 1088 3274 to
1099 3221 1169 3278 Par.

204 3291 216 3357 ll
231 3292 351 3346 occissoe
369 3291 407 3344 L¹
423 3291 435 3360 ΙΙ
453 3297 484 3344 14
502 3290 579 3345 nulli
604 3293 632 3356 (t
654 3290 686 3343 ia
703 3290 770 3358 rae.)
793 3289 821 3342 L
837 3289 847 3357 ΙΙ
867 3294 898 3342 15
917 3288 1013 3342 dolore
1063 3290 1069 3323 ¹
1087 3291 1097 3360 ΙΙ
1115 3290 1170 3347 titt.

201 3358 272 3411 ttoni
290 3360 389 3414 cedere
407 3359 440 3412 tn
457 3373 511 3413 rac.
532 3358 568 3424 A,
588 3357 657 3412 cede
682 3359 761 3424 (corr.
784 3373 819 3415 m.
837 3359 857 3411 2
879 3355 980 3428 cedem)
1006 3356 1033 3411 L
1050 3357 1060 3424 ll
1077 3364 1110 3412 20
1128 3374 1171 3412 ar·

202 3425 292 3480 obitas
309 3427 359 3496 Ln
390 3427 526 3496 ytagorae
544 3425 604 3480 LA
616 3426 625 3494 ll
639 3430 668 3478 21
689 3425 820 3494 paenitus
839 3422 990 3478 LAPar.¹
1004 3424 1060 3493 {124
1077 3425 1167 3496 negli-

202 3492 300 3560 gentia
316 3494 355 3548 L²
367 3443 422 3561 litt
435 3492 522 3562 enim]
542 3509 581 3547 aa
599 3491 685 3546 eum?
702 3492 869 3547 Perisonc'ua
881 3493 891 3560 ΙΙ
904 3498 936 3547 30
948 3508 1013 3546 cum
1030 3491 1166 3547 aduersas

201 3559 241 3612 A*
257 3562 338 3630 Par„
359 3575 507 3614 conuersus
526 3561 561 3627 L,
582 3576 647 3613 cum
664 3576 762 3614 uersus
781 3561 818 3612 ΑΙ
