2550 3958
246 170 309 236 478
483 167 552 224 LIB.
569 167 591 222 Ι.
626 165 704 226 csP.
723 164 901 234 s,5-csP.
916 172 979 230 o,1.

211 335 228 386 t
309 325 422 386 Marius
450 343 467 385 a
495 327 600 385 senatu
620 324 716 384 hostis
738 323 887 384 iudicatus
909 324 1136 389 animaduertit
1156 331 1213 390 asel-

243 411 324 486 lum,
341 427 408 472 oum
423 411 451 470 ei
466 409 610 487 pabulum
626 409 832 486 adponeretur,
847 410 988 486 negleoto
1004 429 1042 470 eo
1059 413 1103 473 ad
1119 433 1210 490 aquen

245 497 483 573 procurrentem.
518 511 578 570 quo
601 493 771 569 spectaculo
793 496 892 554 motus
916 498 1041 571 sarepta
1061 516 1084 558 a
1100 499 1210 559 Mintur·

244 580 388 642 rensibus
409 599 487 640 naue
508 578 642 638 Africum
664 578 764 653 petiit.

210 676 226 726 e
307 665 467 743 Pompeius
494 663 623 740 Magnus
652 663 752 723 niotus
781 661 945 722 aCeesare
973 666 1006 723 et
1034 665 1073 724 in
1096 667 1225 727 insulsus

245 749 378 828 Cyprum
405 751 594 808 transuectus
623 747 838 807 animaduertit
868 746 901 806 in
929 747 1022 808 litore
1052 753 1211 827 speciosum

244 833 411 895 aedifiuum
432 833 723 911 gubernatoremque
745 832 946 908 interrogauit
966 833 1053 908 quod
1071 837 1103 895 ei
1116 856 1212 897 nomer

243 922 332 980 esset.
361 920 414 995 qui
434 917 592 993 respondit
605 914 842 995 Κατωβασίλεια.
871 935 947 992 quae
968 936 1031 977 uox
1046 937 1141 996 spem
1163 922 1212 981 eius
1236 983 1237 998 χ

242 1004 543 1081 quantulamcumque
565 1001 683 1062 minuit.

209 1102 224 1151 7
305 1088 347 1148 Μ.
369 1087 483 1148 Brutus
504 1087 575 1163 post
595 1085 788 1162 parrioidium
817 1082 1030 1146 incesseram
1052 1089 1233 1151 admissum»

242 1173 373 1234 natalem
404 1190 490 1233 suum
521 1171 688 1246 celebrans,
720 1189 788 1230 oum
809 1168 957 1230 Graecum
976 1191 1110 1233 uersum
1132 1176 1214 1235 uellet

242 1275 429 1334 expromere,
452 1257 531 1316 buno
553 1256 745 1331 potissimum
766 1255 856 1313 dixit:
880 1248 954 1313 ἄλλά
975 1275 1013 1331 με
1029 1254 1138 1336 Μοῖρ’
1157 1250 1213 1333 ὀλοὴ

241 1339 293 1401 καὶ
314 1339 436 1418 Λητοῦς
459 1337 583 1400 ἔκτανεν
604 1332 679 1410 υἱός.
708 1358 743 1400 eo
765 1343 866 1398 autem
889 1340 951 1414 die,
976 1358 1037 1415 quo
1059 1345 1171 1420 periit,
1191 1346 1215 1402 in

242 1427 347 1489 eastris
370 1426 502 1488 Caesaris
531 1425 679 1484 militibus
708 1425 829 1501 signum
851 1423 1000 1500 Apollinis
1031 1429 1082 1486 est
1109 1429 1214 1488 datum.

210 1524 226 1574 9
309 1511 434 1572 Petilius
456 1528 536 1571 oons.
559 1511 591 1570 in
613 1509 739 1586 Liguria
760 1508 874 1568 bellum
896 1527 1018 1584 gerens,
1043 1529 1121 1572 enm
1144 1525 1233 1573 mon-'-=

242 1599 304 1657 tem
336 1596 458 1656 nomine
480 1594 590 1654 Letum
623 1594 828 1671 obpugnaret,
861 1593 941 1653 iuter
971 1593 1215 1658 adhortationem

242 1681 373 1742 militum
395 1680 471 1739 dixit
493 1679 597 1739 ‘hodie
619 1697 674 1755 ego
695 1678 805 1738 Letum
827 1677 970 1754 oapiam'.
1013 1697 1073 1739 neo
1099 1682 1215 1761 longius

241 1766 387 1843 prooessit
409 1783 512 1825 omen:
536 1763 787 1824 inconsideratius
810 1762 891 1822 enim
912 1762 1095 1838 proeliando
1114 1767 1215 1828 fortui-

241 1853 306 1911 tum
328 1851 410 1910 uocis
431 1848 585 1926 prolatum
605 1849 667 1908 leto
690 1864 744 1907 suo
767 1847 965 1907 confirmauit.

189 1946 243 1990 nrt.
310 1934 403 1996 Samii
423 1933 638 1994 Prienensibus
660 1932 803 1992 auxilium
825 1932 968 1990 aduersus
991 1929 1087 1994 Carae
1115 1941 1231 2012 poten-s

210 2004 221 2050 ¹
241 2020 324 2080 tibus
346 2020 378 2078 in
400 2019 531 2080 derisum
553 2018 693 2094 sibyllam
714 2017 876 2089 miserunt,
904 2015 980 2076 beno
1001 2035 1060 2092 pro
1084 2024 1216 2084 exercitu

241 2122 276 2163 so
305 2104 397 2164 classe
425 2103 594 2164 offerentes.
639 2120 698 2179 qua
725 2100 799 2162 duos
824 2100 873 2161 usi
893 2099 1074 2163 Prienenses
1106 2105 1216 2169 bellun

239 2190 530 2252 eonsummauerunt.

206 2288 221 2337 2
304 2272 514 2350 Apolloniatae
536 2271 615 2332 bello
629 2271 751 2348 Illyrioo
766 2269 861 2346 pressi
875 2268 1075 2346 Epidamnios
1100 2279 1144 2336 ut
1168 2275 1218 2338 sibi

238 2375 325 2433 opem
346 2356 460 2417 ferrent
482 2358 652 2417 orauerunt.
697 2355 749 2431 qui
770 2354 896 2413 fluuium
917 2353 1035 2415 Aeanta
1058 2374 1093 2417 se
1120 2363 1170 2422 eis
1193 2363 1242 2434 ins}

238 2441 423 2502 adiutorium
450 2443 593 2503 missuros
621 2440 770 2501 direrunt.
814 2439 913 2498 omine
940 2441 1063 2515 eccepto
1088 2442 1219 2522 Apollo.

237 2527 337 2587 niatae
361 2526 416 2586 deo
438 2525 534 2586 ueluti
557 2526 630 2585 duee
652 2524 801 2600 praesenti
823 2524 870 2583 usi
892 2524 1039 2584 uicerunt.

573 2693 627 2752 DE
649 2689 867 2754 PRODIGIIS.

188 2811 238 2880 6,1
305 2795 382 2857 Cum
397 2796 461 2857 Ser.
477 2795 575 2855 Tullio
599 2795 760 2854 dormienti
780 2795 871 2869 eaput
886 2793 988 2854 ardere
1003 2793 1109 2853 uisum
1129 2803 1219 2872 esset,

237 2882 386 2959 Tanaquil
409 2880 556 2941 admirato
578 2898 646 2942 eum
668 2883 703 2939 ut
723 2879 818 2939 filium
833 2879 974 2940 eduoeuit
988 2880 1020 2937 et
1034 2879 1075 2937 ad
1092 2886 1218 2962 regium
1229 2913 1241 2932 ω

236 2966 392 3044 fastigium
414 2964 522 3026 suerit.

304 3084 356 3133 3a
372 3081 506 3132 om.m.1
527 3079 537 3146 [1
558 3077 666 3146 4petit
685 3078 695 3145 ΙΙ
716 3076 1083 3145 sununsmrnssslaars
1107 3079 1119 3147 fl
1144 3098 1218 3136 oron

234 3163 284 3201 nr
303 3153 325 3211 (ι
338 3146 462 3226 ῥωαθ.)
481 3145 491 3213 ΙΙ
510 3152 541 3200 13
559 3161 737 3226 nrrsnsuroe
752 3161 789 3223 os.
802 3149 827 3208 1,
845 3145 893 3200 sed
912 3159 981 3200 corr.
998 3161 1060 3197 noo
1079 3145 1090 3213 ΙΙ
1109 3150 1213 3218 perit!

233 3212 914 3348 sssterrun-eruentus*
928 3211 1058 3348 eru
1071 3212 1134 3334 u
1173 3233 1215 3338 50·

236 3343 319 3397 Oaros
336 3344 402 3398 Mai
416 3345 503 3400 Halm
516 3347 570 3466 {pal
590 3320 713 3464 derisu‘q
724 3347 821 3424 areo]
841 3345 878 3400 ed
898 3347 908 3414 ΙΙ
930 3351 963 3400 25
981 3287 1216 3406 assinmssas'di

235 3409 302 3472 eod„
320 3410 459 3487 Aeantem
471 3411 521 3488 ῌα
532 3429 558 3467 m
571 3414 581 3481 fl
594 3419 627 3466 26
639 3413 702 3480 Apo
714 3413 848 3481 lomatae]
861 3429 901 3467 on
913 3412 1034 3468 addend.
1046 3410 1190 3472 lesnes?
1202 3421 1212 3486 l

235 3477 267 3522 2⁷
310 3477 433 3527 raesentr
454 3493 497 3528 uer
519 3493 582 3544 nos,
632 3479 790 3534 raesentius
812 3479 871 3535 eod.
896 3481 907 3548 l
931 3485 964 3536 29
982 3478 1140 3536 dormienti
1161 3499 1215 3540 om.

234 3489 322 3599 Hadria
337 3539 347 3602 ΙΙ
360 3545 393 3592 30
411 3555 476 3593 eum
493 3557 543 3596 nos
560 3549 585 3599 et
633 3546 715 3612 enat,
735 3546 765 3600 et
781 3547 840 3601 eod.
860 3547 948 3602 Halm
