2608 3952
210 143 274 206 260
633 135 699 195 um.
717 135 751 190 v.
790 157 795 172 ·

208 359 282 425 VII.
300 357 358 422 DII
373 355 620 505 PARENTNN
630 353 858 505 diffidam
870 352 1184 420 INDVLGENTIA

273 577 338 643 Det
359 597 446 642 nuno
467 575 540 640 uela
561 575 608 659 pii
630 578 663 640 et
684 573 803 659 placidi
824 573 968 639 adfectus
994 575 1183 658 parentium

208 685 286 750 erga
315 663 434 727 liberos
466 660 670 746 indulgentia
703 660 884 744 salubrique
915 681 994 724 aura
1026 665 1183 744 proueota

179 753 333 836 ⁵gratam
356 745 525 811 suauitatis
549 745 658 810 dotem
680 766 789 810 seeum
810 744 945 809 adferat.

272 837 299 899 1.
322 831 440 897 Fabius
456 829 624 894 Rullianus
640 829 782 914 quinque
805 829 1025 895 consulatibus
1050 851 1179 894 summa

207 941 280 985 oum
302 917 406 1003 gloria
427 915 565 999 peractis
588 914 799 998 omnibusque
827 918 861 979 et
883 914 1012 978 uirtutis
1034 918 1068 979 et
1090 915 1179 980 uitae

206 1003 344 1070 emeritis
366 999 534 1084 stipendiis
557 1000 684 1084 legatus
705 998 752 1063 ire
774 997 874 1065 Fabio
892 999 961 1063 Gur
984 999 1022 1062 iti
1045 999 1113 1064 filio
1138 1000 1177 1064 ad

205 1088 325 1153 bellum
348 1085 479 1149 difficile
501 1089 534 1149 et
559 1083 774 1170 periculosum
801 1020 1036 1149 conficiendum
1062 1105 1180 1169 grana

169 1177 259 1237 otus
280 1191 347 1236 non
370 1174 431 1251 est,
454 1191 556 1254 paene
579 1169 649 1253 ipso
671 1190 729 1253 per
751 1189 785 1232 se
801 1168 969 1234 dumtaxat
983 1168 1093 1234 animo
1109 1170 1180 1236 sine

209 1276 341 1340 corpore
362 1254 569 1338 militaturus,
591 1257 704 1334 utpote
723 1258 855 1337 propter
869 1253 1016 1318 ultimam
1031 1259 1181 1319 senectu-

207 1346 274 1406 tem
300 1339 411 1404 leotuli
439 1339 504 1403 otio
532 1360 628 1423 quam
661 1337 767 1403 labori
798 1338 994 1422 proeliorum
1025 1338 1179 1405 habilior.

207 1426 292 1490 idem
313 1424 566 1506 triumphantem
588 1444 670 1506 equo
691 1422 834 1488 insidens
856 1424 963 1507 sequi,
989 1444 1085 1507 quem
1108 1425 1180 1508 ipse

208 1510 379 1596 paruulum
401 1507 573 1592 triumphis
596 1509 662 1572 suis
684 1511 882 1593 gestauerat‚
905 1509 940 1572 in
961 1509 1103 1572 maxima
1125 1531 1184 1574 uo·

171 1613 196 1654 rs
209 1597 334 1680 luptate
355 1595 480 1679 posuit,
501 1614 562 1658 nee
584 1593 723 1658 accessio
744 1593 902 1678 gloriosae
923 1593 1021 1657 illius'
1032 1614 1185 1678 pompae,

209 1682 265 1748 sed
279 1687 402 1745 'auctor
424 1682 587 1763 spectatus
610 1680 669 1742 est.

272 1765 302 1830 2.
324 1763 402 1830 Non
423 1768 491 1828 tam
513 1763 658 1847 speciosa
673 1761 799 1828 Caeseti
821 1761 938 1846 equitis
953 1760 1094 1827 Romani
1109 1785 1183 1828 sors

208 1851 325 1934 patria,
347 1848 402 1913 sed
423 1869 482 1932 par
503 1847 714 1932 indulgentia.
749 1847 804 1930 qui
819 1847 860 1911 ab
875 1845 1012 1912 Caesare
1035 1849 1186 1912 omnium

209 1936 274 2000 iam
297 1936 330 1998 et
352 1936 558 1997 externorum
579 1936 609 1998 et
628 1931 878 1997 domesticorum
891 1931 1036 1997 bostium
1058 1931 1185 1998 uiatore

171 2035 198 2075 2⁰
211 2041 283 2084 oum
299 2017 447 2081 abdicare
462 2016 564 2081 filium
580 2039 673 2081 suum
688 2017 861 2099 iuberetur,
885 2016 969 2101 quod
990 2016 1017 2080 is
1032 2017 1185 2083 tribunus

209 2103 338 2188 ploum
353 2099 489 2167 Marullo
505 2102 630 2188 collega
644 2101 800 2166 inuidiam
817 2101 845 2164 ei
860 2104 1027 2186 tamquam
1042 2122 1186 2186 regnum

211 2186 386 2252 adfectanti
406 2186 541 2268 fenerat,
565 2186 599 2250 in
622 2186 708 2250 huno
731 2186 861 2251 modum
875 2187 1070 2269 respondere
1087 2188 1186 2251 susti·

210 2271 295 2336 nuit:
325 2271 474 2335 ‘celerius
496 2274 533 2336 tu
554 2271 651 2354 mibi,
680 2270 811 2351 (laesor,
841 2292 952 2336 omnes
981 2271 1066 2335 filios
1089 2293 1181 2337 moos

212 2356 327 2440 eripies
355 2377 453 2439 quam
481 2377 520 2421 ex
548 2355 598 2420 his
627 2376 687 2440 ego
707 2377 808 2420 unum
835 2360 914 2421 nota
939 2377 1009 2420 mea
1031 2355 1183 2440 pellam’.

173 2441 351 2506 ²⁵habebat
372 2444 479 2506 autem
502 2441 579 2505 duos
601 2443 767 2524 praeterea
789 2427 930 2524 optimde
944 2440 1063 2505 indolis
1085 2440 1184 2524 filios,

214 2526 330 2612 quibus
352 2525 471 2591 Caesar
492 2547 526 2589 se
548 2525 748 2590 incrementa
771 2525 938 2610 dignitatis
965 2526 1106 2610 benigne
1129 2525 1185 2590 da-

212 2616 320 2676 turum
335 2611 558 2695 pollicebatur.
591 2611 678 2675 huno
693 2615 817 2694 patrem
838 2611 969 2675 tametsi
990 2631 1114 2674 summa
1136 2611 1185 2674 di-

282 2786 295 2832 l
314 2777 361 2832 ΕΤ
379 2777 631 2834 INDVLGENTIA
647 2793 697 2834 om.
716 2780 784 2834 Par.
823 2777 993 2834 trallianos
1009 2779 1091 2847 Par,
1112 2778 1184 2832 ruti-

211 2848 305 2902 lianus
322 2847 382 2901 LA
394 2848 404 2916 11
424 2853 438 2901 7
455 2846 609 2926 uirtutibus
626 2846 700 2911 LA,
719 2864 766 2924 ens.
806 2847 936 2926 012τρ281
953 2853 969 2902 8
986 2846 1102 2924 meritis¹
1112 2846 1182 2913 LA,

213 2931 262 2970 em.
282 2913 340 2970 Sed.
361 2914 507 2983 Grypbeua
517 2915 527 2982 11
539 2931 581 2968 1re
601 2927 664 2968 eum
682 2913 770 2970 Fabio
788 2915 902 2984 gurgrte
919 2914 958 2968 A²
971 2915 1010 2984 19
1028 2913 1131 2992 drfierle
1144 2915 1183 2967 L¹

216 2989 248 3038 10
266 2998 347 3064 perse
366 2985 390 3085 12
400 2999 436 3037 m.
447 2986 465 3036 3
476 2998 497 3036 e.
510 2983 526 3037 l.
551 2983 592 3048 L,
609 2998 676 3053 pesa
688 2979 809 3062 (pedore
847 2986 952 3038 emolat.
977 2982 1004 3035 A
1017 2983 1027 3051 11
1040 2988 1073 3037 13
1082 2983 1184 3062 trium·

213 3050 319 3120 phante
337 3050 366 3104 A
395 3050 507 3115 ePwr,
538 3049 724 3118 numphantrs
743 3053 802 3116 (aaa)
852 3051 905 3116 A¹,
927 3069 946 3104 a
967 3051 995 3105 d.
1014 3066 1096 3104 curru
1115 3066 1150 3104 m.
1167 3053 1186 3104 3

214 3119 1009 3254 221121121221122111212
1034 3117 1187 3241 ”abitt

215 3254 242 3308 L
263 3255 274 3322 11
297 3261 327 3309 19
346 3255 375 3308 et
396 3259 463 3310 mete
484 3227 603 3312 nodosa}
624 3268 673 3308 orn.
692 3252 773 3307 L1A¹
794 3254 805 3322 11
826 3261 859 3308 20
881 3254 980 3308 abdica
1002 3186 1051 3322 adt
1073 3253 1185 3322 abicere

214 3337 309 3390 morpo
328 3323 367 3387 A,
384 3327 417 3377 ut
434 3335 484 3376 nos
501 3321 528 3375 L
549 3323 559 3390 1
580 3321 622 3375 *is
641 3321 671 3388 (h
689 3336 757 3380 aas.
775 3322 850 3391 aad.)
868 3322 927 3375 LA
947 3323 958 3391 11
979 3327 1011 3376 21
1035 3320 1061 3377 ei
1078 3319 1187 3388 tanqua

217 3389 275 3466 (aad
293 3392 319 3442 ei
331 3392 380 3443 tan
393 3391 425 3466 aa
436 3405 492 3444 ras.
505 3406 540 3448 m.
551 3391 580 3458 2)
593 3391 634 3451 A,
651 3389 825 3457 *ssmmqua
842 3391 867 3458 (t
884 3405 953 3446 corr.
971 3395 996 3446 et
1015 3388 1100 3444 etiam
1117 3405 1185 3444 arua

215 3456 355 3589 mali,
367 3472 443 3576 aa?
460 3457 606 3525 tamquam
622 3457 710 3525 01122
729 3457 926 3526 respondendo
941 3458 1021 3523 LA¹‚
1040 3457 1187 3526 respondit

373 3537 387 3576 e
433 3537 474 3579 aa,

1291 1329 1297 1718 l

1287 3149 1291 3158 ι

1285 3536 1289 3543 -
