2540 3950
205 148 269 211 600
495 143 695 202 NEPOTIANI
712 142 875 200 EPITOMA

80 310 290 364 minaturus
313 306 401 377 esset,
424 303 523 363 emisit
545 321 634 362 cauea
655 303 802 378 pullarius
816 301 926 378 pullos,
950 302 1002 378 qui
1018 301 1053 361 in
1069 302 1202 362 siluam

206 390 402 448 euclauerunt
427 406 482 448 nec
509 387 623 463 reperti
645 389 716 446 sunt
738 388 790 446 diu
812 388 1004 463 multumque
1028 388 1197 462 quaesiti.

206 474 403 549 nauigaturns
431 472 510 532 idem
538 492 554 530 e
583 475 674 547 portu
694 472 831 532 Herculis
859 473 923 532 sine
945 474 1071 530 auctore
1099 473 1200 530 uocis

207 558 323 617 audiuit
346 557 504 632 ‘Mancina
527 557 636 618 mane'.
673 575 799 632 cumque
821 558 960 632 scapham
983 557 1198 615 conscendis-

206 645 261 712 set,
284 642 460 702 immensum
482 660 611 716 anguem
632 640 694 699 illic
709 641 869 702 exhorruit.
905 641 1001 700 tribus
1021 640 1221 717 prodigiise

206 728 345 786 nuntiate
367 730 437 786 sunt
459 726 589 784 infelicia
611 727 686 784 tria:
710 745 819 802 pugna,
843 725 957 798 foedus,
981 725 1117 784 deditio.

138 820 189 880 6,8
272 813 300 870 9.
324 811 369 869 Ti.
385 809 543 879 Gracchus,
567 810 640 868 ciuis
663 809 803 884 optimus,
826 828 894 868 cum
915 809 1017 869 consul
1041 827 1116 868 rem
1144 810 1194 868 di·

204 897 306 954 uinam
329 895 361 954 in
382 895 510 954 Lucanis
531 895 644 953 faceret
665 894 742 953 bello
764 893 893 966 Punico,
915 893 1026 971 gemini
1051 911 1193 968 serpen·
1222 929 1225 938 ·
1256 929 1257 946 r

205 984 251 1040 tes
279 979 385 1056 allapsi
418 982 487 1038 sunt
520 997 680 1055 caesaeque
708 979 823 1038 hostiae
850 978 931 1037 iecur
963 977 1186 1038 comederunt.

205 1064 318 1141 refugit
346 1064 433 1123 turba
460 1064 566 1122 territa
587 1062 772 1123 sacrificium.
809 1061 888 1138 quod
910 1080 977 1122 cum
999 1081 1111 1122 rursus
1138 1082 1190 1123 re·
1203 1079 1226 1117 ιο

206 1150 335 1225 petitum
357 1151 443 1220 esset,
465 1149 544 1207 idem
565 1147 683 1207 accidit.
712 1148 801 1206 tertio
816 1165 943 1223 quoque,
959 1164 1028 1206 cum
1044 1146 1187 1224 diligen·

205 1234 319 1292 tissime
342 1233 442 1292 hostia
462 1234 632 1292 seruaretur
653 1235 684 1290 et
706 1235 880 1307 serpentum
901 1230 1121 1306 prohiberetur
1137 1233 1188 1291 in·

206 1337 317 1394 cursus,
339 1318 434 1376 arceri
455 1335 516 1376 non
538 1319 700 1392 potuerunt
713 1317 788 1398 quin
801 1316 881 1375 idem
896 1315 1035 1375 lacerent.
1067 1319 1188 1391 postea

206 1403 309 1462 consul
342 1402 478 1478 quamuis
509 1401 555 1459 uir
585 1401 772 1460 cautissimus
800 1419 817 1458 a
845 1400 951 1458 Flauio
978 1398 1101 1474 hospite
1135 1402 1185 1460 in-

205 1486 313 1546 ductus
336 1488 367 1545 in
389 1486 513 1544 insidias
537 1487 695 1560 astatque
717 1487 761 1543 ita
781 1487 961 1560 praeuentus
972 1483 1049 1556 dolo,
1077 1486 1222 1544 utin-15

206 1573 295 1630 ermis
323 1572 361 1629 ad
387 1589 454 1630 eum
482 1570 579 1628 locum
606 1564 740 1645 ueniret,
768 1570 799 1627 in
828 1588 886 1644 quc
914 1568 1029 1628 latebat
1050 1568 1186 1629 Poenus

205 1656 305 1732 Mago,
328 1658 359 1714 et
380 1655 416 1714 ab
439 1673 473 1713 eo
496 1653 610 1714 occisus
630 1658 684 1713 est.
1256 1727 1257 1730 Ἴ

140 1747 190 1807 ue
275 1741 324 1800 10.
346 1739 503 1799 Marcellus
520 1737 733 1814 Syracusarum
748 1739 846 1797 uictor
867 1741 898 1796 et
920 1737 1040 1814 fugator
1056 1737 1185 1799 Hanni-

205 1824 283 1883 balis
305 1843 325 1883 c
346 1824 440 1883 Nolae
461 1823 627 1898 moenibus,
654 1841 720 1881 cum
743 1821 887 1882 sollemne
909 1839 1024 1881 sacrum
1047 1820 1180 1900 faceret,

205 1910 319 1985 primae
347 1909 461 1968 hostiae
483 1909 563 1966 iecur
585 1908 649 1966 sine
670 1907 768 1982 capite
789 1907 911 1983 habuit,
942 1905 1088 1965 secundae
1117 1907 1177 1967 du·
1195 1927 1219 1964 ec
1255 1925 1256 1942 ¹

206 1994 277 2068 plici
306 1994 412 2068 capite.
456 1992 584 2067 aruspici
613 1991 765 2068 displicuit
791 1994 860 2067 post
885 1991 982 2067 prima
1003 1991 1107 2049 tristia
1132 2012 1181 2053 se·
1255 2027 1256 2034 κ

207 2078 330 2152 quentia
356 2078 445 2136 nimis
472 2077 551 2136 laeta
578 2094 652 2136 esse.
696 2077 797 2151 itaque
827 2075 1001 2151 Marcellus,
1031 2093 1101 2134 cum
1123 2095 1179 2136 ex-

205 2161 356 2237 ploratum
378 2165 469 2220 noctu
491 2161 691 2237 processisset,
715 2161 747 2219 in
767 2160 895 2220 Bruttiis
916 2159 1058 2220 aPcenis
1081 2159 1179 2221 inter·

205 2247 324 2320 emptus
346 2248 402 2303 est.

123 2338 191 2396 c,10
274 2331 323 2387 11.
362 2328 505 2390 Octauius
533 2330 647 2406 collega
669 2328 781 2389 Cinnae
808 2329 887 2388 uidit
909 2328 1058 2404 Apollinis
1080 2333 1214 2403 caputae

205 2435 221 2474 e
243 2417 343 2473 statua
364 2415 513 2486 cecidisse,
536 2416 616 2490 quod
638 2417 728 2489 ceput
750 2414 838 2473 euelli
860 2416 942 2472 terra
964 2413 1084 2472 omnino
1106 2431 1172 2473 non

205 2500 315 2576 potuit.
357 2518 412 2558 nec
434 2499 574 2575 longum:
604 2518 671 2558 cum
695 2497 791 2558 Cinna
814 2496 960 2558 dissidens
984 2492 1029 2578 [a]
1054 2497 1171 2574 collega

205 2585 306 2660 periit.
344 2586 433 2659 caput
454 2587 571 2643 statuae
593 2587 663 2659 post
679 2582 786 2643 Octaui
808 2601 936 2658 poenam
958 2582 1090 2640 leuatum
1113 2587 1170 2641 est.
1255 2625 1256 2632 κ

123 2678 146 2736 6,
161 2679 188 2725 11
275 2670 322 2726 12.
352 2666 474 2727 Crassus
496 2669 638 2727 triumuir
659 2667 852 2726 dimicaturus
869 2665 968 2726 Carris
991 2683 1059 2724 cum
1080 2667 1171 2742 gente

205 2753 364 2814 Persarum
395 2752 512 2828 pullum
544 2753 659 2827 accepit
686 2751 945 2828 paludamentum,
979 2768 1046 2809 cum
1078 2750 1207 2809 morisco

274 2922 291 2970 4
308 2931 428 2982 cumque
446 2913 586 2986 (Genus)
604 2914 698 2982 scaph.
724 2913 829 2992 Certe*
852 2929 866 2968 c
886 2911 959 2978 Vct,
986 2918 1022 2990 ct·
1037 2928 1105 2966 scae
1129 2914 1169 2968 sic

206 2984 251 3038 cet
269 2999 330 3036 cum
351 2982 449 3054 Genup
462 2983 599 3060 'scribcact
613 2983 651 3060 lb
668 2998 707 3035 aa
724 2979 929 3058 rllicolGertef'
942 2981 980 3058 lli
990 2979 1068 3033 Titus
1081 2980 1091 3048 ΙΙ
1103 2985 1118 3033 9
1128 2997 1168 3033 se·

304 3050 703 3171 licentietur
721 3051 764 3170 r
788 3046 1161 3182 tricastel*

207 3125 285 3264 timii
298 3133 356 3240 coit.
374 3185 511 3254 lsacrum]
531 3201 578 3238 sac
596 3190 621 3239 et
637 3201 658 3238 s.
671 3159 767 3262 t’udd.
779 3201 807 3236 m
820 3186 830 3250 ΙΙ
843 3190 873 3236 21
893 3183 1029 3252 sequente
1047 3181 1163 3249 aninusl

206 3260 239 3305 ‘22
263 3254 359 3318 itaque
397 3268 437 3304 cu
460 3252 582 3328 adelrad.
606 3255 747 3305 monitus?
773 3251 877 3305 aare*
902 3253 912 3328 t
936 3257 968 3304 ‘27
986 3265 1039 3303 nec
1055 3249 1165 3318 longum

206 3335 270 3370 cum
295 3319 406 3386 [Cinna]
426 3318 563 3372 dissrdens
580 3336 598 3372 a
615 3320 677 3373 coll.
695 3319 795 3383 Halm,
818 3319 865 3372 cai
883 3318 972 3372 Cinna
988 3317 1077 3386 plesse
1093 3315 1165 3371 cide·

206 3389 262 3460 tur,
285 3399 302 3434 a
324 3387 399 3450 (ante
419 3384 540 3453 collega)
559 3386 615 3464 del.
636 3386 708 3449 Mai,
727 3401 807 3453 quem
823 3390 931 3439 secutas
948 3389 1056 3439 matuta
1073 3383 1165 3461 distin·

207 3450 996 3587 {teretursuccurrereturcrrltitl
1008 3457 1041 3506 ²⁹
1060 3451 1164 3506 ΟΜ
