2606 3958
271 133 349 190 cnr.
364 134 403 203 x,
421 133 484 192 aas.
504 140 527 187 1.
555 133 607 200 xr,
628 139 681 200 §1-
699 141 723 188 ρ.
749 134 813 192 axe.
831 139 846 200 a
862 142 884 188 1.
899 141 922 190 a.
1018 137 1081 201 401

105 288 167 352 ille
196 291 317 351 metum
345 291 528 351 nostrorum
561 287 700 351 militum
728 287 872 367 uicisset,
909 289 1083 372 imperator

108 373 244 437 uincere
266 371 376 436 hostes
398 393 465 436 non
487 372 652 454 potuisset.

199 458 229 520 2.
264 457 446 539 Spurinnae
480 476 606 539 quoque
640 456 675 520 in
704 455 923 520 coniectandis
950 456 1083 521 deorum

109 542 246 605 monitis
275 540 435 606 efficacior
462 543 599 606 scientia
627 540 778 624 apparuit
799 561 896 623 quam
919 541 995 605 urbs
1018 541 1082 605 Ito-

109 648 209 690 mana
238 625 349 690 uoluit.
398 625 602 710 praedixerat
635 625 670 690 O.
695 624 825 690 Caesari
852 628 890 688 ut
916 627 1109 708 proximoss

110 727 189 773 xxx
211 710 278 774 dies
300 711 393 794 quasi
414 711 529 774 fatales
546 713 689 789 caueret,
713 730 850 793 quorum
865 710 998 773 ultimus
1014 715 1084 774 erat

110 796 185 860 idus
209 794 355 859 Martiae.
392 816 430 858 eo
447 817 520 859 cum
541 794 625 860 forte
639 815 734 858 mane
749 797 882 877 uterque
904 794 939 857 in
954 796 1083 858 domum

111 881 245 945 Caluini
260 879 384 944 Domiti
406 879 446 942 ad
470 879 612 943 officium
628 880 847 959 conuenisset,
871 877 989 943 Caesar
1004 878 1084 962 Spu-

111 967 229 1028 rinnae
258 964 383 1048 ‘ecquid
412 965 474 1028 scis
502 964 573 1027 idus
600 965 666 1027 iam
694 963 829 1027 Martias
857 963 1024 1028 uenisse‘l'
1049 969 1083 1027 at

112 1051 141 1112 is
166 1049 298 1132 ‘ecquid
321 1050 384 1114 scis
406 1049 478 1112 illas
501 1049 642 1111 nondum
665 1047 898 1131 praeterissel'
922 1049 1083 1112 abiecerat
1098 1067 1122 1106 10

113 1134 197 1198 alter
229 1135 378 1198 timorem
410 1129 574 1217 tamquam
604 1135 715 1196 exacto
747 1137 892 1216 tempore
925 1137 1082 1217 suspecto,

113 1218 260 1282 alterne
283 1223 457 1282 extremam
479 1216 608 1300 quidem
631 1217 698 1280 eius
721 1224 847 1300 partem
862 1218 1006 1302 periculo
1029 1239 1083 1282 ua·

114 1325 208 1367 cuam
232 1325 300 1366 esse
315 1302 488 1366 arbitratus
509 1305 565 1366 est
602 1302 727 1365 utinam
749 1300 954 1384 haruspicem
976 1303 1083 1386 potius

112 1388 287 1472 augurium
298 1407 395 1470 quam
408 1386 530 1468 patriae
547 1391 716 1469 parentem
734 1387 889 1450 securitas
904 1387 1082 1450 fefellisset.

179 1471 255 1536 Eat.
266 1473 300 1535 .1.
325 1469 386 1534 Sed
402 1474 437 1535 ut
459 1470 642 1553 alienigena
657 1472 851 1550 scrutemur,
875 1490 947 1533 oum
970 1470 1082 1534 obscu-
1096 1488 1121 1527 15

112 1560 185 1619 rato
207 1559 339 1636 repente
368 1553 435 1618 sole
457 1555 619 1618 inusitatis
647 1554 796 1638 perfusae
818 1555 959 1618 tenebris
982 1555 1083 1618 Athe·

114 1660 176 1704 nae
199 1638 412 1704 sollicitudine
436 1643 647 1723 angerentur,
674 1638 842 1702 interitum
870 1637 932 1702 sibi
955 1639 1084 1701 caelesti

115 1723 362 1788 denuntiatione
384 1725 535 1807 portendi
558 1723 739 1806 credentes,
767 1721 905 1786 Pericles
927 1721 1085 1805 processit

114 1811 151 1873 in
178 1809 321 1874 medium
349 1813 382 1873 et
407 1830 490 1891 quae
518 1831 536 1872 a
563 1810 772 1892 praeceptore
800 1827 857 1870 suo
889 1809 1084 1889 Anaxagora

116 1894 312 1978 pertinentia
334 1893 372 1957 ad
397 1892 474 1958 solis
504 1897 536 1958 et
563 1894 660 1957 lunae
682 1913 810 1957 cursum
833 1895 1000 1974 acceperat
1021 1889 1084 1954 dis·
1098 1907 1123 1947 ao

116 1979 216 2044 seruit
243 2000 303 2042 nec
332 1977 467 2044 ulterius
495 1978 657 2062 trepidare
681 1977 767 2042 ciues
790 1996 865 2043 suos
888 1996 972 2039 uano
995 1978 1084 2039 metu

138 2085 227 2128 assus
250 2069 308 2129 est.

115 2087 136 2148 p
179 2149 209 2218 2.
239 2147 402 2223 Quantum
429 2169 525 2231 porro
554 2147 724 2232 dignitatis
752 2167 771 2208 a
797 2165 873 2228 rege
901 2144 1084 2208 Alexandro

116 2232 273 2297 tributum
296 2233 359 2295 arti
381 2231 614 2313 existimamus,
642 2231 697 2314 qui
725 2250 759 2292 se
787 2232 820 2292 et
841 2229 934 2312 pingi
957 2231 996 2292 ab
1019 2250 1083 2292 uno

117 2316 233 2400 Apelle
256 2320 289 2380 et
310 2317 392 2400 fingi
415 2337 433 2378 a
455 2315 597 2399 Lysippo
619 2319 747 2379 tantum
769 2313 864 2377 modo
887 2313 1015 2377 uoluit?
1049 2396 1050 2400 Ἰ
1097 2329 1123 2368 25

182 2401 213 2465 3.
249 2399 353 2464 Tenet
380 2400 514 2464 uisentis
545 2399 683 2464 Athenis
705 2397 870 2463 Volcanus
900 2398 1085 2461 Alcamenis

117 2485 266 2549 manibus
288 2485 479 2550 fabricatus:
513 2488 641 2568 praeter
655 2487 762 2547 cetera
783 2483 870 2547 enim
892 2483 1085 2566 perfectissi-

118 2713 348 2849 ...attend
361 2702 722 2849 ttllstlttfflttt
734 2718 751 2823 l
763 2717 851 2823 rat
865 2701 1007 2836 <itta
1018 2716 1084 2847 lili

117 2841 168 2907 A²,
187 2840 283 2893 urbrs?
302 2839 340 2891 A¹
353 2839 363 2906 ΙΙ
383 2844 398 2892 ‘l
418 2854 450 2892 eo
472 2837 518 2891 dre
537 2853 601 2890 cum
618 2838 705 2906 Part
723 2849 846 2891 manes*
865 2838 905 2905 (re
924 2851 994 2891 cras
1012 2835 1085 2899 aad.)

118 2909 158 2972 A,
181 2922 295 2959 manare
314 2906 341 2959 L
364 2906 374 2974 ΙΙ
400 2912 415 2961 8
439 2905 539 2958 domiti
557 2903 679 2972 (domitii
725 2907 780 2982 ar.)
798 2904 903 2958 caluini
920 2904 959 2956 A²
981 2903 1083 2980 Ponit

119 2973 313 3027 conuenissent
330 2973 402 3040 LA,
421 2978 520 3044 atace
537 2973 607 3026 Par.
650 2979 665 3026 9
685 2974 714 3026 et
731 2972 800 3041 qurd
818 2972 890 3038 LA,
910 2970 1085 3040 *sleclqurd

120 3045 161 3108 (ec
179 3045 259 3094 satra
282 3041 366 3106 aera.)
389 3042 460 3095 Par.
481 3043 491 3106 ΙΙ
509 3040 571 3107 scis]
633 3041 660 3094 d.
683 3040 777 3108 inquit
796 3039 866 3093 Par.
888 3038 988 3105 Halm,
1013 3038 1086 3106 qaod

118 3123 173 3162 aaa
191 3113 229 3162 eat
246 3109 279 3162 ia
296 3106 394 3162 LAO.
413 3109 448 3174 cf.
465 3107 567 3162 VIIII
581 3111 636 3169 1,4
653 3109 663 3176 ΙΙ
681 3111 711 3162 at
727 3110 807 3174 Par,
825 3107 899 3174 quod
915 3107 1005 3172 recepi
1021 3122 1085 3160 sua·

119 3177 198 3231 dente
212 3175 322 3230 Gertaio
335 3191 365 3244 p.
377 3180 444 3242 293,
463 3177 564 3230 etLA
575 3176 663 3232 Halm
676 3177 685 3244 ΙΙ
700 3182 731 3228 10
749 3175 793 3228 his
810 3175 848 3228 L¹
866 3175 876 3242 ΙΙ
896 3173 998 3243 ecquid
1015 3173 1084 3237 LA,

119 3245 182 3299 add.
204 3261 228 3302 u.
249 3244 364 3312 etquid
382 3245 475 3311 utroq.
494 3243 513 3298 l.
532 3259 627 3364 morqo
646 3244 686 3310 A,
706 3244 735 3296 et
753 3243 820 3311 quid
837 3244 907 3296 Por.
920 3243 930 3310 11
950 3249 984 3320 ¹².
1000 3241 1087 3318 neta

119 3327 171 3368 rae.
190 3313 230 3378 A,
249 3327 301 3366 nae
320 3315 351 3382 (a
368 3316 450 3376 eras.)
468 3312 495 3365 L
508 3313 517 3380 ΙΙ
533 3319 563 3366 15
582 3329 600 3365 a
611 3312 754 3381 ienigenas
772 3310 866 3378 L¹Afl
883 3316 915 3364 17
933 3307 1085 3387 solrtudme

120 3379 215 3500 ΒΑἋΙ
233 3381 405 3450 angerentur
422 3383 488 3433 Post.
507 3381 637 3448 Lipsius,
656 3379 808 3448 agerentur
825 3378 885 3431 LA
903 3378 913 3445 ΙΙ
933 3383 1010 3432 191n
1027 3392 1085 3430 me-

120 3449 164 3500 dio
226 3449 287 3517 {124
311 3448 411 3516 pingui
433 3448 472 3500 Α1
496 3453 533 3513 ct,
557 3454 589 3502 at
611 3447 685 3526 aad,
709 3445 821 3567 L¹lp125
844 3443 957 3516 appelle
981 3445 1051 3498 LA¹
1072 3445 1083 3513 ll

21 3557 26 3602 ,
119 3515 414 3650 lyppanRl‘qlxathenas
432 3513 517 3583 ΠΕΙΙ
531 3521 563 3569 26
582 3515 744 3568 alchimems
795 3513 823 3565 A
900 3601 933 3651 26
