2550 3958
352 158 419 218 urs.
439 159 473 213 11.
492 157 569 214 car.
588 163 718 225 uss-15.
951 159 1016 226 495

32 317 213 392 eduxisset,
237 317 373 392 quamuis
396 316 493 377 uictor
515 320 611 395 osset,
633 317 735 394 uirgas
758 320 857 377 tamur
880 317 1014 392 expediri

32 420 174 477 eumque
197 402 305 460 nudari
326 401 443 471 iussit„

105 485 143 547 L.
170 485 350 561 Calpurnius
372 485 536 561 Pisocos,
560 504 627 545 cum
649 487 681 546 in
705 485 807 546 Sicilia
829 486 942 546 bellum
963 486 1013 545 ad·
1031 499 1047 547 9

33 589 151 630 uersus
175 570 319 646 fugitiuos
341 573 473 648 gereret,
502 575 528 630 ct
551 569 583 633 Ο.
608 570 706 631 Titius
728 571 896 646 praefectus
919 571 1012 630 socio·

33 675 110 714 rum
140 654 336 714 multitudine
363 655 495 726 hostium
522 655 744 715 circumuentus
772 655 827 715 sub
855 657 960 732 iugum
983 673 1014 716 ss

34 738 127 799 mitti
161 757 266 815 passus
300 741 393 812 esset,
425 740 513 798 iussit
541 759 609 798 eum
637 742 709 816 toga
740 740 857 800 laciniis
889 739 1013 799 abscisis

35 824 192 884 amictum
214 823 416 899 discinctaque
438 823 539 882 tunica
553 824 691 883 indutum
706 825 739 883 iu
752 825 907 901 principiis
923 827 1012 898 stare,

36 912 219 982 turmasque
241 909 392 983 equitum,
422 907 530 984 quibus
552 908 738 984 praefuerat,
761 909 907 985 ademptis
930 909 1013 985 equis

37 995 73 1053 in
98 992 289 1051 funditorum
311 1009 450 1051 numeros
473 993 670 1068 transcripsit.

22 1105 25 1124 ·
110 1075 146 1146 Q.
171 1076 324 1150 Metellus,
355 1094 421 1135 cum
450 1077 528 1152 apud
556 1076 747 1137 Contrebiam
773 1096 821 1137 res
848 1080 1010 1154 gereretur,
1033 1089 1064 1138 10

42 1161 221 1222 conlocatas
250 1180 267 1219 a
296 1181 326 1221 se
355 1161 386 1220 iu
415 1161 544 1236 quadam
571 1161 699 1221 statione
723 1163 854 1238 quinque
877 1162 1013 1223 cohortes

41 1249 135 1321 atque
159 1265 194 1304 ex
209 1264 243 1304 ea
258 1245 398 1321 depulsas
420 1247 553 1320 repetere
576 1246 702 1305 eundem
725 1247 822 1306 locum
843 1247 931 1306 iussit
953 1246 1014 1306 odi-

41 1331 168 1405 xitque,
191 1332 226 1389 ut
249 1329 363 1405 siquis
386 1348 422 1388 ex
444 1330 485 1390 eis
509 1330 628 1407 fugiens
651 1333 749 1390 castra
763 1332 935 1406 repetisset,
957 1349 1012 1407 pro

42 1415 132 1474 hoste
155 1413 382 1473 interficeretur.

22 1513 30 1554 1
112 1495 148 1567 Q.
165 1498 278 1582 Fabius
300 1497 447 1556 Maximus
470 1498 619 1575 omnium,
644 1499 695 1574 qui
717 1517 753 1556 ex
774 1499 930 1574 praesidiis
953 1498 1008 1557 Ro·
1031 1511 1060 1558 11

44 1601 206 1642 munorum
227 1583 265 1641 ad
287 1583 405 1642 hostem
428 1582 654 1659 transfugerant
675 1584 811 1659 captique
827 1586 927 1659 eraut,
951 1602 1012 1642 ma·

44 1686 104 1727 nus
126 1667 271 1740 abscidit,
293 1676 329 1725 ut
351 1670 457 1726 trunca
478 1685 550 1743 prae
566 1686 597 1726 se
612 1667 732 1726 brachia
746 1670 885 1744 gerentes
900 1672 1013 1726 metum

22 1777 23 1780 ¹
45 1751 173 1828 reliquis
196 1751 370 1810 defectionis
392 1751 581 1826 inponerent.

113 1835 213 1911 Scipio
229 1835 388 1895 Africanus
410 1836 489 1894 uicta
504 1834 685 1913 Carthagine
707 1837 830 1913 grauius
852 1837 884 1894 iu
904 1835 1012 1896 Roma·
1032 1847 1063 1896 12

23 1939 103 1982 onos
126 1940 216 1997 quam
237 1921 268 1980 in
284 1920 410 1980 Latinos
425 1921 597 1997 transfugas
613 1921 785 1980 animaduer
800 1921 841 1981 it:
864 1921 918 1980 hos
935 1921 1014 1980 euim

47 2011 203 2082 tamquam
231 2006 344 2081 patriae
372 2005 516 2082 fugitiuos
539 2006 675 2066 crucibus
698 2005 818 2082 adfixit,
846 2005 915 2065 illos
937 2007 1015 2064 tam·

22 2113 23 2118 ¹
49 2108 141 2164 quam
161 2089 291 2165 perfidos
315 2091 410 2150 socios
433 2090 528 2149 securi
549 2091 706 2165 percussit.

116 2173 215 2249 Scipio
231 2174 431 2233 Numantinus
456 2178 543 2250 capta
559 2174 739 2252 Carthagine
756 2177 923 2234 exterarum
937 2194 1008 2252 geu·
1028 2184 1060 2234 13

50 2257 128 2316 tium
155 2258 323 2334 transfugas
351 2259 384 2317 in
413 2258 533 2318 edendis
562 2261 674 2334 populo
702 2260 877 2336 spectaculis
905 2260 1011 2320 bestiis

22 2357 36 2396 s
52 2340 168 2400 obiecit.

116 2426 150 2484 L.
174 2425 284 2484 Paulus
306 2425 395 2486 Perse
422 2445 491 2503 rege
519 2432 658 2502 superato
682 2428 814 2488 ciusdem
836 2429 939 2504 culpae
961 2428 1012 2487 ho·
1033 2438 1064 2486 14

52 2511 147 2569 mines
170 2509 336 2585 elephantis
359 2511 538 2570 obterendos
560 2512 736 2571 substrauit.

117 2594 151 2652 L.
174 2594 303 2654 Marcius
326 2595 396 2655 trib.
419 2594 496 2672 mil,
524 2614 590 2655 oum
619 2597 762 2672 reliquias
786 2598 912 2656 duorum
935 2605 1064 2655 exer-15

54 2680 164 2740 cituum
186 2679 219 2738 P.
236 2683 267 2738 et
289 2678 343 2739 (lu.
359 2678 531 2755 Scipionum
554 2680 700 2755 dispersas
723 2681 799 2740 mira
820 2681 933 2738 uirtute
956 2680 1015 2738 col-

22 2764 192 2840 relegisset,
223 2764 258 2822 dc
282 2765 370 2824 rebus
394 2765 467 2824 actis
489 2784 507 2823 a
529 2783 560 2824 se
582 2765 713 2824 scribens
735 2766 767 2823 in
789 2765 867 2824 huuc
893 2764 1016 2822 modum

56 2867 137 2908 orsus
162 2851 223 2908 est:
258 2848 308 2908 ‘Ia
337 2848 466 2908 Marcius
493 2867 547 2924 pro
575 2849 740 2924 praetorc’.
785 2849 867 2908 cuius
896 2848 1016 2908 honoris

55 2935 242 3008 usurpatione
271 2934 316 2992 uti
346 2953 413 2992 eum
440 2953 471 3009 p.
495 2952 520 2992 c.
550 2953 610 2993 non
632 2934 761 3009 placuit,
794 2934 865 3009 quia
887 2933 1017 2992 ducesa

55 3017 172 3094 populo,
194 3036 256 3077 non
274 3037 291 3076 a
306 3018 453 3078 militibus
469 3019 562 3078 creari
577 3019 715 3078 solerent.
727 3051 769 3060 -
785 3016 858 3077 Cum
874 3036 1016 3094 magnum

57 3121 209 3161 numerum
232 3104 418 3177 captiuorum
440 3123 469 3179 p.
483 3121 506 3162 c.
529 3122 548 3162 a
570 3103 664 3180 Pyrro
688 3104 768 3162 ultro
791 3103 915 3162 missum
937 3120 1016 3160 rece·

126 3271 137 3318 l
155 3264 246 3320 uictor
265 3267 340 3320 esset
356 3279 411 3344 coc·
424 3271 449 3344 ct
468 3266 582 3332 omar,
602 3267 739 3320 uictorem
756 3266 814 3320 cod.
831 3264 919 3320 Halm
931 3266 970 3332 114
988 3265 1018 3318 et

58 3349 108 3411 om:
123 3337 184 3412 ms²
236 3340 252 3389 6
270 3335 370 3404 togula
388 3333 467 3412 cruris
484 3338 550 3413 ruf
571 3335 621 3412 1119
639 3349 789 3413 numerum
811 3332 871 3390 Vol.
894 3333 903 3401 ΙΙ
927 3334 1016 3411 trans·

59 3402 197 3522 “mia
211 3401 337 3524 “itti
356 3401 677 3538 {iiliafbfttffffs
695 3400 1016 3537 ltlltttltttlst

60 3485 344 3606 didonofmdllffi'
359 3537 464 3607 pyrrho
481 3540 549 3592 m.2
567 3542 592 3592 ct
640 3538 711 3591 olm,

1249 177 1252 236 l
