2590 3948
512 173 729 235 PRAEFATIO.
995 175 1102 232 XXVII

133 349 207 392 raro
232 327 397 410 felicibus,
426 330 523 410 atque
545 328 642 392 etiam
664 329 720 474 <pai
741 350 779 392 ex
801 328 853 392 his
875 328 980 392 minus
1002 289 1108 395 inter-¹

132 412 235 496 polati
263 411 426 476 interdum
455 412 647 476 emendandi
687 413 794 478 ibrum
823 413 1020 479 Beruensem
1050 415 1103 478 uel

133 497 321 581 primariam
342 496 410 560 aius
432 496 624 580 scripturam
647 496 784 561 deletam
814 499 1032 582 cognoscendi
1054 498 1103 562 fa-

133 581 287 646 cultatem
320 581 414 646 nobis
448 582 619 663 dederunt,
652 604 690 647 ex
723 603 786 666 quo
820 583 1036 666 antiquiorem
1070 586 1103 648 et

131 666 340 751 integriorem
354 666 481 730 fontem
495 665 747 731 laurentianum
762 667 851 731 adire
869 666 955 748 licet,
978 668 1101 733 nullam

131 751 200 815 fere
223 751 344 816 habent
364 750 548 824 utilitatem.
1044 757 1048 764 '

197 835 301 900 Vnius
324 838 433 900 autem
456 857 495 899 ex
525 835 576 900 his
601 834 730 900 uidetur
751 835 1102 920 peculiaris‘queedem

13 961 17 981 .
113 913 216 985 'ratio
239 940 325 997 esse,
358 919 476 984 codicis
499 920 630 985 alterius
654 919 908 1004 Guelferbytnni,
932 942 1029 1004 quem
1051 921 1100 984 de·

132 1005 248 1088 scripsi
270 1005 305 1070 in
328 1005 470 1069 editione
491 1025 563 1070 mea
584 1005 703 1070 maiore
725 1028 757 1088 p.
775 1005 825 1069 83.
860 1006 894 1068 in
917 1024 979 1089 quo
1002 1005 1102 1070 homo

132 1090 244 1155 doetus
268 1090 445 1172 amputatis
468 1091 619 1155 omnibus
641 1089 706 1153 illis
728 1089 873 1154 nerbasis
902 1090 1100 1174 contempla·

13 1215 15 1246 ,
131 1175 273 1239 tionibus
290 1175 328 1237 de
342 1173 516 1239 illustrium
532 1175 675 1239 uirorum
692 1173 787 1239 dietis
799 1174 969 1259 factisque,
984 1175 1101 1258 quibus

131 1259 267 1324 nimium
291 1263 449 1342 quantum
464 1258 618 1323 Valerius
641 1258 818 1324 delectatus
841 1264 898 1338 est,
919 1261 987 1324 eius
1003 1260 1101 1324 libros

130 1345 166 1407 in
188 1344 363 1427 epitomem
387 1343 509 1426 coegit:
539 1343 640 1407 tradit
668 1344 754 1409 enim
783 1345 902 1427 partim
930 1365 1003 1409 oum
1029 1344 1101 1408 aliis

130 1429 240 1512 paucis
267 1427 498 1492 recentioribus
526 1429 644 1511 partim
672 1429 759 1494 solus
796 1429 893 1492 bonas
921 1450 982 1493 nec
1014 1451 1101 1513 sper·
1202 1461 1207 1470 ·

130 1513 253 1578 nendos
290 1512 459 1589 lectiones,
498 1534 577 1596 ques
609 1513 649 1576 ab
688 1513 820 1576 homine
857 1513 944 1577 haud
981 1514 1100 1578 inscito

130 1598 317 1662 coniectura
344 1597 488 1681 quidem,
517 1597 572 1662 sed
599 1617 667 1662 non
702 1597 825 1662 infelici
854 1599 1003 1661 inuentae
1031 1618 1101 1662 esee

129 1683 278 1746 arbitror.
311 1682 374 1746 huc
395 1683 536 1766 pertinet
557 1681 642 1766 quod
657 1682 687 1759 2,
705 1683 731 1746 1.
749 1684 770 1747 5
786 1681 831 1768 (ρ.
844 1682 896 1762 59,
913 1681 948 1767 7)
969 1682 1100 1764 scripsit

129 1768 320 1832 subsessores
348 1767 455 1850 (codd.
477 1767 704 1849 subsessorum)
733 1768 911 1832 ettenorum
935 1770 1101 1834 matrine-

129 1853 257 1916 niornrn
273 1853 364 1916 sonti.
394 1850 425 1933 2,
439 1853 466 1916 7.
483 1855 546 1915 ext.
565 1853 580 1914 1.
597 1852 643 1936 (p.
657 1851 707 1934 92,
727 1851 780 1932 13)
802 1851 951 1915 Halmius
974 1873 1013 1915 ex
1035 1873 1101 1916 uno

131 1936 192 2000 hoe
216 1936 324 2001 codice
338 1935 461 2019 recepit
481 1937 668 2018 imputando
690 1937 886 2018 (inpotentes
900 1935 989 2018 LA),
1014 1937 1100 2019 quod

130 2021 210 2085 ferri
226 2042 303 2084 sane
324 2024 440 2104 potest,
464 2022 517 2084 sed
534 2022 647 2104 procul
663 2020 759 2084 dubio
775 2021 931 2085 bonorum
947 2020 1101 2084 librorum

31 2099 36 2110 ’
130 2107 289 2188 scriptura
305 2104 494 2190 corrigenda
509 2109 578 2169 erat
593 2106 767 2187 inpntantn
790 2105 979 2170 1611111112
997 2105 1030 2182 (l.
1044 2105 1100 2185 21)

129 2191 217 2254 solus
240 2190 369 2254 exhibet
384 2190 470 2272 quod
486 2211 585 2254 unum
600 2193 685 2254 recte
701 2191 747 2253 ibi
763 2189 825 2254 dici
841 2193 970 2272 poteret
985 2190 1100 2271 qnibns

129 2275 246 2340 enitnri
264 2311 300 2322 -
317 2276 526 2340 monebantur
548 2279 643 2356 (qnae
657 2276 701 2339 eis
716 2276 848 2339 enitaris
863 2273 899 2356 L,
921 2276 1032 2356 quens
1049 2295 1099 2340 en-

129 2361 224 2424 itnris
240 2361 298 2440 Ab
322 2360 351 2436 3,
365 2358 426 2423 42
442 2357 488 2507 Sp.
502 2359 571 2440 135,
591 2360 643 2442 15)
667 2360 753 2422 solus
774 2360 936 2423 industria
956 2379 1019 2424 sno
1041 2379 1100 2441 pro

129 2445 248 2509 uitiosa
263 2443 445 2528 bonorum(
481 2446 522 2521 A)
537 2444 677 2508 lectione
691 2445 938 2521 indnstriosnm;
960 2444 990 2524 3,
1003 2445 1032 2507 1.
1049 2447 1065 2505 1
1078 2443 1098 2506 d

130 2534 174 2616 (p.
190 2528 262 2610 143,
277 2528 332 2612 23)
356 2528 443 2593 solus
465 2533 552 2592 recte
573 2530 714 2604 sestertii,
739 2548 813 2606 non,
838 2535 875 2591 ut
889 2527 963 2609 LA,
987 2532 1098 2593 sester-

129 2617 224 2692 tinrn;
252 2613 340 2677 solus
362 2613 398 2690 3,
422 2612 452 2676 8.
477 2614 493 2675 1
517 2614 562 2698 (p.
589 2613 664 2693 153,
687 2612 744 2694 26)
769 2613 854 2695 quod
877 2613 1097 2695 recipiendum

129 2699 209 2761 mihi
231 2697 363 2781 reliquit
384 2696 532 2762 Halmius
555 2700 717 2762 antecessit
742 2718 801 2784 pro
825 2697 988 2762 antecellit.
1035 2718 1096 2761 nec

129 2804 207 2846 sane
229 2783 345 2847 inscite
368 2782 498 2865 scripsit
519 2784 550 2863 4,
577 2785 603 2850 l.
625 2783 697 2849 init.
721 2783 765 2866 (p.
785 2781 855 2862 162,
878 2780 913 2865 8)
936 2782 1098 2862 impotenti

129 2868 314 2932 temeritatis
335 2868 467 2932 incnrsn
489 2884 547 2949 pro
568 2868 686 2932 mendo
709 2867 901 2948 inpotentiae
915 2867 1100 2930 temeritatis

13 2951 20 2982 ³
128 2954 190 3016 ine.
227 2951 257 3028 8,
275 2952 325 3016 15.
345 2953 362 3015 7
382 2952 428 3035 (p.
444 2951 516 3031 416,
532 2951 588 3036 22)
610 2951 698 3015 solus
720 2972 830 3015 ueram
853 2950 1024 3014 lectionem
1047 2971 1097 3016 ae-

130 3038 268 3101 cenden't
280 3035 424 3122 restituit
438 3057 497 3118 pro
514 3037 662 3101 condecit
676 3035 717 3116 (1.
725 3037 779 3116 Α).
814 3036 870 3100 sed
893 3035 973 3098 haec
988 3036 1099 3098 omnia

13 3151 15 3174 ·
131 3121 247 3185 doetus
281 3119 385 3184 scriba
422 3120 606 3185 coniectura
641 3120 805 3185 inuenisse
841 3120 986 3184 uideturr
1023 3141 1098 3183 nam

127 3204 260 3287 saepius
275 3226 347 3268 eum
359 3205 563 3270 diuinatione
579 3227 637 3270 sua
652 3227 746 3270 usum
762 3203 932 3269 emendare
946 3208 1098 3268 conatum
1168 3243 1169 3246 =

13 3319 14 3322 ¹
130 3312 198 3354 esse
222 3310 305 3373 quae
321 3294 471 3373 corrupta
486 3290 759 3355 animaduerteret
773 3290 823 3353 his
838 3290 993 3437 exemplis
1009 3291 1101 3353 euin?

130 3379 237 3439 cetur:
266 3375 297 3456 3,
316 3376 343 3439 7.
361 3375 380 3439 8
404 3375 451 3459 (p.
471 3376 530 3439 147
540 3427 547 3455 ,
571 3374 627 3460 23)
649 3380 721 3459 post
740 3376 828 3440 cnins
850 3374 924 3438 addi
948 3375 974 3438 it
996 3375 1098 3455 defen-

130 3461 240 3525 sionis,
286 3458 363 3523 ibid.
388 3465 450 3523 ext.
471 3459 492 3522 4
515 3464 558 3546 (p.
578 3459 723 3540 160,15)
747 3481 806 3542 pro
828 3460 1022 3543 reliquorum
1047 3479 1097 3523 co·

13 3551 21 3624 <¹
131 3544 238 3608 dicum
252 3543 371 3608 mendo
383 3545 527 3630 [atricae
542 3545 710 3608 substituit
721 3545 828 3625 fecere.
852 3545 882 3623 6,
894 3545 925 3608 2.
938 3543 957 3607 8
969 3543 1014 3628 (p.
1023 3543 1097 3620 281,
