2540 3950
444 161 496 216 XV
515 167 547 218 16
559 191 592 202 -
604 161 670 216 XVI
687 167 713 217 ὅ.
992 163 1057 228 619

151 321 203 380 25'
225 318 316 395 Apud
332 318 484 381 Oiroenses
506 320 638 395 ⁰⁰fp⁰fi⁸
652 322 777 396 quaestu
792 319 893 382 dotem
907 264 1187 398 parabantvtil'tld'u'

79 407 283 504 iunctumque
313 405 443 480 turpiter
474 405 699 466 matrimonium
734 405 876 480 pecuniae
912 405 1055 466 foeditate

7 573 8 580 ’
80 490 333 635 faeleibda.nti’ersae
355 575 425 634 ante
447 573 636 651 septennium
657 573 767 634 liberos
788 591 851 634 non
878 574 983 634 uident
1008 592 1056 635 or·
1072 581 1141 646 6,16

52 659 217 720 abimum
238 657 275 718 de
296 658 465 718 immaturis
487 659 639 722 timentes.
1012 735 1014 740 Ι

153 743 205 804 27.
237 742 436 802 Numidarum
461 761 547 819 reges
574 742 688 802 humile
708 744 894 820 putauerunt
916 743 1054 820 cuiquam
1071 750 1140 814 o,1⁷

81 829 206 905 priuato
230 827 365 889 osculum
387 826 466 887 dare.
504 823 550 906 [et
571 827 603 886 in
625 828 732 888 castris
753 846 823 888 mox
844 823 949 908 idem]

246 961 330 1023 XVI.
363 961 416 1021 DE
439 959 675 1022 DISCIPLINA
696 961 896 1022 MILITARI.

153 1067 181 1123 1.
209 1063 308 1139 Scipio
325 1064 485 1123 Africanus
500 1064 695 1124 Numantiam
716 1065 826 1126 missus
841 1065 950 1138 omnia,
976 1083 1050 1139 quae
1069 1073 1119 1135 7‚1

43 1164 70 1205 ro
84 1149 253 1226 uoluptatis
275 1166 363 1208 causa
384 1147 566 1208 haberentur
585 1149 748 1227 incastris,
771 1167 876 1209 seuero
890 1168 960 1209 mox
974 1167 1054 1209 aum·

7 1293 9 1314 .
85 1234 205 1294 moueri
226 1233 316 1294 iussit
338 1233 447 1296 edicto.
484 1233 611 1308 denique
633 1236 800 1294 scortorum
815 1234 874 1293 duo
889 1234 972 1293 milia
987 1251 1054 1294 cum

7 1321 9 1388 ζ
84 1319 156 1378 lixis
179 1337 194 1377 e
215 1319 371 1394 procinctu
392 1317 451 1377 loci
472 1311 535 1376 eius
551 1318 643 1377 eiecta
658 1321 739 1394 sunt,
762 1320 938 1393 tantumque
954 1318 1053 1378 subito

7 1401 8 1414 ¹
86 1404 143 1464 sub
172 1401 315 1461 destricto
344 1401 418 1460 duce
446 1401 574 1478 proiecit
602 1402 761 1477 exercitus,
797 1406 832 1462 ut
859 1403 1054 1462 Numantiam

7 1549 8 1570 χ
89 1487 142 1547 diu
163 1486 447 1563 perniciosissimam
468 1485 556 1545 nobis
578 1485 664 1545 breui
687 1487 750 1547 solo
772 1489 961 1563 exaequaret.

7 1573 8 1586 ¹
48 1585 75 1626 rc
155 1574 183 1631 2.
212 1570 247 1630 P.
263 1571 413 1646 Rupilius*
423 1571 527 1630 consul
548 1571 580 1629 in
597 1569 698 1630 Sicilie
719 1569 862 1631 dimicans
886 1574 990 1631 contra
1011 1570 1056 1630 fu-
1074 1578 1123 1642 7,3

7 1721 8 1724 ¹
90 1657 203 1732 gitiuos
227 1653 261 1724 Q.
276 1654 404 1714 Fabium
426 1673 571 1732 generum
594 1655 735 1716 conuiciis
750 1655 869 1731 publice
884 1656 1055 1716 lacessitum

7 1749 8 1752 ’
89 1741 248 1817 prouincia
263 1739 385 1817 expulit,
402 1739 473 1815 quia
488 1739 770 1801 Tauromenitanam
786 1759 883 1800 arcem
894 1741 952 1811 tin
968 1757 1055 1800 cursu

88 1826 160 1886 belli
180 1823 379 1902 fugitiuorum
400 1823 591 1900 prodidisset.

154 1912 184 1970 3.
218 1907 332 1969 Censor
353 1909 478 1968 Fuluius
499 1909 625 1968 Flaccus
647 1908 771 1968 fratrem
791 1908 951 1982 Fuluium,
972 1907 1053 1985 quod
1071 1918 1122 1982 ⁷‚t

54 2010 81 2052 ao
93 1994 238 2071 quosdam
260 1995 377 2054 iniussu
398 1993 528 2054 consulis
551 1993 606 2054 sub
629 1995 795 2054 commeatu
816 1991 988 2066 dimisisset,
1011 2011 1055 2053 ae-

88 2084 160 2140 natu
182 2079 307 2155 depulit.

151 2164 182 2224 4.
218 2163 392 2223 Postumius
425 2163 555 2223 dictator
582 2162 695 2222 Aulum
723 2162 912 2222 Postumium
946 2161 1053 2238 filium,
1071 2173 1122 2234 ⁷,6

90 2248 169 2325 quod
190 2247 307 2308 iniussu
327 2265 381 2308 suo
402 2247 435 2307 in
456 2246 574 2307 hostem
587 2250 781 2324 processerat,
805 2248 944 2324 quamuis
960 2248 1054 2307 uicto-

90 2352 152 2392 rem
173 2332 263 2392 iussit
285 2332 381 2392 securi
402 2333 530 2407 percuti.

54 2433 79 2474 es
155 2418 184 2476 5.
218 2415 389 2494 Torquatus
403 2434 522 2492 quoque
537 2416 641 2476 consul
655 2416 735 2476 bello
751 2415 865 2476 Gallico
880 2417 918 2476 ad
933 2417 1054 2477 comitia
1072 2424 1121 2489 ⁷‚6

90 2502 214 2562 Romam
242 2501 396 2562 discedens
422 2500 484 2560 filio
513 2503 611 2560 castra
638 2501 788 2560 commisit
815 2500 871 2560 sub
894 2504 1053 2577 praecepto

158 2623 171 2670 1
190 2614 308 2685 quaestui
319 2615 329 2684 ΙΙ
350 2620 366 2668 2
384 2616 497 2669 auctum
521 2630 555 2668 ue
574 2614 643 2679 eod..
662 2630 710 2668 em.
729 2614 819 2669 Halm
839 2615 849 2684 ll
870 2613 1056 2683 torbitat<is

92 2683 235 2754 dolor>em
252 2683 403 2738 adcredere
416 2683 487 2751 prob
528 2682 599 2736 ‘liter
618 2682 718 2737 Gertz*
731 2683 769 2752 llo
786 2681 894 2736 hinnite
915 2682 927 2762 ΙΙ
948 2688 963 2737 7
982 2682 1012 2737 et
1022 2713 1056 2724 -

92 2751 165 2805 idem
191 2768 205 2805 e
230 2751 385 2820 coarctasti
410 2750 602 2806 additamento
634 2750 680 2820 (cf.
699 2750 812 2816 lire10)
835 2750 889 2805 huc
913 2750 1057 2818 arrepsisse

93 2834 159 2874 ceres.
176 2818 328 2874 Eberhard
344 2819 362 2878 t.
380 2834 421 2874 o..·
446 2824 518 2873 certe
538 2833 596 2873 rcere
612 2823 678 2873 suet
695 2817 852 2887 Nepotiani
872 2818 882 2886 ΙΙ
903 2833 968 2870 mox
985 2817 1054 2884 cort,

93 2901 151 2940 mos
169 2886 258 2944 Halm
275 2889 285 2955 ΙΙ
302 2892 319 2940 8
336 2885 510 2955 militarent
528 2886 707 2964 numetiamss
728 2891 757 2938 11
776 2883 913 2954 denique]
932 2885 1055 2953 indeque

94 2956 279 3024 (21116121)
299 2954 400 3010 Gertz*
413 2955 423 3023 ΙΙ
438 2960 468 3007 12
486 2953 550 3008 lixis
568 2952 668 3020 ellici,
685 2953 780 3007 hxisse
798 2953 856 3007 cod.
870 2953 880 3022 11
892 2953 1056 3021 praecinctu

93 3026 135 3088 (=
146 3023 231 3083 rodo)
249 3026 329 3088 recte,
346 3027 379 3077 ut
395 3022 465 3088 uid,
479 3020 583 3076 Gertz*
595 3023 605 3090 ΙΙ
619 3027 652 3076 16
669 3020 782 3090 siciliill
796 3025 828 3074 16
845 3037 884 3074 ors
901 3019 1056 3074 laceratum

93 3095 183 3159 cipp.
195 3093 256 3156 193,
268 3094 301 3154 3;
318 3093 444 3156 204,12,·
462 3091 528 3156 223,
539 3092 594 3155 22,·
611 3092 674 3156 291,
684 3093 701 3145 7
707 3089 744 3157 ,911
763 3094 794 3143 17
811 3089 893 3141 tauro
910 3088 1017 3141 mitani
1038 3088 1043 3157 l

92 3157 121 3210 in
137 3174 218 3211 cursu
234 3156 305 3211 belli
321 3158 380 3228 fug.
393 3159 483 3226 pluer
499 3159 642 3226 superflue
659 3173 715 3212 esse
727 3161 792 3224 post
809 3156 924 3210 initium
940 3155 1025 3210 tries

94 3230 119 3279 et
135 3226 274 3292 expectari
287 3226 384 3293 potres
404 3225 514 3279 incuria.
531 3242 582 3280 sua
598 3225 772 3294 prodidisset
788 3228 859 3278 recte
875 3223 1056 3278 animaduer-

95 3293 129 3348 tr't
146 3293 256 3359 ocem,
285 3307 325 3347 ore
346 3293 455 3347 incuria
475 3293 545 3347 belli
566 3293 695 3363 fugitiuis
717 3291 909 3361 prodidisset?
942 3293 1056 3345 incursu

97 3361 182 3432 [belli]
205 3360 393 3428 fugitiuorum
409 3360 510 3415 Nocet
533 3362 543 3431 ΙΙ
567 3366 600 3416 18
621 3361 805 3430 fugitiuorum
829 3361 839 3427 ΙΙ
863 3365 896 3414 23
920 3374 969 3413 suo
988 3360 1055 3415 add.

96 3429 270 3484 Kellerbauer
287 3429 293 3492 Ι
305 3434 339 3483 24
349 3428 460 3498 perclit'
465 3429 484 3550 Α
497 3435 530 3484 26
542 3429 661 3482 Romam
673 3441 733 3495 eos,
745 3442 862 3482 romanu
873 3426 930 3481 cod.
944 3426 1052 3498 Holmll

97 3497 239 3552 discedens
290 3497 334 3565 αι’,
360 3497 463 3552 descen

484 3512 532 3552 ens
550 3497 609 3552 cod.
627 3496 728 3564 Halm,
757 3496 808 3565 qui
824 3499 917 3550 temere
934 3495 1001 3551 odd.
1016 3512 1057 3550 an

97 3565 246 3624 decedens?
