2590 3948
219 1037 342 1104 Valerii
370 1035 504 1101 Maximi
531 1034 691 1100 factorum
721 1036 753 1098 et
781 1033 940 1098 dictomm
968 1055 1124 1100 memora-

151 1125 269 1190 bilium
284 1123 385 1186 libros
400 1124 437 1186 ut
456 1123 531 1204 post
551 1120 687 1205 triginta
709 1123 862 1202 quattuor
884 1139 985 1184 annos
1007 1120 1123 1184 iterum

154 1210 284 1274 ederem
307 1227 421 1272 causae
443 1227 495 1270 me
510 1207 754 1270 commouerunt
769 1203 960 1288 complures.
999 1225 1036 1270 ac
1057 1205 1123 1288 pri·

151 1315 244 1359 mum
266 1292 395 1376 quidem
418 1289 632 1354 animaduerti
654 1310 695 1354 no
718 1287 826 1354 Caroli
848 1289 976 1372 quidem
1000 1288 1123 1354 Halmii

154 1399 248 1460 cura,
276 1397 469 1461 quamquam
495 1374 548 1439 uir
575 1374 631 1440 ille
659 1373 860 1438 doctissimus
890 1376 923 1438 et
945 1372 983 1438 de
1005 1374 1122 1439 litteris

153 1463 276 1547 optime
303 1461 437 1545 meritus
464 1459 581 1542 multa,
610 1458 649 1523 da
677 1459 794 1542 quibus
820 1459 1026 1524 restituendis
1054 1460 1122 1544 ipse

151 1548 411 1631 desperaueram,
434 1543 578 1609 feliciore
591 1543 782 1608 'coniectura
802 1544 940 1626 sanauit,
964 1547 1021 1608 aut
1041 1565 1123 1628 quae

151 1633 262 1697 minus
293 1634 380 1695 recte
413 1629 641 1694 constitueram
671 1627 838 1692 subtiliore
866 1627 986 1692 iudicio
1016 1649 1123 1694 emen·

53 1775 55 1780 .
151 1717 259 1798 dauit,
288 1736 358 1779 earn
385 1713 461 1778 huic
483 1713 571 1798 operi
593 1711 732 1776 formam
754 1733 823 1776 esse
845 1712 1018 1796 redditam,
1040 1734 1122 1798 quae

151 1801 293 1866 debebat
315 1801 347 1864 et
369 1801 497 1883 poterat
519 1798 698 1862 accuratius
721 1800 754 1861 et
776 1796 962 1883 diligentius
978 1799 1121 1863 excussis

150 1884 274 1952 ueteris
296 1883 473 1967 scripturae
494 1882 642 1947 testibus.

218 1967 272 2033 Me
294 1969 400 2053 ipsum
421 1967 537 2049 fateor,
561 1988 633 2031 curn
649 1965 774 2031 Bernae
794 1967 936 2032 codicem
958 1970 1121 2052 praestan·

150 2054 315 2120 tissimum
348 2051 534 2117 adulescens
567 2051 703 2116 necdum
737 2052 772 2116 in
801 2051 948 2134 legendis
975 2055 1121 2117 ueterum

153 2140 351 2223 scriptorum
373 2137 465 2201 libris
487 2138 713 2220 manuscriptis
729 2137 932 2219 exercitatus,
955 2142 1121 2221 praeterea

150 2223 308 2308 temporis
321 2222 480 2307 angustiis
491 2243 619 2306 pressus
630 2224 734 2285 totum
744 2220 934 2301 conferrem,
950 2244 1017 2286 non
1031 2222 1122 2286 nulla

151 2309 310 2374 adnotatu
340 2306 439 2392 digna
464 2306 731 2390 praetermisisse,
761 2307 825 2370 alia
854 2312 910 2371 aut
937 2308 1036 2372 oculis
1067 2307 1120 2371 de-

151 2397 283 2478 ceptum
312 2396 368 2456 aut
394 2412 462 2456 non
493 2390 630 2456 discreta
658 2391 845 2456 uetustioris
873 2392 996 2456 librarii
1024 2413 1121 2456 manu

125 2473 128 2480 ’
153 2479 196 2543 ab
213 2475 420 2542 emendatore
432 2477 528 2560 paulo
543 2477 720 2541 recentiore
736 2497 848 2560 parum
863 2481 949 2542 recte
965 2481 1121 2542 enotasse.

151 2583 250 2647 quam
279 2583 382 2625 meam
409 2560 649 2647 neglegentiam
677 2582 749 2625 cum
771 2561 806 2625 in
828 2560 1029 2645 praefatione
1058 2562 1120 2626 edi·

150 2648 253 2712 tionis
276 2654 351 2710 suae
374 2645 576 2731 obiurgasset
598 2650 695 2729 atque
718 2647 823 2710 acrius
845 2648 1046 2730 castigasset,
1070 2668 1121 2711 me

150 2733 313 2797 monitum
341 2732 381 2795 ab
409 2733 520 2794 amicis
543 2730 761 2795 Beruensibus
788 2752 854 2795 nou
884 2733 1009 2810 omnia,
1039 2753 1121 2816 quae

150 2817 232 2882 mihi
255 2816 443 2896 obiecisset,
473 2816 588 2880 merito
611 2837 680 2880 esse
702 2815 843 2900 obiecta,
868 2825 964 2901 atque
987 2817 1121 2881 omnino

150 2924 193 2966 ne
221 2902 327 2986 ipsum
356 2900 483 2985 quidem
506 2899 671 2964 Halmium
698 2904 784 2965 recte
813 2903 921 2966 omnia
950 2902 988 2966 de
1013 2902 1121 2966 codice

152 2987 311 3050 Berneusi
330 2985 489 3068 retulisse,
512 3007 671 3049 summum
694 2987 778 3069 cepit
800 2986 992 3052 desiderium
1015 2986 1121 3051 denuo

152 3076 260 3136 totum
282 3070 374 3134 illum
398 3070 515 3134 librum
539 3070 725 3135 conferendi
749 3072 1036 3136 at'accuratissime
1051 3093 1122 3155 per·
1167 3104 1171 3110 ·

151 3155 346 3241 uestigandi.
391 3155 424 3218 id
451 3159 488 3219 ut
513 3155 595 3219 mihi
624 3157 828 3241 contingeret
849 3156 973 3221 factum
996 3161 1045 3221 est
1066 3177 1122 3221 uo-

151 3243 279 3306 luntate
307 3243 340 3304 et
368 3240 522 3324 obsequio
549 3240 694 3305 uiromm
715 3240 1037 3323 humanissimorum,
1066 3243 1122 3326 qui

57 3363 62 3374 ·
151 3333 221 3391 tum
246 3325 459 3390 bibliothecae
482 3326 639 3390 Bernensi
668 3331 851 3409 praeerant:
880 3328 927 3391 illi
958 3330 1044 3392 euim
1072 3349 1122 3391 ro·

153 3412 245 3497 ganti
267 3410 348 3474 mihi
372 3411 613 3495 promptissimo
642 3411 749 3476 animo
772 3412 912 3478 codicem
937 3413 1123 3477 Berolinum

151 3497 415 3577 transmiserunt,
438 3501 483 3577 ut,
507 3497 609 3581 quoad
625 3495 752 3577 uellem,
776 3502 893 3564 uterer.
926 3521 986 3563 nec
1001 3498 1122 3562 inuitus

153 3581 217 3647 hoc
239 3593 372 3646 munere
394 3581 441 3645 ita
461 3581 592 3645 functus
616 3603 700 3662 sum,
729 3586 765 3646 ut
787 3605 845 3667 per
867 3585 1010 3668 singulas
1033 3582 1121 3645 dein·

935 3683 971 3735 a*
