2608 3952
387 171 466 229 cae.
482 171 562 243 vm,
580 177 683 238 sa-s.
712 171 875 240 vr111‚s1.
1048 173 1114 240 265

143 327 269 394 ossibus
292 347 499 391 occursurum
522 346 616 410 quam
637 326 743 409 ipsum
765 330 833 390 tam
848 325 998 392 deformis
1016 327 1112 412 fugae

142 433 234 478 reum
256 411 415 476 uisurum:
437 411 559 495 itaque,
583 411 610 474 si
633 410 709 494 quid
723 410 818 476 modo
832 410 991 494 reliquum
1005 412 1041 476 in
1059 433 1112 496 pe·

145 501 233 562 ctore
255 495 466 561 uerecundiae
488 499 681 580 superesset,
704 499 912 580 conspectum
926 497 1113 582 degenerati

144 582 246 668 patris
274 581 465 646 uiteturum:
498 580 718 645 recordatione
744 581 831 646 enim
856 580 1007 646 iuuentae
1037 603 1112 648 suae

143 666 247 752 qualis
262 665 306 730 M.
324 664 444 731 Scauro
467 669 523 730 aut
543 664 708 730 habendus
731 669 787 730 aut
808 665 1005 750 spernendus
1026 666 1140 732 filiuss

144 753 229 816 esset
250 750 490 818 admonebatur.
524 771 585 834 quo
607 751 723 815 nuntio
746 754 878 834 accepto
893 750 1019 817 iuuenis
1041 772 1112 816 coa-

144 840 215 902 ctus
231 839 281 900 est
294 835 410 900 fortius
425 834 577 899 aduersus
593 838 694 900 semet
707 835 813 919 ipsum
828 835 938 921 gladio
953 837 1001 902 uti
1016 857 1112 920 quam

144 922 298 986 aduersus
319 919 428 985 hostes
449 941 525 984 usus
547 919 661 984 fuerat.

212 1005 243 1072 5.
280 1004 349 1070 Nec
371 1005 478 1070 minus
501 1005 645 1070 animose
667 1005 707 1068 A.
728 1003 862 1070 Fuluius
886 1006 937 1069 uir
958 1005 1112 1072 senatorii

143 1089 265 1156 ordinis
288 1094 418 1154 euntem
440 1089 475 1153 in
497 1089 598 1154 aciem
620 1088 723 1154 filium
744 1089 880 1154 retraxit
900 1112 997 1174 quam
1016 1089 1111 1158 Scau·
1126 1106 1154 1146 1⁰

143 1197 199 1240 rus
221 1195 261 1240 ex
279 1174 402 1258 proelio
417 1173 596 1258 fugientem
611 1174 787 1258 increpuit:
807 1196 947 1259 namque
962 1176 1112 1241 iuuenem

143 1263 176 1324 et
191 1259 324 1345 ingenio
340 1263 374 1324 et
388 1259 504 1324 litteris
519 1262 552 1322 et
565 1259 669 1323 forma
682 1259 769 1324 inter
782 1262 931 1343 aequales
945 1261 1111 1337 nitentem,

143 1365 246 1430 prauo
274 1343 409 1409 consilio
442 1343 617 1408 amicitiam
647 1343 807 1408 Catilinae
839 1348 983 1410 secutum
1015 1345 1113 1429 inque

144 1431 251 1494 castra
273 1429 341 1494 eius
362 1429 533 1496 temerario
555 1429 679 1511 impetu
700 1433 847 1493 ruentem
868 1429 974 1493 medio
996 1430 1112 1494 itinere

143 1514 338 1578 abstractum
364 1535 401 1579 su
426 1513 522 1597 plicia
550 1513 664 1578 mortis
692 1512 826 1595 adfecit,
854 1513 1019 1596 praefatus
1045 1527 1154 1578 non1⁵

142 1621 177 1663 se
193 1597 353 1663 Catilinae
375 1535 467 1663 ilitm
489 1597 642 1662 aduersus
663 1597 802 1680 patriam
809 1645 818 1678 ,
841 1597 898 1661 sed
916 1599 1040 1681 patriae
1059 1598 1111 1662 ad·

146 1704 255 1748 uersus
271 1683 446 1748 Catilinam
467 1684 628 1767 genuisse.
660 1681 763 1759 licuit,
788 1681 887 1747 donec
909 1682 986 1746 belli
1008 1683 1112 1748 ciuilis

144 1768 251 1833 rabies
266 1769 467 1852 praeteriret,
482 1768 643 1832 inclusum
658 1788 781 1832 arcere:
805 1788 917 1831 uerum
932 1767 1012 1832 illud
1027 1767 1112 1832 cauti

144 1853 246 1937 patris
267 1857 458 1918 narraretur
479 1875 576 1937 opus,
600 1851 661 1916 hoc
685 1853 789 1916 seueri
810 1851 958 1918 refertur.

206 1935 316 2003 VIIII.
344 1936 406 2002 Sed
428 1940 464 2002 ut
485 1937 570 2002 hanc
591 1936 758 2002 incitatam
780 1941 813 2002 at
827 1957 972 2020 asperam
994 1936 1109 2002 seueri-
1123 1949 1154 1991 ²⁰

141 2023 243 2086 tatem
265 2022 409 2087 mitiores
430 2021 525 2087 relati
546 2026 676 2106 patrum
697 2043 803 2087 morea
826 2022 1013 2086 clementiae
1035 2043 1111 2086 suae

141 2106 281 2204 mixtura
306 2109 504 2192 temperent,
532 2111 661 2172 exactae
687 2127 812 2190 poenae
840 2128 991 2172 concessa
1016 2108 1112 2172 uenia

141 2196 303 2276 lungatur.

198 2393 261 2459 DE
283 2391 529 2459 PARENTVM
550 2391 783 2459 ADVERSVS
805 2392 1049 2460 SVSPECTOS

353 2476 540 2543 LIBEROS
562 2476 897 2543 MODERATIONE.
1124 2492 1151 2533 2⁵

208 2599 237 2663 1.
261 2597 297 2663 L.
314 2596 436 2662 Gellius
455 2596 604 2661 omnibus
618 2595 795 2660 honoribus
810 2596 851 2660 ad
874 2617 1041 2662 censuram
1056 2599 1108 2664 da·

143 2682 284 2761 functus,
301 2704 373 2748 cum
387 2681 578 2767 grauissima
593 2679 727 2744 erimina
741 2680 780 2744 de
794 2679 870 2763 filio,
886 2681 921 2745 in
936 2703 1110 2747 nouercam

142 2768 339 2832 conmissum
354 2769 498 2850 stuprum
514 2767 547 2828 et
563 2764 770 2848 parricidium
786 2764 975 2849 cogitatum,
992 2788 1110 2913 prope·

140 2853 271 2916 modum
293 2852 461 2935 explorata
481 2849 629 2932 haberet,
651 2870 720 2914 non
740 2854 850 2915 tamen
873 2851 912 2914 ad
934 2853 991 2915 uin
1013 2851 1110 2916 ictam

210 3022 223 3071 1
243 3018 435 3096 occursnrum]
454 3016 522 3072 add.
539 3017 624 3074 fnisse
641 3017 725 3098 an,
747 3019 820 3090 qaod
836 3034 918 3090 acere
935 3019 1112 3098 desideratam

144 3087 183 3157 nt
200 3085 387 3148 uerecund1ae
405 3085 443 3140 L¹
464 3086 474 3154 ll
496 3085 663 3208 degenerati
680 3087 751 3154 LA,
774 3088 849 3168 quod
871 3086 981 3154 defend.
997 3086 1110 3142 Paraso-

5 3177 19 3194 a
140 3154 208 3210 aiae
226 3152 436 3276 ctMadaa'pII
448 3157 509 3221 368,
548 3170 700 3225 egenerem
716 3155 889 3221 lrat1Halm,
907 3155 1032 3222 degener
1044 3151 1110 3208 lrati

140 3252 173 3263 -
192 3221 297 3276 uitaret
313 3222 372 3292 Pio
390 3222 436 3278 tas
447 3223 458 3291 ΙΙ
470 3229 487 3277 4
504 3223 722 3278 recordaatione
735 3223 762 3277 L
774 3221 811 3292 116
830 3222 953 3292 acceptis
966 3221 1003 3276 L¹
1017 3223 1026 3290 l
1039 3228 1055 3276 9
1066 3219 1110 3276 Ne

140 3291 250 3413 L¹A¹p
258 3288 305 3361 A.]
324 3291 429 3345 anulus
447 3298 473 3370 (r
484 3293 569 3369 laras.)
581 3291 608 3345 L
621 3292 630 3359 ΙΙ
645 3297 674 3345 11
695 3292 741 3359 ex]
761 3292 791 3345 et
808 3291 886 3356 Μ’,
906 3306 922 3345 e
939 3291 979 3343 Αι
991 3290 1001 3359 ΙΙ
1015 3295 1047 3344 11
1064 3306 1110 3342 ru·

140 3359 205 3414 ente
253 3359 295 3414 ¹A
315 3359 326 3428 l
348 3363 379 3413 16
403 3358 546 3414 catillmae
563 3375 604 3414 sac
620 3365 663 3413 tar
680 3359 760 3413 L¹A¹
782 3360 792 3429 ΙΙ
814 3364 846 3414 19
864 3357 994 3413 narretur
1011 3357 1081 3412 LA¹

138 3431 173 3483 20
190 3427 240 3482 sed
258 3428 287 3482 et
303 3428 337 3481 ut
353 3427 413 3482 LA
447 3432 479 3481 21
497 3425 616 3482 mitioris
634 3426 716 3481 L¹A¹
735 3429 795 3496 1124
813 3426 926 3482 titulum
942 3441 994 3484 om.
1011 3427 1082 3481 Par.

138 3500 171 3550 2⁷
189 3511 313 3550 nouerca
329 3497 399 3555 Par.
448 3495 517 3559 alm,
536 3512 586 3552 aec
602 3494 689 3562 mala·
705 3500 737 3550 at
753 3512 781 3550 a.
800 3494 868 3564 Diy.
886 3493 1031 3550 XLVIII
1038 3499 1065 3562 5,
1076 3497 1094 3550 6
1098 3513 1110 3560 ‚·

16 3563 23 3576 “
137 3565 189 3629 38,·
205 3564 264 3632 421}
277 3569 309 3619 28
328 3565 458 3634 strupum
475 3563 513 3618 L¹
