2604 3960
427 171 597 239 cAP.v111‚
614 171 677 229 Exr.
696 178 710 237 s
731 179 803 227 1-3.
1035 175 1095 238 159

193 326 222 390 2.
247 325 390 390 Phocion
405 346 491 404 uero,
515 347 589 389 cum
605 323 819 390 Athenienses
842 347 909 390 rem
932 325 1025 389 aliter
1046 328 1094 390 at·

124 431 188 495 que
220 411 289 494 ipse
321 415 466 475 suaserat
498 430 648 494 prospere
680 411 974 488 administrassent,
1013 410 1092 474 adeo

124 515 334 580 perseuerans
351 497 531 586 sententiae
546 516 621 559 suae
636 499 859 580 propugnator
874 495 991 576 extitit,
1007 496 1093 559 utin

126 580 279 644 contione
293 580 407 644 laetari
423 579 552 664 quidem
571 599 605 642 se
628 600 774 644 successu
796 601 918 660 eorum,
941 580 995 644 sed
1018 600 1093 643 con·

122 665 232 729 silium
254 667 364 729 tamen
386 685 478 728 suum
500 664 670 748 aliquanto
693 665 807 729 melius
828 665 929 729 fuisse
957 664 1118 728 diceretrs

122 749 300 814 nonenim
323 749 492 814 damnauit
513 747 596 833 quod
619 751 706 813 recte
733 749 876 832 uiderat,
905 749 980 833 quia
1008 749 1092 832 quod

123 835 208 898 alius
231 834 314 900 male
336 834 540 899 consuluerat
567 835 650 898 bene
679 840 832 912 cesserat,
859 833 985 899 felicius
1013 832 1091 896 illud

124 919 324 1000 existimans,
347 918 409 982 hoe
424 918 611 1004 sapientius.
634 921 667 982 et
690 938 766 983 sane
781 918 933 983 blandum
949 917 1092 982 animum

121 1003 299 1068 temeritati
321 1023 411 1068 casus
440 1003 536 1085 facit,
567 1002 621 1066 ubi
643 1024 745 1086 prauo
772 1003 905 1068 consilio
934 1002 1092 1086 propitius

123 1089 265 1172 aspirat,
309 1108 436 1172 quoque
472 1087 694 1152 uehementius
731 1093 861 1171 noceat,
898 1086 1091 1171 insperatius
1107 1105 1131 1146 u

122 1173 262 1258 prodest.
298 1173 416 1256 placidi
432 1175 465 1236 et
479 1171 700 1237 misericordes
716 1176 749 1236 et
770 1172 919 1237 liberales
942 1172 1092 1255 omnique

122 1257 285 1322 suauitate
311 1257 482 1341 temperati
512 1277 616 1320 mores
641 1255 830 1335 Phocionis,
864 1278 943 1341 quos
972 1257 1092 1339 optime

122 1341 271 1427 prolecto
294 1363 469 1406 consensus
490 1341 634 1405 omnium
648 1341 804 1405 bonitatis
827 1342 1018 1428 cognomine
1042 1340 1093 1404 de·

123 1427 280 1492 corandos
296 1427 429 1492 censuit.
467 1426 576 1509 itaque
592 1427 785 1504 constantia,
809 1447 891 1510 quae
911 1429 1029 1489 natura
1050 1426 1092 1488 ri·

122 1511 231 1662 {idion
266 1511 412 1594 uidetur,
448 1511 530 1575 lenis
565 1531 581 1574 e
618 1514 784 1574 mansueto
821 1513 949 1594 pectore
983 1509 1089 1574 fiuxit:
1104 1526 1128 1566 1⁵

149 1597 268 1661 ocratis
284 1600 391 1661 autem
413 1595 576 1659 uirilitatis
598 1594 714 1658 robore
729 1594 866 1659 uallatus
889 1595 1014 1658 animus
1037 1593 1093 1656 ali·

122 1685 244 1766 quanto
290 1679 480 1746 raefractius
498 1679 757 1764 perseuerantiae
778 1679 959 1778 exemplum
983 1677 1091 1742 edidit.

189 1767 220 1830 3.
275 1767 405 1830 niuersa
428 1765 543 1830 ciuitas
559 1763 808 1828 Atheniensium
830 1763 1031 1848 inrquissimo
1055 1782 1092 1826 ac

122 1850 400 1916 truculentissimo
438 1849 545 1914 furore
582 1849 736 1912 instincta
772 1849 811 1914 de
845 1848 948 1932 capite
983 1847 1092 1911 decem

122 1938 324 2020 praetorum,
363 1935 418 2018 qui
452 1933 535 2018 apud
574 1933 772 2018 Arginussas
808 1931 1092 1998 Lacedaemoniam
1106 1947 1132 1990 aa

123 2020 260 2085 classem
275 2020 474 2100 deleuerant,
490 2019 615 2083 tristem
630 2018 825 2083 sententiam
840 2018 970 2082 tulerat.
1007 2018 1093 2081 forte
1178 2081 1181 2086 .

122 2107 203 2169 tune
226 2105 293 2169 eius
321 2105 492 2188 potestatis
515 2103 680 2187 Socrates,
708 2104 797 2167 cuius
826 2103 959 2168 arbitrio
988 2101 1094 2185 plebei

122 2189 205 2254 scita
219 2189 452 2266 ordinarentur,
474 2188 645 2272 indignum
660 2187 806 2252 iudicans
821 2191 870 2252 tot
885 2190 917 2252 et
931 2191 998 2252 tam
1011 2188 1094 2250 bene

124 2274 256 2338 meritos
275 2275 336 2358 [et]
354 2271 490 2358 indigna
505 2293 599 2336 causa
614 2273 736 2356 impetu
751 2272 892 2337 inuidiae
914 2271 1027 2354 abripi,
1051 2274 1095 2334 te·

193 2481 209 2530 3
227 2477 415 2544 perseuerant
438 2475 496 2543 (aad
513 2473 548 2529 ni
569 2475 601 2527 iu
624 2473 713 2528 litura
730 2474 771 2539 A,
795 2479 827 2527 ut
844 2488 894 2529 nos
911 2474 938 2528 L
956 2479 981 2528 et
998 2486 1093 2542 mcrpo
1138 2511 1141 2516 .

121 2544 151 2598 A
172 2543 182 2612 11
204 2550 218 2597 7
238 2543 321 2614 alius]
341 2542 463 2613 populus
479 2541 600 2611 Wcuslcy
613 2556 644 2608 p.
662 2545 679 2594 7
699 2543 709 2608 1
730 2546 858 2610 gesserat
875 2542 946 2595 L¹A
963 2540 1063 2595 Wcaelr
1083 2581 1092 2605 ,

122 2616 154 2665 ot
171 2628 199 2664 a.
218 2611 252 2670 ef'
277 2625 364 2665 mcum
385 2610 483 2664 maior.
506 2611 516 2678 1
539 2615 555 2663 8
573 2609 660 2662 etiam
682 2624 748 2662 sane
767 2608 838 2666 LA.
864 2609 1011 2663 emendaret
1031 2557 1083 2662 coll

122 2678 203 2733 IIII
216 2683 233 2732 1
251 2684 305 2734 act.
322 2683 355 2744 9;
380 2678 405 2730 V
420 2680 451 2741 2,
466 2681 486 2731 8
503 2682 529 2732 et
546 2682 599 2733 cot.
617 2679 649 2740 4‚·
681 2675 725 2729 VI
738 2679 764 2739 3,
781 2680 814 2740 9;
836 2675 899 2730 VII
913 2679 941 2740 2,
960 2676 1093 2744 1111111111-

122 2748 193 2800 dum
220 2777 251 2787 -
277 2746 357 2815 facit]
392 2744 517 2799 inflando
548 2744 671 2797 animum
708 2745 869 2798 temeritate
901 2760 980 2797 casus
1009 2743 1093 2796 nocet

128 2813 250 2884 chsky
269 2815 279 2883 11
301 2820 317 2868 9
335 2813 403 2868 iacit
420 2813 493 2877 LA,
516 2828 565 2866 cm.
582 2811 615 2866 iu
632 2811 697 2869 dett.
716 2812 817 2889 paucis
833 2812 843 2878 11
861 2811 1003 2880 propicius
1019 2810 1058 2863 A¹
1078 2811 1090 2878 11

123 2888 156 2936 10
178 2881 350 2950 insperatius
372 2881 437 2935 dett.
459 2879 603 2944 nonnulli,
625 2896 637 2932 s
660 2881 764 2934 aratrus
787 2879 846 2932 LA
869 2881 878 2946 11
902 2885 930 2931 11
955 2877 1093 2932 leberales

120 2949 185 3017 A¹l
203 2956 235 3004 12
254 2949 360 3003 obtime
378 2948 505 3017 profecto
517 2947 564 3026 Af,
584 2896 712 3014 prolicto
730 2945 837 3034 optime
855 2947 894 2999 A²
906 2947 916 3014 11
931 2950 962 2999 15
980 2944 1095 2998 uidetur

135 3017 189 3072 litt.
211 3019 257 3071 tur
279 3018 312 3071 in
329 3017 399 3086 ras.)
426 3015 497 3080 LA,
524 3014 677 3068 uidebatur
697 3013 770 3076 BL,
798 3013 943 3068 uideretur
968 3011 1026 3067 OD
1046 3013 1057 3080 11
1079 3028 1093 3066 e

157 3085 204 3150 A’,
224 3084 311 3148 etA¹‚
330 3100 365 3138 ex
382 3083 492 3151 Halmii
507 3088 538 3136 16
554 3081 680 3136 uallatus
698 3082 744 3146 L²,
763 3081 886 3135 bellatus
905 3081 945 3148 L,
969 3080 1094 3150 pullatus

121 3154 170 3212 Αἱ,
189 3151 324 3221 palliatus
342 3153 380 3205 Α*
399 3156 424 3205 et
442 3152 506 3205 dett.
539 3149 574 3215 cf.
597 3148 699 3203 VIIII
712 3152 739 3208 2.
757 3152 791 3214 4,·
808 3153 843 3203 13
860 3153 913 3204 ext.
933 3151 969 3214 2;
986 3152 1028 3210 15,
1048 3150 1087 3215 11

123 3227 156 3276 11
177 3220 363 3289 praefractius
385 3219 417 3272 ia
438 3235 494 3273 ras.
519 3218 557 3282 A,
580 3217 697 3296 plactim
721 3217 773 3283 Ll,
796 3217 918 3286 plautius
942 3217 989 3280 L’,
1012 3231 1095 3283 prae·

121 3288 257 3342 structius
274 3301 369 3357 marco
386 3287 422 3352 A,
440 3287 623 3355 prostractms
637 3286 668 3349 0,
685 3285 875 3353 praestantius
894 3285 960 3340 dett.
977 3283 1060 3337 molti
1077 3284 1092 3353 11

124 3362 156 3410 18
178 3371 211 3409 ac
229 3354 468 3409 truculentissimo
490 3368 540 3407 om.
561 3355 589 3407 A
609 3354 619 3420 11
643 3359 675 3407 19
697 3353 792 3407 furore
815 3351 934 3422 Wenelcy
949 3367 977 3419 p.
996 3355 1014 3404 7
1033 3351 1094 3405 coll.

122 3423 201 3478 ΙΙΙΙ
216 3426 241 3482 6.
259 3426 276 3476 4
294 3427 319 3476 et
336 3423 432 3488 iufra,
453 3437 547 3476 errore
572 3421 630 3475 LA
648 3420 735 3475 Halm
753 3421 762 3484 11
779 3426 813 3475 ‘20
835 3420 993 3490 arginussas
1015 3433 1096 3473 cose

5 3549 12 3564 ,
124 3495 159 3556 Γ,
178 3492 358 3559 arginnussas
370 3490 407 3557 L,
427 3489 630 3559 arriginnussas
644 3491 704 3557 (sic)
716 3488 743 3540 A
756 3489 765 3555 11
779 3493 810 3541 ’11
830 3488 966 3542 deueraut
979 3488 1059 3540 L¹A¹
1080 3487 1092 3554 11

122 3565 158 3614 24
175 3560 205 3614 et
222 3559 262 3624 L,
282 3573 350 3616 eros.
369 3560 400 3611 io
418 3559 458 3623 A,
478 3574 512 3611 ex
531 3557 595 3611 dett.
610 3557 698 3624 pauci
716 3556 817 3623 Halm,
835 3571 882 3624 epo
899 3557 1003 3611 inclusi
