2606 3958
341 171 610 241 CAP.v1,sr-c.
645 174 708 230 nst.
726 180 740 240 a
760 182 835 230 1-3.
1013 179 1075 246 357

107 347 169 391 sua
202 325 483 410 iumentorumque
516 348 646 392 suorum
674 328 769 392 urina
795 328 883 392 sitim
915 331 1080 395 torserunt

10 418 14 426 '
105 409 223 476 iustius
246 409 380 474 dixerim
396 431 491 494 quam
515 414 755 494 sustentarunt,
778 413 870 496 quia,
893 413 968 478 dum
991 413 1080 479 uinci

103 496 240 574 timent,
268 494 301 558 id
329 497 416 578 passi
446 499 539 581 runt,
569 496 654 580 quod
681 518 735 562 eos
764 519 805 563 ne
827 498 931 563 uictor
952 499 1079 582 quidem

104 581 175 665 pati
198 601 255 645 coe
278 579 365 645 isset.

170 667 201 730 2.
264 665 424 730 umantini
447 669 554 730 autem
577 689 599 732 a
622 665 773 750 Scipione
794 666 882 732 uallo
905 670 938 731 et
960 683 1105 751 aggeres

107 749 315 830 circumdati,
338 771 410 814 cum
432 750 557 834 omnia,
581 771 664 834 quae
678 751 797 817 famem
819 772 930 816 eorum
951 751 1079 816 trahere

106 837 275 920 poterant,
305 835 595 919 consumpsissent,
625 836 665 901 ad
693 836 843 901 ultimum
865 836 1079 901 humanorum

107 941 282 1004 corporum
304 919 439 1003 dapibus
461 920 512 984 usi
533 924 618 985 sunt.
667 923 864 1006 quapropter
891 923 985 1005 capta
1014 922 1079 985 iam

107 1004 189 1069 urbe
212 1004 382 1088 conplures
405 1005 532 1069 inuenti
554 1008 630 1070 sunt
651 1008 739 1070 artur
762 1009 796 1071 et
816 1006 961 1072 membra
981 1008 1078 1072 truci·

108 1089 259 1154 datorum
281 1110 451 1172 corporum
474 1091 547 1155 sinu
570 1111 627 1155 suo
650 1094 824 1174 gestantes.
861 1090 952 1156 nulla
974 1092 1118 1156 estium

108 1173 163 1238 his
184 1174 386 1239 necessitatis
416 1175 592 1240 excusatio:
628 1196 703 1239 nam
733 1176 848 1259 quibus
875 1177 958 1241 mori
978 1176 1080 1255 licuit,

107 1258 155 1324 sic
177 1260 287 1324 uiuere
309 1280 439 1324 necesse
461 1280 526 1323 non
549 1259 621 1324 fuit.
1027 1331 1029 1338 y

173 1344 204 1408 3.
235 1343 361 1408 Horum
383 1345 507 1407 trucem
529 1343 742 1426 pertinaciam
764 1343 799 1408 in
821 1344 981 1409 consimili
1003 1345 1081 1410 faci·

109 1448 191 1492 nore
218 1425 537 1513 Calagurritanorum
573 1428 760 1493 execrabilis
789 1429 937 1512 impietas
972 1451 1008 1493 su
1033 1451 1079 1492 er·

109 1533 222 1598 gressa
238 1514 297 1576 est.
342 1511 414 1594 qui,
437 1532 499 1596 quo
519 1513 782 1596 'perseuerantius
805 1513 992 1596 interempti
1007 1451 1078 1579 ger·
1092 1529 1118 1572 re

108 1596 185 1662 torii
218 1595 385 1661 cineribus·
401 1596 607 1661 'obsidionem
635 1596 694 1666 On.
722 1596 857 1682 Pompei
887 1597 1080 1662 frustrantes

108 1680 205 1746 fidem
233 1683 449 1765 praestarent,
484 1683 559 1765 quia
585 1681 711 1746 nullum
739 1683 803 1746 iam
832 1682 918 1746 aliud
944 1683 979 1745 in
1001 1683 1080 1746 urbe

109 1787 221 1831 eorum
251 1771 417 1850 supererat
446 1767 581 1852 animal,
617 1788 732 1831 uxores
760 1788 833 1840 suas
860 1771 1018 1850 natosque
1039 1766 1080 1832 ad

107 1872 202 1915 usum
229 1851 372 1916 nefariae
399 1851 490 1935 dapis
519 1855 700 1916 uerterunt:
730 1873 856 1936 quoque
885 1851 1003 1923 diutius
1032 1874 1081 1916 ar·

107 1938 197 2000 mata
219 1935 370 2001 iuuentus
393 1937 516 2001 uiscera
536 1958 593 2000 sua
615 1937 794 2012 uisceribns
810 1937 881 2000 ‘suis
904 1937 1012 2018 aleret,
1032 1937 1079 2000 in·
1094 1953 1119 1992 20

107 2019 219 2085 felices
255 2020 447 2086 cadauerum
486 2021 638 2105 reliquias
670 2020 779 2106 sallire
811 2042 878 2085 non
912 2021 1080 2086 dubitauit.

108 2126 150 2169 en
184 2126 280 2187 quam
309 2105 424 2189 aliquis
452 2105 486 2170 in
516 2109 585 2171 acie
614 2106 799 2171 hortaretur
825 2110 862 2169 ut
889 2127 948 2189 pro
978 2106 1081 2170 salute

109 2188 285 2274 coniugum
314 2193 347 2253 et
373 2189 549 2255 liberorum
577 2192 708 2256 fortiter·
733 2190 915 2264 dimicaret!
953 2213 992 2255 ex
1019 2190 1081 2255 hoo

107 2273 260 2339 nimirum
293 2273 385 2338 hoste
407 2278 498 2339 tanto
522 2276 594 2340 duci
616 2297 722 2359 poena
743 2275 845 2360 magis
861 2297 957 2358 quam
979 2275 1082 2340 uicto·

107 2360 157 2422 ria
191 2358 332 2442 petenda
360 2358 437 2434 fuit,
472 2359 548 2442 quia
581 2360 653 2443 plus
685 2359 867 2424 uindicatus
897 2360 1079 2444 [libertatis]
1094 2382 1120 2423 aa

110 2463 206 2526 quam
229 2445 335 2507 uictus
357 2443 478 2528 gloriae
501 2443 625 2509 adferre
647 2445 769 2527 potuit,
799 2466 870 2510 cum
901 2467 995 2510 omne
1017 2465 1081 2510 ser-

109 2530 245 2610 pentum
274 2549 311 2592 ae
344 2527 485 2593 ferarum
518 2549 619 2612 genus
648 2531 879 2611 conparatione
908 2532 957 2594 sui
984 2529 1082 2594 titulo

110 2612 251 2676 feritatis
280 2613 453 2695 superarit:
487 2635 563 2676 nam
590 2634 671 2696 quae
700 2613 765 2678 illis
793 2614 898 2678 dulcia
920 2615 1007 2678 uitae
1035 2616 1081 2696 pi-

110 2717 215 2780 gnora
234 2697 364 2780 proprio
387 2697 502 2781 spiritu
519 2698 750 2780 concrescunt,
775 2720 812 2763 ea
828 2698 1081 2784 Calagurritanis

109 2781 244 2865 prandia
267 2787 361 2866 atque
385 2803 482 2846 cenae
505 2782 693 2846 extiterunt.
1093 2815 1119 2858 30

108 2963 193 3020 dione
214 2967 253 3018 Α1
270 2966 460 3087 lltfflffimamq‘
478 2968 526 3032 ΑΙ,
545 2967 677 3021 ultimam
701 2983 760 3035 usq.
780 2969 819 3020 A²
836 2982 893 3021 aon
910 2967 1081 3035 aspectante

256 3052 274 3086 u

107 3033 236 3100 Halmio,

108 3101 219 3155 nariam
237 3103 276 3155 Α2

176 3175 192 3222 2
210 3170 405 3223 sustentarent
422 3170 459 3223 Αι
472 3171 482 3238 11
496 3177 511 3224 t
530 3185 547 3224 a
565 3170 604 3223 A²
621 3171 701 3236 Per,
720 3185 771 3228 om.
784 3170 855 3224 LA¹
868 3171 878 3239 ΙΙ
893 3176 924 3224 14
942 3169 1082 3238 oallagur·

299 3034 385 3090 imam
406 3034 534 3087 ciborum
553 3038 582 3088 et
599 3039 684 3104 potus
698 3039 731 3102 Γ,
750 3040 782 3089 ut
800 3050 850 3090 noa
864 3035 891 3088 L
907 3034 977 3089 Por.
991 3037 1001 3104 ll
1013 3051 1081 3104 poe-

7 3249 8 3254 ’
107 3237 269 3306 gitanorum
292 3236 350 3299 (secl
367 3236 449 3302 infra
466 3239 546 3292 recte
570 3238 744 3308 calagurrit.)
770 3239 829 3292 LA
849 3241 859 3307 ΙΙ
882 3255 1082 3307 superegressa

106 3305 145 3362 Α1
157 3304 169 3374 ll
181 3311 214 3360 ‘23
233 3303 396 3358 dimicaret*
415 3305 445 3374 (i.
461 3321 482 3360 c.
495 3306 552 3372 tur,
570 3306 619 3360 secl
636 3308 682 3361 ret
698 3306 731 3360 ta
748 3308 816 3374 ras.)
833 3308 862 3360 A
874 3307 884 3374 ΙΙ
897 3312 930 3358 24
948 3306 1037 3361 hoste·
1049 3309 1082 3362 in

105 3387 160 3428 rac.
181 3389 216 3426 m.
234 3375 254 3426 2
276 3374 303 3425 A
324 3373 338 3451 ll
356 3373 458 3442 magis]
485 3373 551 3427 duci
570 3376 642 3444 (erpo
661 3375 713 3440 bic)
732 3374 759 3428 L
782 3376 791 3442 ΙΙ
812 3380 846 3428 25
868 3374 1009 3430 libertatis
1027 3377 1080 3432 del.

105 3440 285 3506 Perizonius,
310 3440 458 3509 dignitatis
481 3439 614 3498 Focrtacb
635 3443 675 3495 11
694 3443 759 3511 3311
783 3447 816 3496 28
839 3441 949 3496 feriatis
972 3443 1081 3515 L¹A1ll

105 3524 202 3575 namq.
221 3508 277 3562 illis
294 3509 334 3570 Α1
347 3510 357 3579 ΙΙ
370 3514 403 3564 29
422 3508 480 3562 sint
498 3509 536 3563 L¹
