2606 3958
213 178 279 246 374
628 174 698 234 ma.
716 174 789 230 vnn
859 173 866 184 ‘

279 332 308 396 8.
332 329 409 396 Non
430 327 658 412 subprimenda
678 326 767 392 illius
782 349 911 413 quoque
926 328 1110 411 damnatio,
1134 331 1193 415 qui

214 415 342 500 pueruli
370 413 420 479 sui
446 414 548 480 nimio
578 433 685 478 amore
713 416 893 496 correptus,
922 418 1058 498 rogatus
1088 415 1131 479 ab
1154 437 1191 480 eo

215 500 283 565 ruri
305 503 341 565 ut
355 520 504 597 omasum
515 499 550 563 in
566 519 678 563 cenam
692 497 762 562 fieri
784 498 925 580 iuberet,
950 519 1023 563 oum
1048 499 1190 564 bubulae

187 581 787 735 ⁶renamorealmes
803 582 893 732 ab
912 581 1060 751 lssllt
1084 587 1189 753 §ab

214 756 346 821 nomine
374 753 505 838 publiea
530 753 717 837 quaestione
745 750 893 816 adflictus
922 756 987 837 est,
1015 754 1188 836 innocens,

214 840 279 904 nisi
300 843 368 904 tam
389 838 496 921 prisco
519 837 646 902 saeculo
669 838 766 901 natus
789 839 883 901 esset.

250 948 254 954 ·
278 924 423 988 Ambost.
456 923 484 986 1.
508 922 614 1005 Atque
636 924 673 986 ut
695 942 748 986 eos
770 942 898 1006 quoque
920 921 1108 1005 referamus,
1132 923 1189 1006 qui
1284 987 1285 996 ,

214 1011 249 1073 in
280 1007 451 1073 discrimen
477 1006 592 1089 eapitis
620 1005 751 1072 adducti
777 1027 883 1090 neque
910 1006 1051 1070 damnati
1081 1027 1189 1091 neque

177 1116 202 1156 ιο
215 1092 357 1159 absoluti
380 1094 472 1170 sunt,
500 1090 587 1174 apud
609 1089 653 1155 M.
679 1090 840 1176 Popilium
863 1090 1039 1158 Laenatem
1060 1097 1190 1175 praeto-

216 1199 283 1242 rem
306 1175 478 1261 quaedam,
502 1175 586 1259 quod
607 1178 743 1239 mairem
764 1174 849 1240 fuste
863 1195 1048 1259 percussam
1069 1177 1190 1241 intere-

216 1265 334 1343 merat,
364 1281 493 1325 causam
522 1259 612 1325 dixit.
653 1260 703 1325 -de
731 1280 793 1344 qua
821 1263 971 1325 neutram
997 1262 1033 1325 in
1061 1263 1189 1344 partem

216 1349 300 1411 latae
316 1347 495 1411 sententiae
518 1347 610 1429 sunt,
634 1347 710 1428 quia
726 1345 852 1409 abunde
868 1345 1038 1411 constabat
1053 1344 1191 1410 eandam

216 1452 343 1496 ueneno
358 1435 547 1496 necatorum
562 1430 735 1495 liberorum
750 1428 859 1494 dolore
874 1433 1081 1509 commotam,
1106 1451 1189 1514 quos
1285 1485 1286 1490 ,

178 1537 204 1578 15
217 1518 292 1582 auia
312 1515 398 1580 filiae
420 1516 548 1580 infensa
562 1515 750 1596 sustulerat,
772 1514 981 1598 parricidium
994 1513 1098 1579 ultam
1116 1535 1189 1580 esse

216 1601 396 1686 parricidio
442 1621 578 1685 quorum
607 1600 745 1664 altarum
767 1599 908 1679 ultione,
935 1600 1074 1664 alterum
1096 1599 1191 1664 abso·

216 1687 342 1752 lotione
364 1707 431 1750 non
453 1687 484 1750 di
509 1707 587 1750 num
609 1684 785 1748 iudicatum
807 1687 866 1748 est.

279 1772 310 1835 2.
345 1770 467 1835 Eadem
486 1707 703 1835 baesitatione
725 1767 821 1833 Publi
844 1789 971 1852 quoque
995 1767 1188 1834 Dolabellae

216 1855 439 1940 proconsulari
460 1855 596 1937 imperio
619 1854 733 1918 Asiam
755 1852 932 1918 obtinentis
955 1854 1081 1917 animus
1104 1852 1186 1918 fluc-

178 1964 204 2004 ιο
217 1946 328 2005 tuatus
361 1943 417 2005 est.
478 1941 581 2004 mater
613 1938 755 2003 familiae
787 1935 967 2020 Zmyrnaea
1004 1938 1110 2002 uirum
1158 1942 1192 2004 et

217 2027 320 2090 filium
343 2023 522 2106 interemit,
552 2045 625 2088 cum
653 2024 694 2088 ab
720 2022 772 2087 his
794 2023 934 2105 optimae
955 2022 1075 2086 indolis
1097 2022 1189 2087 iuue-

217 2131 308 2191 nem,
344 2129 439 2192 quem
467 2129 505 2171 ex
532 2108 640 2192 priore
669 2109 740 2172 uiro
768 2109 863 2172 enixa
891 2108 1011 2190 fuerat,
1046 2107 1190 2174 occisum

219 2193 425 2276 conperisset.
481 2213 579 2276 quam
606 2214 674 2258 rem
704 2192 887 2257 Dollabella
914 2191 954 2257 ad
984 2213 1019 2256 se
1048 2191 1189 2257 delatam
1286 2269 1288 2282 ⁴

218 2278 366 2343 Athenas
394 2276 433 2341 ad
461 2278 539 2342 Arei
561 2278 638 2426 pagi
667 2277 887 2363 cognitionem
909 2277 1081 2362 relegauit,
1111 2278 1189 2361 quia

180 2388 205 2428 re
218 2363 287 2447 ipse
309 2383 413 2445 neque
439 2362 576 2428 liberare
627 2365 727 2427 uabus
756 2362 906 2428 caedibus
930 2361 1188 2428 contaminatam

218 2469 322 2532 neque
344 2448 459 2531 punire
480 2452 547 2512 tam
575 2449 660 2512 iusto
682 2446 790 2512 dolore
813 2446 974 2530 inpulsam
996 2446 1189 2512 sustinebat.

285 2623 301 2670 2
319 2615 403 2694 pueri
414 2617 485 2671 Par.
499 2617 510 2685 11
523 2617 672 2684 corruptus
685 2616 757 2682 LA,
775 2619 808 2670 at
820 2629 870 2669 noa
881 2614 952 2669 Por.
966 2616 976 2683 1
989 2621 1004 2670 3
1017 2630 1081 2668 rure
1093 2614 1164 2669 Par.
1179 2616 1190 2684 1

220 2700 368 2738 omansum
388 2701 419 2736 ιιι
437 2685 506 2756 cena
526 2684 598 2749 LA,
616 2683 683 2738 odd.
702 2684 736 2737 ut
752 2681 849 2738 omasi]
864 2683 894 2735 in
913 2698 983 2738 cena
999 2681 1062 2736 fieri
1078 2681 1195 2738 iuberet
1286 2684 1288 2700 ¹

218 2749 1194 2888 aliartetre·lentescentem?talanta

218 2890 257 2943 A¹
281 2889 345 2957 113
368 2887 459 2942 eanda
482 2890 511 2956 (n
533 2903 553 2946 s.
576 2887 606 2954 l.)
630 2887 669 2951 L,
696 2903 760 2941 eam
784 2888 869 2954 Par„
893 2884 968 2954 quod
991 2902 1089 2940 uerum
1115 2885 1191 2950 uid..

219 2975 259 3012 mi
290 2971 354 3032 eam
383 2956 516 3009 demum?
550 2955 660 3010 Gertz*
689 2957 699 3024 1
731 2953 1006 3032 trainensem,
1039 2969 1135 3032 memo
1162 2955 1192 3007 Δ

219 3028 304 3094 Por„
324 3021 429 3077 infessa
445 3024 483 3076 Α1
505 3025 514 3092 11
536 3022 687 3078 sustelerat
703 3021 741 3076 Π
762 3023 772 3091 1
795 3026 827 3076 16
845 3021 964 3092 ultrone]
984 3021 1051 3076 add.
1069 3021 1191 3090 dignum

224 3094 357 3165 Piybioa
373 3107 387 3147 e
404 3091 551 3214 60111191,
571 3090 644 3160 qaod
659 3091 727 3145 mihi
743 3095 809 3169 onte
824 3089 932 3144 ultione
949 3089 1083 3144 ccmdbae
1098 3090 1158 3144 uid.
1181 3090 1194 3158 11

221 3170 252 3217 17
270 3179 327 3218 non
344 3161 460 3216 inclusit
507 3176 525 3213 a
537 3176 572 3226 m,
589 3163 655 3214 autc
667 3158 765 3213 absolu
779 3173 844 3214 rone
855 3157 975 3226 porterit.
990 3173 1061 3212 cena.
1075 3156 1190 3224 Germ,

220 3233 270 3300 poi
287 3232 347 3287 leue
363 3243 477 3300 zeugma
493 3233 618 3283 statueras
635 3227 788 3282 coniecerat
811 3224 933 3279 alterum
951 3225 1059 3279 ultione
1078 3226 1124 3293 (rc.
1144 3224 1191 3278 di-

240 3302 320 3364 num)
342 3297 464 3352 alterum
486 3311 555 3352 uero
578 3295 636 3350 abs.
658 3311 715 3372 non
738 3294 765 3351 d.
782 3293 815 3347 in
836 3291 954 3372 symbol.
969 3308 999 3361 p.
1017 3295 1088 3358 2905
1111 3296 1142 3347 ot
1158 3309 1190 3348 u.

219 3317 343 3436 thesky
360 3368 430 3419 1884
443 3382 473 3467 p.
485 3367 537 3418 790
549 3365 605 3442 1118
622 3363 719 3431 publro
732 3361 828 3482 11130
845 3376 971 3415 zmrrnea
987 3360 1016 3414 Ιι
1033 3360 1193 3464 alcima,

220 3430 912 3598 1111111111111111111111
933 3430 962 3562 ’1
976 3434 1011 3548 ἶῖ.
1026 3426 1194 3576 33²5}ng

220 3567 283 3619 tarr‘r
300 3577 394 3633 marpo
411 3566 438 3618 A
456 3582 469 3620 e
487 3566 556 3623 Por,
570 3566 579 3633 11
593 3570 625 3619 ab
642 3565 771 3620 laberare
789 3562 816 3616 A
840 3565 896 3631 [126
914 3564 973 3617 tam
992 3562 1144 3619 Tomaros
1161 3567 1191 3620 et
