2606 3958
203 177 266 243 380
608 174 677 229 nra.
698 173 771 228 vni.

203 329 301 392 finem
329 327 444 406 fuisse,
474 328 529 392 sed
557 327 689 411 perinde
717 330 812 410 atque
842 326 1008 391 confessus
1037 331 1139 412 esset,
1165 351 1188 393 a

205 411 365 476 iudicibus
388 413 559 477 damnatus
588 416 622 477 et
643 435 662 476 a
684 412 719 477 L.
743 411 920 498 Calpurnio
943 411 1118 476 triumuiro
1145 414 1182 477 in

205 518 330 562 crucam
353 501 443 562 actus
466 501 523 562 est.

269 582 299 646 3.
321 581 406 646 Item
427 581 543 647 Fuluio
567 579 683 646 Flacco
708 601 836 646 causam
858 579 986 644 dicente
1001 579 1180 665 Philippus

179 688 316 733 aseruus
338 669 422 748 eius,
449 669 485 730 in
514 687 578 749 quo
605 669 675 730 tota
697 665 841 748 quaestio
864 665 1045 747 nitebatur,
1072 667 1181 730 octies

205 755 310 816 tortus
343 751 469 815 nullum
497 751 628 814 omnino
657 749 807 833 uerbum,
835 770 897 833 quo
925 749 1073 814 dominns
1102 771 1179 834 per-

206 836 437 920 stringeretur,
464 835 583 918 emisit,
618 837 651 899 et
678 837 787 899 tamen
813 855 886 897 reus
914 834 1084 898 damnatus
1113 839 1177 916 est,

206 941 278 985 cnm
313 920 431 984 certius
465 926 687 1004 argumentum
720 918 926 982 innocentiae
960 940 1042 983 unus
1073 921 1180 984 octies

205 1008 309 1070 tortus
332 1003 497 1070 exhiberet
511 1025 606 1088 quam
629 1008 703 1068 octo
723 1003 822 1067 semel
843 1003 919 1066 torti
939 1003 1177 1086 praebuissent

168 1215 193 1254 io
505 1187 547 1254 V.
577 1187 636 1254 DE
658 1186 876 1254 TESTIBVS.

294 1308 321 1370 1.
359 1305 508 1392 Sequitur
541 1309 578 1372 ut
610 1307 649 1371 ad
677 1307 768 1371 testis
795 1307 1000 1390 pertinentia
1027 1307 1179 1390 exempla

207 1412 454 1456 commemorem.
490 1392 548 1457 On.
565 1396 598 1456 et
620 1390 656 1466 Q.
673 1390 819 1455 Seruiliis
835 1390 1050 1474 Caepionibus
1073 1393 1178 1456 isdem
1290 1389 1291 1406 ³

207 1477 394 1561 parentibus
416 1477 502 1542 natis
530 1479 563 1541 et
590 1497 648 1559 per
676 1496 787 1540 omnes
809 1475 970 1540 honorum
992 1476 1110 1560 gradus
1132 1478 1176 1541 ad

207 1582 365 1626 summam
405 1561 651 1646 amplitudinem
687 1561 871 1644 prouectis;
905 1561 983 1624 item
1019 1561 1177 1626 fratribus

169 1670 195 1710 15
208 1645 348 1710 Metellis
376 1645 498 1721 Quinto
527 1649 560 1710 et
581 1644 681 1709 Lucio
711 1644 931 1708 consularibus
954 1648 987 1708 et
1009 1647 1177 1724 censoriis,

208 1731 310 1796 altero
333 1732 429 1795 etiam
452 1729 655 1814 triumphali,
683 1730 718 1793 in
741 1727 778 1805 Q.
803 1728 992 1812 Pompeium
1014 1733 1055 1794 A.
1077 1729 1100 1794 f.
1126 1752 1178 1794 re-

208 1815 421 1900 petundarum
448 1837 538 1880 reum
567 1815 720 1879 acerrime
749 1814 931 1878 dicentibus
952 1814 1177 1879 testimonium

207 1921 273 1964 non
301 1901 456 1984 abrogata
482 1900 561 1963 fides
590 1898 736 1963 absoluto
764 1897 917 1983 Pompeio
924 1947 933 1982 ,
966 1898 1022 1964 sed
1051 1921 1093 1962 ne
1115 1921 1176 1982 po-

207 1985 311 2050 tentia
333 1984 499 2049 inimicum
515 1984 711 2067 oppressisse
731 1983 918 2048 uiderentur
932 2004 1099 2048 occursum
1114 1988 1175 2049 est.

169 2093 195 2132 ao
271 2069 303 2130 2.
337 2066 383 2130 Μ.
406 2067 504 2132 etiarn
526 2068 684 2132 Aemilius
706 2066 844 2133 Scaurus
872 2069 1022 2152 princeps
1044 2073 1177 2133 senatus

209 2150 245 2218 (l.
268 2150 457 2216 Memmium
479 2151 729 2235 repetundarum
743 2173 833 2218 reum
857 2153 1007 2218 destricto
1030 2153 1176 2217 testimo·

208 2237 263 2300 nio
284 2236 448 2301 insecutus
464 2240 528 2318 est,
551 2235 629 2300 item
654 2235 690 2302 O.
707 2236 856 2301 Flauium
872 2237 983 2301 eadem
998 2237 1070 2322 lege
1085 2259 1177 2303 accu-

209 2324 311 2386 satum
335 2320 428 2386 testis
448 2321 617 2405 proscidit:
647 2323 711 2394 iarn
733 2321 766 2388 Ο.
787 2320 979 2387 Norbanum
999 2322 1176 2387 maiestatis

208 2405 342 2471 crimine
370 2406 518 2490 publicae
546 2407 728 2490 quaestioni
755 2407 934 2471 subiectum
962 2428 1002 2470 ex
1028 2406 1175 2490 professo

169 2513 194 2554 aa
208 2491 388 2575 opprimere
411 2495 546 2556 conatus
569 2494 628 2556 est.
671 2512 733 2555 nec
760 2494 868 2554 tamen
893 2493 950 2555 aut
971 2491 1174 2574 auctoritate,

208 2598 272 2724 pua
293 2576 466 2660 plurimum
487 2575 646 2660 pollebat,
669 2577 726 2640 aut
747 2575 919 2724 religione,
943 2576 983 2640 de
998 2596 1062 2659 qua
1075 2597 1172 2642 nemo

152 2735 155 2740 Α
230 2661 394 2743 ubitabat,
416 2682 610 2744 quemquam
633 2681 740 2725 eorum
763 2659 804 2724 ad
828 2661 915 2746 igere
937 2661 1053 2745 potuit.

278 2852 291 2898 1
309 2844 407 2914 fuisse]
430 2844 540 2900 mauult
555 2850 638 2924 recta,
655 2845 691 2924 pi
708 2844 807 2911 fallor,
826 2860 886 2898 esse
903 2829 991 2899 Halm
1003 2846 1013 2914 ΙΙ
1026 2847 1101 2900 essct
1117 2862 1178 2926 aas,

208 2912 417 2969 recen
437 2912 472 2979 o·
490 2911 1177 3052 eaacarnani}*aaran

207 2979 773 3152 ll⁸bp41bidb⁰dbli1bis’canmpvn
785 3045 864 3149 noa
874 3025 930 3127 sir
939 3049 1009 3126 Par.
1024 3050 1034 3118 ιι
1049 3055 1079 3128 ¹.¹
1088 3051 1178 3152 cespes

207 3116 240 3237 ll»
251 3116 314 3238 nAatli
325 3115 832 3253 lthlsellrlllhbrLoribriltiselAlillblobsbti
842 3116 1136 3254 illliibbnrbb'lllllill
1149 3119 1177 3255 (il

208 3286 238 3339 et
254 3286 274 3344 l.
292 3286 352 3340 LA
369 3287 380 3355 l
398 3291 430 3340 1a
448 3285 477 3339 ifi
500 3285 523 3340 ὅ.
541 3284 726 3354 pompeium*
744 3275 757 3339 l
772 3284 798 3353 (ὲ
816 3285 895 3352 cras)
915 3285 941 3338 A
959 3287 968 3354 l
987 3291 1018 3341 18
1037 3288 1178 3358 abrogata

202 3359 268 3421 post
285 3353 355 3408 fides
368 3355 452 3422 ponit
474 3355 513 3416 L,
538 3355 672 3422 arrogata
688 3354 741 3433 A²‚
766 3352 832 3406 add.
852 3353 892 3410 br.
913 3355 932 3409 ri
954 3354 1178 3432 obsecundatum

207 3421 1178 3564 attentata-elcaerretanusarioaldi!

208 3554 313 3606 strom*
331 3555 357 3618 (s
375 3554 457 3621 crac.)
474 3555 601 3624 LA1126
620 3571 677 3622 qua
695 3558 775 3623 (corr.
795 3571 808 3610 c
825 3557 885 3622 qur)
904 3558 964 3611 LA
