2562 3950
101 229 114 270 ι
315 155 514 212 ΝΕΡΟΤΙΑΝΙ
531 156 694 211 ΕΡΙΤΟΜΑ
717 158 730 212 Ι
754 165 827 214 1-6.
999 159 1061 225 593

392 365 417 425 Ι.
454 366 509 426 Dll
532 365 763 427 RELIGIONE.
1062 383 1181 423 vanua.

161 488 189 544 1.
222 485 349 546 Romani
371 505 464 562 eoque
486 486 575 544 armis
603 505 636 544 ao
658 486 748 546 sacris
771 485 924 545 studentes
955 505 990 544 ex
1012 505 1056 546 se·
1077 496 1124 558 1,1

94 573 182 631 natus
211 571 347 630 consulto
377 570 477 630 decem
506 570 684 647 optimatum
706 569 816 629 liberos
839 571 875 628 ad
897 571 1060 631 noscendas

94 655 263 727 aruspicum
286 655 460 731 disciplinas
481 658 516 714 in
536 655 691 714 Etruriam
705 655 861 714 miserunt.
891 656 943 730 qui
957 657 994 714 ut
1007 653 1061 714 Ce-

69 738 183 800 ureris·
197 758 315 817 quoque
342 741 537 800 caerimonias
558 745 576 811 †
597 739 778 800 Graecorum
807 738 984 799 Callifanum
1010 759 1060 816 pe-

96 826 219 884 tierent.

161 910 190 968 2.
214 909 352 968 Metellus
374 909 512 985 pontifex
528 927 604 967 max.
620 908 810 968 Postumium
833 908 963 967 cousin
978 907 1058 967 Afri·
1079 921 1127 980 1,‘3

97 1011 160 1053 eam
189 993 393 1070 profecturum
422 993 479 1052 sub
508 993 735 1052 denuntiatione
764 993 875 1052 multae
904 993 1061 1069 continuit,

96 1097 131 1138 eo
161 1079 241 1154 quod
270 1081 349 1138 esset
371 1078 474 1137 consul
494 1077 575 1136 idom
596 1077 705 1137 flamen
727 1077 890 1149 Martialis,
924 1079 960 1136 ut
980 1078 1061 1136 uide-

59 1164 169 1223 101icet
195 1163 295 1238 priore
323 1163 389 1222 loco
414 1162 539 1222 baberet
566 1162 701 1221 sacerdos
730 1180 814 1221 sacra
839 1180 928 1237 quam
957 1163 1061 1222 consul

94 1247 261 1307 uictoriam.

160 1334 189 1391 3.
214 1329 304 1390 Gaius
327 1331 493 1390 Flaminius
515 1331 619 1390 eodem
642 1331 739 1389 omine
762 1331 904 1407 magister
925 1331 1062 1406 equitum
1081 1345 1129 1406 1,5

94 1435 158 1477 esse
179 1416 287 1475 noluit.

159 1501 191 1559 4.
215 1499 372 1576 Syracusis
387 1518 454 1558 cum
469 1497 613 1559 Clastidio
628 1500 723 1574 captis
738 1500 778 1557 M.
795 1500 953 1559 Marcellus
977 1500 1061 1576 quin·
1081 1513 1130 1573 1,ss

62 1593 87 1634 1⁶
100 1585 185 1661 quies
213 1585 331 1657 consul,
366 1603 434 1644 oum
463 1603 499 1643 ex
526 1585 596 1643 uoto
625 1583 727 1642 aedem
751 1583 867 1644 Honori
895 1587 927 1644 et
948 1583 1063 1643 Virtuti

102 1672 295 1742 construeret,
319 1669 477 1745 aeollegio
492 1668 667 1744 pontificum
688 1669 858 1744 prohibitus
880 1672 926 1728 est
947 1669 1063 1729 duobus

99 1753 272 1813 numinibus
300 1772 393 1811 unum
415 1752 571 1812 delubrum
594 1753 705 1827 dicare,
735 1771 773 1812 ne
795 1773 861 1812 cum
885 1754 1063 1813 contumelia

98 1838 301 1914 praetermissi
324 1837 410 1897 alteri
432 1836 664 1908 sacrificaretur,
687 1840 739 1895 aut
760 1837 785 1897 si
808 1838 886 1913 quod
909 1829 1065 1898 accidisset

99 1922 289 2000 prodigium,
312 1921 349 1981 de
371 1922 513 1998 placando
536 1922 587 1982 deo
610 1923 688 1981 esset
708 1922 862 1982 incertum.
906 1922 1063 1982 Marcellus

59 2016 84 2057 2⁰
98 2007 190 2083 duplo
213 2010 334 2083 sumptu
356 2008 415 2067 duo
436 2007 548 2082 templa
570 2007 736 2066 constituit.

162 2094 191 2151 5.
223 2092 259 2151 L.
288 2092 398 2151 Furius
424 2092 584 2150 Bibaculus
611 2094 733 2167 praetor
760 2111 777 2149 a
804 2095 889 2167 patre
916 2092 1060 2168 magistro
1081 2109 1129 2169 1,9

100 2175 250 2235 Saliorum
276 2177 375 2236 iussus
402 2167 519 2235 ancilia¹
539 2177 622 2252 tulit,
652 2176 771 2234 numid
794 2176 923 2252 praetori
945 2194 1063 2236 necesse

102 2279 162 2320 non
185 2262 273 2320 esset.
307 2261 359 2319 sed
380 2263 483 2320 tamea
505 2260 665 2320 Bibaculus
687 2260 765 2336 patri
787 2264 818 2319 et
840 2261 930 2320 saeris
952 2262 1061 2337 paruit.

165 2345 194 2404 6.
218 2345 258 2403 Μ.
282 2343 394 2405 Atilius
416 2345 557 2404 duumuir
578 2346 660 2404 iussu
684 2344 839 2421 Tarquinii
863 2346 943 2422 regis
966 2346 1146 2420 culle01,13

168 2531 185 2578 4
201 2525 231 2578 in
249 2526 352 2594 01115
369 2523 535 2624 anfranco
553 2524 609 2602 ritu
621 2524 767 2592 <colerent
785 2527 959 2580 sacerdotem
978 2525 1063 2581 Grae·

101 2591 1063 2737 11111111,1111111111.,111

100 2728 226 2782 fecturus
239 2728 249 2796 1
261 2727 352 2782 multa
369 2744 399 2782 se
416 2730 563 2781 oontmuat
575 2728 585 2796 1
598 2733 613 2780 9
626 2743 685 2780 esse
698 2728 708 2796 11
722 2727 819 2781 consul
830 2730 900 2784 mibi
910 2736 1064 2797 umectum

100 2795 190 2850 delere
206 2796 301 2850 malim
323 2796 333 2864 11
354 2795 514 2862 flumenque
532 2793 597 2848 Μαί
614 2795 624 2862 11
648 2801 678 2849 10
696 2810 774 2849 sacro
792 2812 862 2862 quos
880 2797 1064 2865 consulent,

100 2879 148 2918 eru.
168 2863 220 2916 Du
239 2863 316 2918 Rieu
335 2865 345 2931 11
372 2869 402 2916 11
421 2861 507 2916 Gaius
525 2861 690 2942 Flaminius]
715 2870 833 2932 apparet
855 2871 905 2944 out
928 2871 993 2920 aute
1016 2867 1065 2920 boo

99 2930 1063 3078 11111111111111111111111111

101 3066 201 3120 eodem
220 3067 287 3127 cod„
306 3066 424 3120 aduerso
437 3065 500 3119 Moe
513 3065 600 3120 Helm
613 3067 623 3134 11
635 3081 718 3120 omne
737 3083 783 3121 ma
815 3086 827 3121 s
846 3084 918 3136 eque
936 3085 996 3122 esse
1015 3086 1062 3122 uo-

100 3133 154 3186 luit
171 3133 240 3197 cod„
260 3151 307 3192 cn.
326 3134 391 3188 Mai
411 3136 420 3202 1
446 3139 477 3186 14
495 3132 654 3203 quinquies]
674 3139 704 3187 at
722 3134 772 3188 deb
822 3141 833 3191 t
850 3136 966 3190 scribere
984 3136 1064 3204 quin·

100 3203 168 3267 tum,
188 3201 261 3269 quod
278 3203 369 3256 neruo
386 3217 426 3255 on
443 3201 644 3255 recusandum
661 3203 698 3256 eit
710 3204 720 3270 11
739 3208 769 3255 11
787 3204 876 3256 necno
894 3205 1064 3258 contumelia

119 3269 272 3323 retermissi
294 3269 364 3334 cod,
391 3285 438 3327 em.
461 3269 562 3333 Halm,
592 3285 627 3322 ne
650 3284 706 3323 uno
724 3272 847 3324 contum.
865 3272 1063 3338 praetermisso

99 3287 163 3390 irae·
199 3343 230 3391 19
249 3336 302 3391 deo
320 3352 371 3391 orn.
390 3338 448 3392 cod.
461 3336 533 3402 Mei,
551 3337 643 3404 suppl.
657 3337 744 3390 Halm
779 3338 901 3392 incertus
919 3339 976 3395 cod.
989 3339 1062 3406 Mai,

99 3421 146 3461 cm.
197 3405 268 3472 clm,
293 3421 333 3459 aa
357 3404 506 3459 incertum.
533 3402 638 3475 (tum)
666 3339 771 3459 cenail
792 3406 802 3474 1
824 3413 856 3458 10
882 3406 1036 3461 constituat
1052 3409 1062 3476 11

98 3472 281 3596 ἓᾶῂξέἰτςυὶιιε
298 3472 446 3527 inuaculus
467 3473 477 3542 1
498 3477 530 3526 22
548 3474 645 3542 pretor
666 3473 676 3541 11
697 3479 729 3528 13
748 3473 904 3527 miuaoulus
922 3475 932 3544 11
953 3481 986 3530 24
1004 3475 1063 3530 Ma·

152 3638 212 3679 Van.
227 3637 293 3680 Max.
868 3634 901 3686 38
