2608 3952
205 165 270 232 312
615 161 682 216 LIB.
700 161 749 216 Vl·

208 338 243 381 se
270 337 329 400 per
349 336 462 380 omnes
484 335 637 379 numeros
658 313 849 378 hominibus
872 313 1049 378 efficaciter
1072 319 1183 380 osten-
1277 295 1278 364 i

208 402 314 479 deret,
344 400 508 464 solutioris
537 400 623 462 uitae
649 399 772 480 primos
805 397 1041 462 adulescentiae
1074 421 1183 465 annos

209 486 313 570 egisse
341 485 461 564 fertur,
491 486 633 548 remotos
660 483 791 566 quidem
819 505 839 546 a
864 482 1011 547 luxuriae
1032 484 1180 562 crimine,

207 569 264 635 sed
290 573 400 634 tamen
429 569 562 634 Punicis
595 569 752 650 tropaeis,
783 567 931 632 deuictae
963 567 1181 654 Karthaginis

182 655 388 721 scernicibus
410 654 552 738 inposito
574 654 652 736 iugo
674 652 863 716 teneriores.
1278 673 1279 712 ῑ

272 741 305 805 3.
342 739 380 804 O.
408 759 535 822 quoque
557 737 706 802 Valerius
733 735 868 800 Flaccus
896 737 1030 800 meandi
1060 736 1180 803 Punici

208 824 286 888 belli
318 823 517 906 temporibus
547 821 625 885 luxu
656 821 817 904 perditam
847 820 1102 885 adulescentiam
1133 823 1181 886 in-
1278 807 1280 882 l

210 909 348 975 choauit
383 911 523 972 ceterum
546 927 565 970 a
586 905 623 970 P.
636 905 761 970 licinio
782 906 938 988 pontifice
959 907 1102 970 maximo
1125 907 1180 970 fla·

209 1015 285 1058 men
306 992 422 1070 factus,
445 1011 509 1074 quo
530 989 659 1054 facilius
674 1012 694 1053 a
708 989 798 1054 uitiis
812 990 987 1070 recederet,
1009 991 1050 1054 ad
1067 1013 1180 1056 curam

171 1097 197 1137 ιο
212 1098 374 1142 sacrorum
404 1080 437 1140 et
464 1075 730 1139 caerimoniarum
761 1096 918 1139 conuerso
940 1075 1068 1156 animo,
1102 1098 1181 1140 usus
1279 1077 1280 1146 l

210 1161 290 1225 duce
318 1159 516 1244 frugalitatis
543 1159 716 1243 religione,
745 1165 902 1243 quantum
922 1159 1012 1242 prius
1034 1160 1181 1225 luxuriae

209 1245 317 1309 fuerat
339 1244 536 1327 exemplum,
565 1247 694 1308 tantum
715 1248 830 1327 postea
851 1244 1029 1309 modestiae
1051 1248 1086 1308 et
1106 1267 1181 1310 san-
1275 1193 1281 1372 1

211 1330 333 1396 etitatis
355 1329 519 1413 specimen
541 1329 656 1394 euasit.

274 1415 305 1480 a
338 1412 431 1479 Nino
453 1413 491 1489 o.
514 1411 614 1477 rano
637 1412 793 1495 nmmo,
816 1413 872 1496 qui
894 1412 1017 1477 euna
1038 1414 1182 1478 uictore
1278 1377 1281 1506 l

172 1519 198 1560 ¹⁵
210 1497 800 1668 telletcllllzttllffi
813 1499 1017 1646 111111
1032 1499 1182 1648 latet

211 1673 267 1735 aut
289 1669 465 1753 speciosius
486 1668 544 1732 illo
568 1632 696 1732 soeculd
717 1671 828 1730 nostra
850 1667 964 1731 ciuitas
985 1667 1111 1731 habuit
1279 1579 1282 1722 i

274 1754 305 1818 5.
342 1753 420 1829 Quis
447 1755 577 1836 ignorat
599 1751 636 1827 Q.
662 1751 771 1816 Catuli
799 1752 1026 1816 auctoritatem
1055 1753 1092 1816 in
1113 1775 1182 1818 ma·
1275 1745 1282 1884 l

210 1839 298 1902 ximo
322 1837 573 1902 clarissimorum
594 1837 738 1900 uirorum
754 1840 915 1918 prouentu
931 1837 1092 1901 excelsum
1107 1859 1183 1921 gra-

173 1940 200 1980 ro
213 1923 288 1987 dum
310 1921 512 1987 obtinuisse?
541 1921 631 1984 emus
653 1921 681 1984 si
703 1922 850 2003 superior
872 1925 959 1984 aetas
981 1921 1183 2004 reuoluatur,

211 2006 304 2071 multi
326 2006 432 2084 lusus,
455 2004 577 2068 multae
599 2005 733 2069 deliciae
756 2006 968 2088 reperiantur.
1006 2026 1089 2089 quae
1112 2009 1185 2090 qui-

211 2092 285 2155 dem
307 2089 337 2153 ei
358 2088 579 2172 inpedimento
602 2111 668 2153 non
691 2089 822 2153 fuerunt
845 2110 908 2173 quo
929 2091 1036 2154 minus
1055 2093 1184 2174 patriae

211 2174 361 2259 princeps
384 2173 548 2253 existeret,
572 2193 753 2259 nomenque
778 2174 846 2238 eius
868 2175 903 2239 in
926 2173 1110 2257 Capitolino
1133 2176 1184 2239 fa-

213 2257 311 2342 stigio
333 2257 473 2356 fulgeret
494 2279 531 2322 ec
555 2257 676 2322 uirtute
699 2258 794 2323 ciuile
808 2259 930 2322 bellum
945 2259 1072 2343 ingenti
1088 2263 1184 2325 motu

174 2361 199 2402 2⁶
213 2363 320 2496 (medis
342 2342 591 2493 ppppllppgt.sufla
619 2448 718 2524 usque
746 2427 801 2524 ad·
815 2431 1004 2511 quaesturae
1026 2449 1104 2492 suae
1127 2449 1183 2494 eo·
1282 2463 1283 2530 l

211 2512 304 2578 mitia
325 2513 429 2578 uitam
451 2512 601 2593 libidine,
623 2532 714 2589 nmo,
735 2511 878 2575 ludrerae
900 2514 980 2576 artis
1002 2533 1111 2577 amore
1132 2514 1184 2578 in-

212 2598 379 2684 quinatam
434 2597 568 2664 erduxit.
612 2599 811 2681 quapropter
844 2595 879 2661 O.
908 2595 1031 2660 Marius
1065 2599 1184 2662 consul
1282 2597 1283 2612 ²

211 2684 346 2749 moleste
373 2619 487 2748 tuilsse
515 2681 670 2765 traditur,
704 2681 789 2765 quod
817 2681 878 2744 sibi
906 2681 1118 2765 asperrimum
1144 2683 1184 2747 in

280 2875 294 2922 1
313 2884 343 2922 so
361 2883 414 2936 per
431 2866 478 2933 A²‚
497 2881 549 2934 per
567 2866 628 2933 (om.
646 2867 686 2933 se)
706 2866 746 2932 L,
766 2883 798 2919 su
820 2881 851 2918 er
868 2865 906 2918 A¹
920 2867 930 2934 l
943 2864 1108 2920 ostendere?
1124 2867 1153 2920 L
1169 2869 1183 2936 ΙΙ

211 2943 227 2991 3
244 2935 334 2989 fertus
351 2936 389 2988 A¹
403 2933 552 3004 {lluxoriae
570 2932 608 2985 A¹
622 2935 661 3000 l4
677 2933 784 3002 tropeis
832 2932 861 2985 A
872 2935 911 3000 l5
928 2950 968 2988 oc
984 2933 1130 2988 tenuiores
1148 2942 1185 2989 ut

232 3045 238 3058 .
256 3006 345 3068 151‚3
368 3005 378 3071 11
404 3009 435 3056 10
445 3001 661 3054 cerimoniarum
673 3001 701 3053 A
724 3003 734 3068 11
760 3008 789 3054 11
800 3001 843 3054 fra
866 3001 963 3054 'litatis
975 3004 1012 3055 A¹
1023 3006 1056 3064 et,
1068 3003 1186 3069 ataid„

207 3019 248 3126 id
262 3072 314 3147 nure
338 3070 400 3124 'one
419 3070 490 3123 L'A
505 3069 516 3137 ΙΙ
532 3068 660 3122 luxoriae
678 3068 737 3121 LA
749 3069 759 3136 11
779 3074 810 3146 15
829 3018 968 3146 affobrogi
986 3068 1046 3122 LA
1058 3070 1068 3136 ΙΙ
1084 3075 1115 3124 18
1133 3085 1185 3124 au-

211 3139 313 3192 ctonta
326 3154 372 3193 em
390 3136 472 3198 etin,
491 3141 523 3190 ot
540 3135 599 3193 reid.
619 3136 668 3201 A¹,
686 3136 855 3189 auctoritate
865 3137 997 3202 *ernA²,
1015 3141 1048 3190 ct
1064 3137 1152 3190 cosL
1169 3140 1182 3208 Η

213 3212 244 3260 19
262 3207 399 3274 prouectu
417 3204 497 3258 L¹A¹
520 3204 530 3272 ΙΙ
552 3210 582 3256 21
602 3175 682 3281 luxus
700 3202 762 3261 edd.
779 3208 844 3257 arcte
860 3203 949 3257 Halm
961 3204 971 3271 ΙΙ
989 3203 1105 3282 delitiae
1124 3207 1151 3258 A
1168 3209 1181 3276 Η

210 3271 1182 3408 11111111181111111111121ρὲ51θὲ8ὲὲ1]1111·

210 3405 274 3460 miti
292 3406 369 3460 auita
387 3406 425 3459 A¹
447 3407 457 3472 l
478 3406 649 3460 armarium
668 3404 731 3459 coris
749 3406 809 3459 LA
827 3406 926 3470 Halm,
959 3406 1065 3461 Marius
1084 3407 1183 3462 consul

211 3486 269 3526 nos.
299 3473 333 3536 cf.
354 3473 375 3525 I
390 3478 415 3535 1,
427 3477 476 3536 17;
500 3478 567 3538 5,1;
590 3474 667 3526 IIII
681 3478 707 3540 7,
720 3478 754 3538 7;
784 3473 867 3526 VIII
880 3478 906 3540 8,
918 3476 945 3538 2,
977 3479 1003 3528 et
1019 3475 1060 3529 sic
1076 3489 1184 3542 reaper

214 3537 277 3592 Vol.
293 3543 355 3604 poet
368 3553 501 3605 praesens
517 3544 623 3608 tempus
