2606 3958
327 240 333 248 x
438 176 788 244 caP.111‚Ext.§1-s.
1038 181 1098 246 341

129 333 200 396 tum
228 331 398 416 imperium
427 350 524 414 quam
551 351 654 414 paruo
682 332 897 415 interceptum
927 336 975 397 est
997 334 1101 398 uafra—

129 417 257 480 mento!

195 500 225 565 3.
256 499 334 564 Bias
356 503 478 583 autem,
507 500 597 564 cuius
624 499 784 586 sapientia
812 500 992 566 diuturnior
1015 503 1101 567 inter

130 586 278 651 homines
302 586 350 650 est
364 605 460 669 quam
482 585 587 668 patria
601 584 716 649 Priene
739 586 810 667 fuit,
833 586 861 650 si
876 586 1007 670 quidem
1021 586 1100 652 haec

131 671 230 736 etiam
251 691 340 735 nunc
354 670 456 753 spirat
461 718 471 752 ,
493 669 581 734 illius
603 670 736 753 perinde
758 674 853 754 atque
870 671 1031 735 extinctae
1046 688 1127 736 uer

132 756 230 842 stigia
244 759 373 820 tuntum
388 754 483 818 modo
508 758 629 838 extant,
651 756 699 819 ita
715 754 821 837 aiebat
835 759 983 838 oportere
998 757 1099 820 homi·

130 860 188 906 nes
210 841 246 904 in
267 860 327 904 usu
350 839 510 904 amicitiae
531 840 662 923 uersari,
685 842 723 904 ut
735 841 959 904 meminissent
973 861 1045 904 eam
1060 841 1101 905 ad

131 925 340 1012 grauissimas
359 924 546 989 inimicitias
566 945 661 1008 posse
677 925 832 989 conuerti.
873 925 1101 1009 quodquidam

131 1013 341 1096 praeceptum
362 1009 466 1092 prima
488 1009 594 1093 specie
616 1009 713 1072 nimis
735 1008 872 1074 fortasse
889 1010 1040 1075 callidum
1055 1011 1102 1073 ui-

132 1097 244 1160 deatur
270 1093 499 1177 inimicumque
527 1094 743 1178 simplicitati,
771 1116 834 1178 qua
862 1095 1032 1179 praecipue
1054 1095 1099 1159 fa·
1116 1117 1141 1155 ιο

131 1180 300 1244 miliaritm
322 1178 457 1262 gaudet,
481 1178 536 1242 sed
559 1179 587 1242 si
609 1181 631 1258 †
653 1179 747 1242 altior
769 1180 932 1244 initamini
948 1180 1102 1266 cogitatio

132 1265 269 1330 demissa
290 1264 405 1345 fuerit,
428 1284 581 1346 perquam
604 1263 682 1327 utile
704 1264 889 1346 reperietur.

195 1349 226 1413 4.
261 1347 500 1430 Lampsacenae
532 1348 621 1412 urbis
658 1368 734 1412 uero
762 1348 847 1412 salus
874 1349 968 1413 unius
995 1349 1102 1414 uafra-

131 1434 233 1498 menti
254 1431 411 1497 beneficio
427 1433 587 1498 constitit:
611 1453 691 1496 nam
716 1434 843 1497 eumad
860 1432 1018 1497 excidium
1034 1437 1101 1497 eius

133 1538 259 1583 summo
295 1515 401 1581 studio
436 1516 620 1581 Alexander
658 1518 798 1581 ferretur
833 1538 1102 1602 progressumque
1116 1536 1142 1579 ra

133 1606 225 1667 extra
252 1602 382 1667 moenia
414 1601 642 1666 Anaximenen
670 1605 909 1685 praeceptorem
942 1623 1035 1666 suum
1056 1604 1101 1666 ui-

133 1686 244 1769 disset,
268 1687 343 1772 quia
364 1685 573 1751 manifestum
596 1690 665 1752 erat
685 1686 829 1750 futurum
845 1689 882 1750 ut
903 1707 1014 1769 preces
1029 1708 1102 1751 suas

132 1772 200 1836 irae
224 1773 291 1836 eius
315 1774 509 1855 opponeret,
533 1791 601 1835 non
623 1770 782 1836 facturum
805 1791 839 1835 se
861 1771 947 1855 quod
969 1771 1104 1854 petisset

133 1858 263 1922 iurauit.
302 1859 380 1920 tunc
394 1857 613 1920 Anaximenes
637 1859 736 1939 ‘peto’
759 1855 866 1938 inquit
889 1859 938 1918 ‘ut
952 1855 1103 1939 Lampsa-

133 1964 205 2008 cum
228 1942 355 2006 diruas’.
393 1940 473 2004 haec
493 1941 650 2005 uelocitas
673 1939 858 2024 sagacitatis
873 1939 1027 2024 oppidum
1049 1962 1102 2005 ue·
1115 1957 1141 1998 20

133 2030 220 2093 tusta
235 2026 405 2124 nobilitate
419 2025 578 2108 inclytum
599 2025 708 2108 exitio,
731 2025 783 2090 cui
804 2025 1002 2089 destinatum
1024 2029 1102 2109 erat,

133 2112 495 2260 subilaxliemosthenis
525 2215 651 2278 quoque
681 2194 801 2257 astutia
822 2193 954 2257 mirifice
977 2193 1103 2259 cuidam

134 2279 281 2345 aniculae
297 2299 482 2342 succursum
505 2284 568 2358 est,
592 2298 673 2360 quae
695 2279 866 2361 pecuniam
888 2278 1024 2362 depositi
1045 2300 1103 2343 no-

132 2366 220 2430 mine
247 2387 266 2428 a
294 2362 417 2428 duobus
445 2362 627 2446 hospitibus
650 2367 817 2446 acceperat
839 2383 877 2426 ea
900 2363 1101 2443 condicione,
1116 2378 1141 2419 2⁵

206 2556 239 2604 10
258 2562 334 2618 qua*
353 2551 379 2617 (e
398 2550 479 2613 eras.)
496 2547 524 2601 A
548 2547 558 2615 n
584 2554 613 2600 11
633 2547 716 2600 altior
733 2545 874 2601 initamini
892 2547 943 2615 (sic
959 2546 1019 2600 siae
1035 2550 1103 2613 rua.)

133 2618 169 2685 12,
189 2618 255 2676 add.
268 2616 426 2670 imidanimi
445 2616 503 2682 (sed
516 2616 569 2680 ita,
586 2619 619 2668 ut
636 2614 720 2668 etiam
736 2614 806 2668 mini
824 2614 878 2682 lapi
890 2614 990 2681 possit)
1008 2629 1104 2683 marco

133 2688 169 2753 L,
198 2685 293 2739 altiori
314 2683 458 2738 nrtamini
476 2683 544 2750 (nrt
561 2682 610 2736 aab
627 2697 683 2736 ras.
701 2687 773 2736 certo
790 2686 978 2751 appararentur
995 2686 1021 2735 et
1038 2687 1104 2736 aare

134 2756 234 2811 teras.
253 2753 315 2807 uid.
333 2751 354 2819 i)
372 2753 426 2814 A¹‚
457 2749 580 2809 altiorib;
600 2749 688 2802 animi
704 2751 756 2815 A²,
784 2749 869 2803 altius
887 2749 975 2802 animi
993 2765 1026 2804 ca
1044 2765 1105 2804 mea

135 2822 206 2877 corsi.
224 2820 327 2885 Halm,
346 2819 430 2872 altior
448 2815 616 2886 (altioribus)
635 2816 723 2870 animi
741 2817 862 2883 (animis)
881 2817 957 2882 dett„
974 2817 1022 2870 sed
1040 2817 1102 2871 reid.

135 2888 272 2944 scribead.
292 2887 316 2940 si
334 2885 419 2940 altior
435 2885 508 2938 inita
525 2883 612 2936 animi
630 2884 766 2952 cogitatio
787 2883 928 2954 [demissa]
942 2883 1046 2937 fuerit?
1067 2885 1102 2951 cf.

139 2955 241 3010 VIIII
257 2957 291 3007 13
309 2957 362 3008 ext.
375 2954 459 3074 IPZ
478 2952 657 3030 repperietur
675 2952 734 3006 LA
747 2953 756 3020 ΙΙ
772 2959 802 3006 13
819 2951 990 3022 Lamsacene
1009 2951 1070 3030 LA
1082 2952 1101 3030 ‘ll

134 3022 213 3076 urbis
231 3035 301 3075 uero
320 3021 380 3088 (sie)
430 3021 473 3087 A,
492 3035 560 3073 uero
579 3021 656 3073 urbrs
673 3021 758 3074 tacite
774 3019 861 3073 Halm
879 3019 889 3087 l
907 3021 1104 3074 14const1tu1t

133 3093 172 3146 A¹
197 3091 207 3159 ll
232 3087 374 3142 excidium
390 3090 462 3143 Par.
480 3091 505 3141 ct
524 3086 587 3151 (litt.
611 3087 714 3141 cidium
732 3088 766 3142 ira
782 3088 850 3153 ras.)
867 3088 908 3153 A,
926 3088 1053 3141 exercitu
1067 3089 1103 3153 L,

136 3158 253 3214 exitium
272 3156 337 3213 cett.
352 3158 362 3225 ΙΙ
377 3161 408 3210 16
427 3155 613 3209 anaximenen
630 3157 670 3208 Α2
682 3157 761 3220 Par,
781 3155 966 3209 anaximenes
985 3155 1019 3219 L,
1038 3171 1103 3209 ana·

91 3242 95 3248 ·
132 3227 245 3297 ximene
254 3224 293 3278 A¹
306 3225 316 3294 ΙΙ
330 3230 361 3280 17
371 3240 491 3294 preceps
500 3223 588 3288 L¹A¹‚
602 3224 869 3292 precepcionem.
881 3237 936 3276 rae.
950 3238 983 3280 m.
993 3225 1013 3276 2
1024 3223 1102 3288 add.)

133 3297 172 3351 L²
184 3295 195 3364 ΙΙ
208 3309 275 3348 suus
294 3293 384 3362 (alter.
404 3311 423 3346 u
441 3294 521 3357 corr.)
539 3291 566 3344 L
583 3292 593 3359 11
616 3296 647 3344 18
666 3306 681 3344 o
704 3292 857 3359 poneretur
868 3291 920 3410 §ur
937 3294 1005 3344 m.2
1022 3291 1101 3359 add.)

133 3365 182 3433 Lu
197 3369 228 3418 19
245 3360 346 3428 inquid
362 3359 591 3430 A¹ulamsaeum
610 3359 669 3412 LA
703 3365 736 3412 2ο
754 3359 849 3412 deleas
887 3359 1073 3426 iruasq.Par.

133 3440 166 3490 23
184 3430 368 3486 Demostenes
381 3429 463 3482 L¹A¹
476 3428 487 3495 ΙΙ
500 3433 533 3480 24
550 3425 679 3480 aniculae
697 3431 748 3480 rios
766 3428 869 3492 ePar.,
888 3425 1007 3481 ancillae
1020 3428 1078 3481 LA

131 3515 266 3624 fficuffi
272 3497 353 3551 L1A¹
375 3498 385 3566 ΙΙ
406 3493 537 3566 deposita
554 3493 624 3548 LA¹
648 3495 658 3560 ΙΙ
680 3499 712 3549 25
730 3493 889 3564 hospitibus
907 3495 985 3562 Par,
1009 3496 1101 3566 hospi·

9 3589 14 3596 ·
166 3585 178 3622 s
