2550 3958
224 125 288 188 506
380 120 449 175 ms,
469 121 516 180 111.
554 121 632 176 cur.
652 128 676 188 a,
694 120 758 179 aar.
777 127 852 186 1-r,
887 121 964 176 our.
978 127 1003 190 4,
1021 130 1045 182 ι,

175 277 231 380 Εἷῑ·
295 279 465 340 Alexandro
486 280 551 356 regi
566 279 744 339 nobilissimi
766 279 851 356 pueri
866 282 989 355 praesto
1004 284 1100 341 erant
1117 283 1204 342 sacm-

223 364 337 426 ficauti.
379 383 415 424 ex
442 364 551 440 quibus
578 382 655 424 unus
683 364 817 423 turibulo
845 366 966 441 accepto
997 370 1075 426 ante
1104 369 1203 444 ipsum

223 450 375 523 constitit,
398 451 429 508 et
450 450 482 507 in
504 448 658 508 brachium
674 449 737 507 eius
756 449 844 508 carbo
859 449 966 508 ardens
983 450 1138 528 delapsus
1153 455 1203 512 est.

224 536 287 612 qui,
310 556 348 596 ne
369 531 546 595 sacrificium
562 532 725 592 Alexandri
740 533 898 610 inpediret,
922 533 1066 596 dolorem
1083 536 1204 596 silentio
1233 563 1234 602 i

223 621 340 697 pressit.
386 617 558 677 Alexander
590 618 677 692 pueri
710 619 872 677 delectatus
902 619 1059 692 patientia
1090 621 1219 680 diutius⁵

224 706 361 765 consulto
384 701 564 762 sacrificauit
584 719 640 761 neo
661 702 716 761 hac
736 721 769 761 re
796 721 867 760 eum
888 703 1051 778 proposito
1078 705 1203 782 depulit.
1233 749 1234 760 ,

192 795 208 844 2
291 791 371 849 Zeno
382 787 501 846 Eleates
524 785 737 861 philosophus,
761 804 827 845 eum
843 786 1053 862 Agrigentum
1070 790 1203 850 uenisset
1233 829 1234 838 η

222 879 352 951 tyranno
371 870 526 931 Phalaride
550 870 646 930 adhuc
667 870 747 943 uiuo,
770 871 907 929 hortatus
929 873 1088 946 populum
1114 874 1153 933 ad
1174 875 1202 932 li·

223 959 369 1018 bertatom
397 960 428 1015 at
455 954 494 1014 ob
522 955 553 1012 id
582 955 682 1031 ipsum
708 955 806 1014 iussus
836 974 854 1012 a
881 957 1013 1030 tyranno
1041 957 1082 1016 in
1106 960 1201 1016 medio

223 1042 288 1102 foro
318 1040 450 1117 torqueri
477 1057 538 1098 non
561 1038 677 1098 destitit
698 1059 716 1098 a
738 1040 942 1099 dehortatione
964 1043 997 1098 et
1020 1042 1055 1100 iu
1082 1046 1221 1102 tantumt-

222 1127 366 1204 populum
397 1124 572 1197 commouit,
607 1127 642 1181 ut
669 1123 821 1198 lapidibus
849 1123 952 1183 statim
974 1124 1127 1187 Phalaris
1157 1129 1202 1186 ob-

225 1214 369 1270 rueretur.

192 1304 208 1350 3
290 1294 433 1354 Eiusdem
454 1292 585 1352 nominis
607 1291 817 1368 philosophus,
849 1311 914 1352 oum
943 1293 1132 1357 aNearoho
1160 1301 1201 1372 ty·

223 1397 336 1459 ranno,
359 1378 442 1440 cuius
464 1395 568 1437 necem
590 1377 711 1451 inierat,
736 1379 936 1453 torqueretur,
959 1377 1039 1437 dixit
1063 1399 1102 1439 se
1125 1380 1201 1457 quod

226 1467 339 1524 secreto
366 1465 399 1522 in
428 1480 529 1521 aurem
559 1462 587 1520 ei
609 1461 720 1521 diceret
742 1460 865 1538 habere,
888 1461 1071 1538 laxatusque
1098 1467 1221 1525 eculeo&

225 1567 325 1608 aurem
354 1548 416 1606 eius
445 1563 547 1606 morsu
576 1546 704 1620 arripuit
732 1564 787 1604 nec
813 1548 882 1605 ante
908 1545 1024 1606 dimisit
1054 1567 1154 1624 quam
1177 1553 1200 1607 et

223 1635 288 1709 ipse
311 1633 375 1692 uita
397 1635 428 1690 et
449 1631 500 1689 ille
521 1633 608 1706 parte
630 1630 760 1705 corporis
782 1631 959 1706 priuaretur.

194 1723 211 1770 4
292 1715 486 1777 Anaxarchus
500 1714 705 1791 philosophus,
724 1733 792 1773 cum
814 1733 832 1772 a
851 1713 1051 1774 Nicocreonte
1067 1719 1199 1793 tyranno

225 1802 405 1879 Cypriorum
427 1800 459 1858 in
481 1800 573 1876 pilam
596 1800 746 1859 coniectus
768 1799 961 1878 tunderetur,
985 1799 1137 1860 ‘follem’
1161 1801 1198 1862 in·

225 1888 291 1963 quit
314 1884 494 1946 ‘Anaxarchi
517 1884 611 1944 feris’.
1207 1896 1214 1933 2

191 1980 207 2027 s
288 1971 462 2031 Theodotus
485 1969 522 2027 ab
544 1967 729 2043 Hieronymo
751 1970 879 2043 tyranno
902 1967 1048 2028 innocens
1073 1975 1198 2046 punitus

226 2055 430 2114 fidelissimum
463 2054 528 2112 eius
561 2051 722 2112 satellitem
753 2053 898 2112 mentitus
925 2054 970 2110 est
998 2055 1198 2116 consiliorum

225 2157 347 2198 suorum
368 2138 542 2215 participem
565 2135 664 2209 fuisse,
688 2139 719 2195 et
739 2137 783 2196 ita
804 2135 1020 2214 Hieronymus,
1045 2138 1128 2200 dum
1151 2143 1198 2202 iui-

224 2223 335 2282 micum
357 2222 465 2298 cupide
487 2223 607 2299 lacerat,
629 2222 741 2280 temera
762 2221 894 2297 perdidit
915 2221 1055 2280 amicum.

193 2319 208 2366 6
291 2305 380 2382 Apud
402 2306 493 2366 Indos
521 2323 584 2366 esse
606 2305 769 2365 creduntur
789 2305 841 2382 qui
863 2323 950 2365 omna
972 2305 1054 2365 uitae
1078 2310 1231 2388 tempusa

226 2391 299 2451 nudi
326 2391 448 2469 exigant
476 2393 508 2450 at
536 2409 567 2449 se
588 2389 717 2448 flammis
739 2390 802 2449 sine
823 2390 939 2466 gemitu
960 2389 1117 2468 obiciant,
1154 2397 1198 2472 qui
1230 2385 1231 2396 ¹

228 2476 492 2554 gymnosophistae
514 2478 670 2534 uocantur.

194 2575 208 2623 7
293 2561 403 2622 Seruus
418 2560 563 2619 barbarus
578 2557 807 2633 Hasdrubalem,
829 2559 909 2634 quod
926 2558 1086 2618 dominum
1111 2582 1197 2624 sunm
1229 2615 1230 2632 ,

225 2645 382 2718 occiderat,
405 2645 561 2722 adgressus
584 2643 740 2702 interemit
760 2645 801 2717 et,
827 2662 895 2702 eum
916 2643 1088 2718 puniretur,
1114 2648 1198 2709 laeti·

225 2733 298 2790 tiam
320 2730 470 2790 uindictae
491 2729 555 2787 risu
577 2729 705 2787 testatus
728 2729 782 2789 est.
1205 2741 1218 2780 e

360 2965 428 3037 QVI
449 2964 503 3023 EX
525 2963 674 3023 HVMILI
695 2961 799 3024 Loco
823 2963 1061 3023 HVASHlth'l‘.

176 3113 224 3176 4‚1
293 3100 373 3160 Tulli
401 3099 525 3160 Hostilii
557 3099 739 3159 incunabula
766 3103 883 3177 agreste
912 3098 1066 3176 tugurium
1099 3109 1192 3182 cepit:

225 3184 304 3244 idem
326 3185 458 3244 adoleuit
480 3185 510 3242 in
533 3203 638 3259 pecore
661 3182 819 3258 pascendo.

294 3365 310 3410 9
328 3358 377 3425 ob]
397 3359 433 3411 ad
446 3360 456 3425 ΙΙ
471 3366 501 3413 17
519 3361 579 3428 ipse
593 3361 651 3429 (sic,
663 3375 720 3414 uon
731 3362 803 3429 ipsa)
817 3364 827 3429 lt
842 3367 872 3416 18
884 3362 1073 3430 nicocreonei
1089 3370 1122 3420 la
1142 3369 1191 3423 lol-

226 3422 691 3552 Afflffhhhhfflhffffiffifflfflt
705 3433 735 3480 21
755 3434 781 3481 et
799 3435 842 3547 ἓξ
848 3428 1002 3496 hieronym.
1031 3429 1093 3496 (scd
1111 3433 1129 3487 h
1148 3437 1189 3490 ia·

606 3532 612 3544 .
691 3497 1009 3562 mm.mpm
