2550 3958
505 191 582 249 CAP.
594 191 650 258 III,
668 197 684 257 ξ
696 197 771 251 4-8.
1057 193 1121 260 437

151 342 215 429 giis
237 343 305 408 eius
326 343 484 409 dedicatio
506 345 592 408 aedis
606 344 758 409 Mercurii
780 343 823 409 M.
839 343 1002 410 Plaetorio
1024 347 1121 431 primi

150 428 211 513 pili
233 429 414 506 centurioni
430 430 505 493 data
521 433 570 493 est
585 430 766 512 praeteritis
782 430 975 508 consulibus,
1000 432 1120 517 Appio,

152 511 238 596 quod
262 513 441 579 obstitisset
457 535 520 598 quo
542 515 649 580 minus
664 515 731 578 aeri
754 515 860 579 alieno
876 536 933 579 suo
957 536 1119 581 succurre·

150 601 248 676 retur,
266 597 411 677 Seruilio,
427 599 513 682 quod
527 603 707 682 susceptam
719 620 847 664 causam
861 620 950 663 suam
966 600 1121 684 languido

150 682 331 767 patrocinio
359 684 562 766 protexisset.
615 705 715 769 negas
745 683 907 748 efficacem
939 705 1006 748 esse
1029 686 1147 770 iram,a

151 767 241 832 cuius
263 767 395 831 hortatu
417 767 510 831 miles
532 789 657 832 summo
680 768 816 852 imperio
838 768 1001 852 praelatus
1024 773 1094 833 est?

216 851 244 918 7.
267 849 355 927 Quae
370 851 498 935 quidem
519 873 585 916 non
606 854 807 936 proculcauit
827 856 953 918 tantum
974 854 1120 938 imperia,

156 936 331 1000 sedetiam
378 937 455 1000 essit
476 937 675 1020 inpotenter:
707 959 783 1002 nam
806 935 843 1013 Q.
866 937 1027 1023 Metellus,
1050 960 1122 1003 cum

155 1025 325 1104 utramque
381 1021 540 1104 ispaniam
563 1021 676 1086 consul
698 1021 801 1105 prius,
829 1023 945 1087 deinde
966 1044 1024 1106 pro
1048 1045 1122 1088 con-

153 1105 222 1169 sule
244 1126 347 1188 paene
370 1109 468 1180 iotam
491 1106 688 1192 subegisset,
711 1110 886 1190 postquam
907 1109 1061 1192 cognouit
1084 1106 1119 1184 Q.
1135 1125 1160 1164 10

151 1189 342 1272 Pompeium
381 1191 546 1254 consulem
579 1191 744 1255 inimicum
778 1213 870 1256 suum
904 1213 1122 1258 successorem

152 1274 214 1337 sibi
237 1275 332 1357 mitti,
357 1295 476 1352 omnes,
501 1275 555 1358 qui
571 1275 666 1340 modo
681 1276 829 1340 militiam
845 1298 936 1342 suam
951 1279 1122 1343 uoluerunt

150 1358 254 1438 finiri,
285 1358 423 1440 dimisit,
452 1363 649 1424 commeatus
677 1361 862 1444 petentibus
891 1383 995 1446 neque
1019 1364 1121 1428 causis

152 1443 293 1506 excussis
314 1463 419 1527 neque
442 1444 619 1508 constituto
642 1447 789 1527 tempore
811 1444 908 1527 dedit,
931 1446 1046 1511 horrea
1069 1467 1122 1512 cu·

152 1526 296 1592 stodibus
317 1528 451 1591 remotis
473 1531 656 1612 opportuna
678 1529 810 1616 rapinae
833 1530 997 1613 praebuit,
1028 1551 1121 1597 arcus
1135 1549 1160 1588 1⁵

153 1612 289 1696 sagittas
315 1633 354 1675 ue
370 1611 571 1677 Cretensium
594 1613 703 1698 frangi
725 1616 821 1696 atque
844 1615 878 1678 in
895 1636 1022 1680 amnem
1038 1617 1122 1681 abici

151 1696 256 1776 iussit,
280 1633 461 1779 elephantis
483 1698 606 1762 cibaria
634 1696 703 1762 dari
731 1699 844 1762 uetuit.
888 1700 1004 1783 quibus
1025 1699 1122 1765 factis

153 1785 191 1846 nt
214 1781 383 1864 cupiditati
406 1803 483 1846 suae
505 1782 654 1862 indulsit,
684 1783 731 1847 ita
758 1783 930 1868 magnifice
959 1787 1122 1869 gestarum

150 1885 260 1930 rerum
270 1865 407 1951 gloriam
418 1867 563 1950 corrupit
574 1867 788 1952 meritumque
799 1867 953 1940 honorem
966 1869 1123 1954 triumphi

153 1951 297 2016 hostium
319 1971 415 2034 quam
437 1951 503 2016 irae
524 1952 641 2016 fortior
662 1953 768 2017 uictor
789 1953 906 2018 amisit.
1134 1969 1160 2010 20

216 2040 245 2100 8.
270 2033 355 2111 Quid
377 2035 473 2114 Sulla,
498 2036 574 2100 dum
596 2037 670 2102 huic
685 2037 766 2102 uitio
781 2039 991 2122 obtemperat,
1013 2058 1122 2103 nonne

151 2119 254 2184 multo
277 2121 382 2185 alieno
405 2122 563 2206 sanguine
586 2122 718 2205 profuso
741 2124 780 2187 ad
802 2123 952 2188 ultimum
975 2126 1007 2188 et
1029 2145 1123 2188 suum

151 2204 320 2288 erogauit?
359 2205 500 2270 Puteolis
523 2207 609 2270 enim
632 2209 747 2272 ardens
769 2207 1010 2292 indignatione,
1036 2208 1122 2293 quod

152 2287 291 2352 Granius
313 2289 463 2374 princeps
486 2291 553 2354 eius
576 2291 722 2356 coloniae
744 2294 913 2375 pecuniam
936 2315 955 2357 a
978 2293 1120 2358 decurio·

150 2373 245 2437 nibus
268 2372 309 2436 ad
330 2373 539 2439 refectionem
568 2373 721 2459 Capitolii
750 2378 942 2460 promissam
965 2381 1118 2442 cunctan-
1135 2395 1160 2437 aa

150 2457 215 2523 tius
238 2457 338 2539 daret,
361 2459 462 2522 animi
485 2460 701 2525 concitatione
722 2462 824 2525 nimia
846 2465 941 2544 atque
963 2463 1119 2527 immode-

151 2545 224 2607 rato
247 2543 336 2607 uocis
357 2542 481 2626 impetu
503 2545 657 2608 conuulso
679 2547 810 2627 pectore
833 2547 982 2629 spiritum
1007 2568 1120 2611 cruore

152 2648 190 2692 ac
211 2626 308 2691 minis
330 2627 467 2692 mixtum
483 2629 635 2710 euomuit,
657 2649 717 2692 nec
740 2629 830 2694 senio
852 2631 917 2694 iam
938 2631 1120 2714 prolapsus,

151 2715 263 2810 utpote
296 2714 533 2796 sexagesimum
564 2712 749 2798 ingrediens
778 2736 914 2797 annum,
954 2713 1009 2778 sed
1042 2715 1122 2779 alita

151 2795 289 2863 m1seriis
321 2796 368 2861 rei
400 2796 549 2880 publicae
583 2796 764 2880 inpotentia
789 2798 909 2864 furens.
957 2799 1058 2884 igitur
1085 2799 1120 2863 in
1133 2819 1159 2860 eo

151 2880 248 2945 dubio
271 2883 320 2946 est
343 2879 474 2946 Sullane
499 2881 589 2964 prior
615 2903 656 2946 an
678 2882 845 2948 iracundia
873 2881 981 2950 Sullae
1004 2884 1047 2948 sit
1069 2904 1120 2948 ex·

150 2963 262 3029 tincta.

222 3172 235 3219 1
262 3166 384 3234 pletorio
407 3166 479 3234 LA,
502 3168 634 3222 Laetorio
657 3169 724 3223 Isiu.
744 3169 786 3222 II
803 3171 847 3234 27,
866 3173 884 3224 6
893 3171 921 3290 lp
945 3170 1036 3239 tpilo
1054 3171 1093 3225 L²
1110 3171 1121 3240 ΙΙ

150 3233 331 3288 eaereLA
352 3235 584 3305 sstsucceptam
602 3235 672 3290 ΙιΑι
693 3238 702 3305 ΙΙ
724 3238 888 3306 anegatli
923 3239 945 3302 ¹,
968 3254 1061 3292 aune
1083 3244 1120 3292 a?

150 3301 317 3357 Perizonius
329 3303 339 3372 u
352 3319 412 3357 esse
425 3301 497 3369 LA,
515 3319 566 3358 om.
584 3302 671 3359 Halm
684 3305 694 3374 ss
707 3311 723 3358 6
741 3306 837 3358 ortatu
849 3306 887 3358 A¹
900 3306 910 3374 ΙΙ
922 3305 1048 3374 prelatus
1091 3308 1099 3343 ¹
1111 3307 1120 3376 ΙΙ

150 3377 278 3472 acc
297 3370 716 3493 cramelenus
731 3375 771 3493 a
784 3372 1118 3509 ,suffic-anau

149 3453 212 3560 liii>
225 3439 258 3560 ll
272 3437 328 3584 ΙΙΗέὶῤ
347 3456 505 3584 codetanus
523 3508 562 3559 Α*
602 3512 634 3560 26
652 3457 835 3562 doncitationi
882 3509 967 3578 ί1127
985 3482 1119 3564 conuulee'

151 3572 189 3626 L1
202 3574 212 3641 ΙΙ
226 3589 318 3628 cruori
336 3575 375 3627 Al
387 3575 397 3643 ΙΙ
410 3580 443 3628 29
461 3574 559 3628 alitam
578 3575 637 3628 LA
649 3575 659 3643 ll
671 3580 703 3628 31
723 3575 848 3644 syllanae
866 3576 949 3630 L¹A¹
1053 3617 1060 3634 2
