2550 3958
346 1037 573 1110 VALERII
594 1037 814 1110 MAXIM]

13 1115 15 1168 ³
88 1158 261 1225 oneum
282 1157 424 1222 LIBRI
446 1156 697 1223 orerentur
717 1158 784 1223 ur
806 1157 1064 1226 orerentur

126 1275 470 1333 MEMORABILIVM
485 1276 541 1331 IN
554 1275 777 1332 EPITOMEN
791 1278 979 1334 REDAOTI
995 1279 1023 1334 A

378 1387 530 1460 IVLIO
557 1387 773 1461 PARIDE.

63 1674 77 1715 ⁶
153 1663 249 1722 Iulius
263 1662 348 1722 Paris
369 1661 486 1722 Licinio
502 1660 627 1737 Cyriaco
650 1680 704 1722 suo
727 1663 863 1722 salutem.
896 1663 1058 1738 Exemplo·

88 1768 157 1808 rum
178 1747 429 1823 conquisitionem
452 1765 520 1806 cum
543 1746 649 1806 scirem
673 1764 737 1806 esse
759 1765 820 1807 non
841 1748 941 1806 minus
956 1746 1058 1822 dispu-

88 1833 224 1893 tantibus
239 1851 329 1908 quam
344 1830 580 1891 declamantibus
595 1831 807 1902 necessariam,
830 1831 933 1891 decem
944 1830 1058 1892 Valerii

88 1917 212 1978 Maximi
237 1916 331 1976 libros
359 1915 508 1976 dictorum
537 1918 568 1974 et
589 1915 736 1976 factorum
759 1916 999 1976 memorabilium
1021 1917 1059 1976 ad

89 2022 184 2062 unum
206 2001 347 2062 uolumen
369 2000 517 2077 epitomae
540 2000 633 2076 coegi.
677 2001 757 2076 quod
779 2000 836 2060 tibi
857 2001 942 2073 misi,
972 2004 1060 2062 utet

49 2086 207 2149 10fecilius
235 2087 400 2157 inuenires‚
435 2085 461 2144 si
490 2084 609 2161 quando
636 2085 711 2161 quid
732 2103 903 2162 quaereres,
936 2088 968 2145 et
989 2089 1060 2162 apta

91 2190 208 2246 semper
229 2171 362 2230 materiis
385 2170 519 2245 exempla
541 2169 746 2246 subiungeres.

411 2347 542 2413 LIBER
563 2347 738 2415 PRIMVS.

144 2491 198 2550 DE
221 2488 442 2550 RELIGIONE
467 2487 657 2549 SERVATA
678 2489 761 2549 AVT
785 2489 1007 2554 NEGLECTA.

155 2593 266 2652 Decem
293 2591 461 2668 principum
488 2590 543 2650 filii
573 2593 692 2651 senatus
722 2593 899 2653 auctoritaie
930 2593 1109 2669 singulis1‚1

17 2691 20 2697 '
54 2689 79 2730 1⁵
92 2678 230 2738 Etruriae
252 2677 371 2752 populis
385 2675 593 2752 percipiendae
607 2693 759 2736 sacrorum
774 2676 947 2752 disciplinae
962 2677 1060 2753 gretie

92 2762 197 2823 traditi
219 2764 300 2824 sunt.
317 2792 355 2804 -
373 2760 487 2834 Cereri,
512 2778 603 2835 qnam
623 2778 706 2819 more
721 2759 833 2820 Graeco
856 2762 992 2820 uenerari
1013 2762 1058 2822 in-

93 2849 271 2919 stituerant,
295 2844 478 2906 sacerdotem
494 2842 699 2920 Calliphanam
720 2865 750 2921 p.
764 2864 788 2904 e.
813 2844 929 2905 aVelia
951 2847 1059 2921 oppido

92 2932 259 3008 petierant,
284 2931 365 3006 quod
386 2929 519 2988 nondum
540 2930 572 2989 in
594 2930 749 2990 ciuitatem
762 2929 927 2990 Romanam
942 2949 1059 3006 recepe·
1137 2939 1140 2944 '

94 3018 172 3074 rent.
188 3045 229 3057 -
246 3014 390 3073 Tumultu
408 3011 579 3074 Gracchano
595 3033 631 3073 ex
645 3013 733 3074 libris
749 3014 906 3090 Sibyllinis
921 3015 1059 3074 Hennam

56 3118 82 3162 eo
96 3101 198 3160 decem
220 3099 279 3158 uiri
300 3099 384 3158 missi
407 3097 544 3158 Cererem
566 3099 818 3174 propitiauerunt.

157 3184 298 3243 Metellus
320 3183 456 3259 pontifex
478 3182 625 3242 maximus
640 3183 828 3242 Postumium
844 3202 902 3244 cos.
919 3182 1059 3242 eundem·
1078 3200 1094 3248 a

163 3355 176 3402 1
196 3347 323 3402 Titulum
345 3361 397 3400 om.
416 3347 473 3401 cod.
486 3347 497 3414 ΙΙ
512 3351 540 3400 11
560 3346 753 3415 subiungeree]
774 3347 921 3400 addimit
939 3345 1061 3414 epistula

94 3419 164 3470 baec
183 3416 362 3470 continentur
379 3414 453 3468 libro
470 3414 569 3484 primo.
604 3416 732 3483 sequitur
757 3416 880 3481 capitam
897 3414 983 3468 iader
1000 3415 1010 3480 11
1030 3421 1061 3466 13

94 3484 168 3538 AVT
186 3481 381 3538 NEGLECTA
397 3497 449 3536 om.
468 3482 556 3535 Halm
577 3483 587 3550 d
610 3488 641 3535 15
659 3497 801 3536 sacrorum
819 3498 869 3538 om.
889 3483 976 3537 Halm
996 3485 1007 3550 11
1029 3486 1060 3535 17

94 3552 159 3606 uela
171 3553 182 3620 ΙΙ
196 3558 226 3606 19
244 3553 366 3605 bennam
