2590 3948
392 789 597 874 VALERI
620 789 844 874 MAXIMI

193 953 414 1017 PAOTORVM
437 955 489 1014 ΕΤ
512 951 723 1014 DIOTORVM
745 953 1062 1014 MEMORABILIVM

111 1067 123 1080 ‘
457 1089 788 1158 nrannmuuvs.

203 1369 300 1435 Vrbis
322 1369 445 1435 Romae
468 1373 709 1455 exterarumque
732 1371 879 1455 gentium
902 1370 990 1436 facta
1011 1371 1106 1436 simul

137 1476 177 1520 ac
200 1456 287 1520 dicta
309 1459 486 1520 memoratu
508 1454 617 1541 digna,
642 1477 723 1539 quae
742 1455 827 1539 apud
842 1455 921 1520 alios
936 1455 1032 1520 latius
1047 1455 1106 1520 dif-

139 1541 215 1606 fusa
231 1543 306 1605 sunt
321 1562 418 1624 quem
433 1543 470 1604 ut
485 1540 626 1605 breuiter
641 1540 791 1625 cognosci
806 1542 944 1623 possint,
967 1540 1008 1603 ab
1023 1540 1107 1604 inlu·

140 1626 261 1690 stribus
289 1625 393 1690 electa
420 1626 605 1690 auctoribus
633 1625 779 1709 digerere
806 1624 969 1702 constitui,
993 1627 1030 1688 ut
1052 1625 1107 1690 do·

137 1713 290 1775 comente
304 1730 429 1774 sumere
444 1710 628 1776 uolentibus
650 1709 765 1794 longae
781 1708 1000 1793 inquisitionis
1015 1708 1107 1773 labor
1121 1732 1133 1772 s

138 1795 233 1861 absit.
271 1815 331 1859 nec
346 1795 427 1858 mihi
450 1798 567 1859 cuncta
590 1793 813 1878 conplectendi
829 1793 944 1877 cupido
959 1793 1107 1858 incessit:

139 1879 212 1963 quis
235 1881 322 1943 enim
344 1879 450 1944 omnis
472 1880 543 1944 aeui
567 1879 806 1964 gestamodieo
829 1878 1033 1942 uoluminum
1050 1901 1108 1943 nu-

129 1985 230 2050 Q
259 1963 543 2048 conprehenderit,
573 1966 629 2028 aut
657 1965 727 2046 quis
756 1984 886 2046 compos
914 1963 1033 2026 mentis
1057 1963 1108 2027 do·

137 2048 291 2114 mesticee
324 2049 512 2134 peregrinae
538 2070 576 2113 ue
609 2048 765 2113 historiae
791 2049 906 2112 seriem
938 2047 1026 2112 felici
1057 2069 1108 2111 su·

139 2134 304 2216 periorum
341 2134 416 2198 stilo
451 2071 614 2198 conditam
647 2133 700 2197 uel
733 2133 913 2197 adtentiore
947 2153 1023 2196 cura
1054 2133 1146 2196 uel10

141 2218 377 2302 praestantiore
399 2217 552 2284 facundia
573 2217 767 2283 traditurum
789 2239 823 2282 se
845 2215 1043 2300 sperauerit?
1074 2220 1107 2281 te

138 2303 241 2387 igitur
262 2301 337 2367 huic
360 2305 483 2386 coepto,
507 2324 607 2387 penes
622 2324 716 2387 quem
732 2303 897 2367 hominum
914 2301 1108 2385 deorumque

140 2407 316 2454 consensus
338 2389 436 2452 maris
459 2409 497 2452 ac
518 2391 622 2452 terrae
644 2388 788 2472 regimen
811 2407 881 2452 esse
904 2386 1018 2469 uoluit,
1043 2408 1107 2452 cer-

138 2472 264 2536 tissima
286 2471 372 2536 salus
395 2473 534 2556 patriae,
558 2471 686 2555 Caesar,
710 2472 839 2551 inuoeo,
864 2471 955 2536 cuius
977 2470 1108 2536 caelesti

139 2555 343 2640 prouidentia
372 2559 521 2639 uirtutes,
549 2547 599 2622 de
611 2558 727 2641 quibus
750 2557 892 2621 dicturus
914 2578 995 2636 sum,
1018 2557 1146 2621 beni-1⁶

139 2641 296 2726 guissime
330 2641 500 2721 fouentur,
537 2641 618 2706 uitia
655 2642 855 2706 seuerissime
884 2641 1104 2708 uindicantur:

140 2747 217 2791 nam
238 2726 266 2790 si
288 2726 387 2809 prisci
408 2730 549 2792 oratores
571 2728 612 2792 ab
627 2725 703 2792 Ioue
726 2726 848 2810 optimo
871 2726 1011 2791 maximo
1027 2727 1109 2790 bene

141 2811 207 2876 orsi
236 2814 326 2889 sunt,
356 2811 383 2874 si
406 2811 665 2876 excellentissimi
693 2815 785 2876 uates
807 2833 826 2875 a
847 2811 979 2874 numine
1002 2809 1109 2892 aliquo

141 2895 304 2980 principia
324 2898 502 2978 traxerunt,
526 2917 598 2960 mea
619 2895 762 2980 paruitas
779 2918 817 2960 eo
832 2896 948 2960 iustius
964 2895 1003 2958 ad
1018 2893 1107 2958 fauo-

140 3001 209 3044 rem
224 2983 317 3044 tuum
332 2978 557 3066 decucurrerit,
581 3003 644 3066 quo
661 2983 768 3046 cetera
783 2980 937 3044 diuinitas
952 2979 1106 3064 opinione
1121 3001 1146 3042 ro

209 3163 359 3235 PRIMVS]
378 3165 444 3219 cdd.
462 3165 600 3221 INCIPIT
615 3164 656 3232 A,
680 3165 817 3221 INCIPIT
836 3165 884 3218 DE
901 3163 1111 3218 RELEGIONE

144 3231 171 3288 L
188 3233 232 3302 114
255 3232 384 3302 digerere
408 3233 562 3301 Meureius,
592 3233 710 3302 dilIgere
732 3235 783 3301 A¹,
813 3232 938 3301 deligere
956 3233 1007 3299 A’,
1035 3232 1112 3286 dele·

142 3315 209 3371 gere
229 3300 256 3355 12
272 3301 282 3368 11
301 3307 315 3355 'l
334 3313 433 3356 omnus
451 3300 487 3354 L¹
502 3302 512 3370 11
525 3301 578 3359 litt.
602 3301 712 3356 modico
730 3318 767 3355 uo
789 3302 883 3356 lacera
905 3305 1027 3355 eatrema
1047 3300 1113 3366 folii

139 3375 223 3437 parte
230 3369 378 3436 perierunt
389 3369 422 3423 in
433 3369 461 3422 A
473 3367 483 3438 11
496 3375 512 3422 8
525 3369 778 3438 conpraehenderIt
790 3369 816 3423 L
829 3370 839 3438 11
852 3371 954 3424 mentIs
967 3370 1047 3438 *seles
1059 3366 1086 3421 1,
1098 3367 1109 3436 11

144 3442 159 3490 9
177 3437 353 3505 superiorum
371 3435 408 3504 Ε,
427 3437 564 3506 superlori
580 3437 640 3490 LA
652 3438 662 3505 11
676 3442 705 3490 11
724 3438 934 3505 praestantiora
953 3438 1032 3506 (corr.
1046 3437 1112 3490 me

144 3506 203 3626 {dd
222 3504 480 3627 &apraestanciori
497 3505 525 3558 A
536 3505 547 3573 11
561 3511 592 3558 12
610 3505 753 3573 poenosa
767 3511 792 3560 et
803 3511 835 3560 ut
847 3505 904 3560 oid.
916 3505 954 3558 A¹
967 3505 978 3573 11
990 3511 1023 3558 20
1036 3503 1112 3570 quod

198 3669 259 3710 Van.
273 3669 340 3710 Max.
386 3699 391 3711 .
883 3664 897 3712 1
