2590 3948
221 153 263 218 36
651 149 719 204 111.
739 151 761 204 1.

219 304 309 369 11111
331 325 432 368 cornu
453 303 542 386 prius
557 301 702 368 laborare
718 302 884 385 coepisset,
909 306 945 366 ut
959 303 987 366 is
998 302 1112 386 capite
1128 323 1192 367 suo

219 389 288 453 fata
314 389 437 472 patriae
464 387 577 452 lueret.
621 408 703 471 quae
730 389 844 452 neutro
867 386 1101 452 reformidante
1123 386 1192 452 De·

221 473 305 537 cium
328 475 592 556 depoposcerunt.

282 557 313 625 4
345 556 495 642 Sequitur
516 577 616 640 aeque
638 555 679 621 ad
701 554 865 638 publicam
879 557 1073 641 religionem
1088 559 1189 638 perti·

194 663 300 708 1111111
323 644 493 706 somnium.
532 663 604 707 cum
626 641 747 724 plebeis
770 641 900 723 quidam
921 641 1006 706 ludis
1028 644 1122 724 pater
1143 641 1194 705 fa·

219 728 326 792 milies
347 749 406 811 per
425 728 544 792 circum
560 724 765 808 Flaminium,
787 726 876 808 prius
891 747 989 809 quam
1003 746 1125 810 pompa
1141 726 1194 790 in·

220 813 404 892 duceretur,
436 833 563 875 seruum
594 833 686 876 suum
713 811 899 875 uerberibus
928 810 1103 875 mulcatum
1130 811 1193 875 sub

220 898 311 961 furca
338 897 378 959 ad
407 895 599 980 supplicium
621 896 758 980 egisset,
788 896 825 960 Τ.
846 895 975 959 Latinio
1000 894 1127 960 homini
1150 917 1192 960 ex

220 980 315 1066 plebe
337 981 482 1064 Iuppiter
503 981 538 1044 in
561 979 666 1064 quiete
715 980 857 1064 raecepit
876 982 912 1044 ut
934 980 1120 1044 consulibus
1144 981 1194 1044 di·

182 1089 207 1127 10
221 1070 308 1130 11111
329 1066 403 1128 sibl
434 1065 666 1149 praesultorem
692 1002 778 1128 ludis
808 1064 1005 1128 circensibus
1033 1064 1194 1148 proximis

219 1173 288 1215 non
315 1149 487 1233 placuisse:
523 1171 603 1234 quae
632 1170 683 1213 res
710 1150 775 1213 nisi
804 1149 935 1213 adtenta
962 1149 1111 1213 ludorum
1139 1150 1190 1214 in·

221 1235 419 1300 stauratione
450 1235 576 1318 expiata
604 1238 703 1317 esset,
732 1237 913 1299 secuturum
936 1255 1004 1297 non
1026 1234 1190 1299 mediocre
1287 1301 1289 1320 ᾗ

220 1319 309 1383 urbis
321 1319 508 1402 periculum.
532 1319 587 1382 ille
598 1319 718 1382 ueritus
729 1340 770 1383 ne
781 1339 853 1383 cum
866 1319 972 1402 aliquo
986 1318 1191 1384 incommodo

220 1425 278 1468 suo
304 1404 463 1488 religione
489 1425 650 1468 summum
676 1403 856 1486 implicaret
877 1403 1063 1486 imperium,
1091 1404 1189 1468 silen-

69 1519 71 1526 ·
181 1509 208 1550 15
220 1489 302 1553 tium
324 1491 405 1574 egit,
429 1512 446 1553 e
468 1489 672 1574 uestigioque
701 1488 785 1553 filius
808 1488 876 1552 eius
898 1489 1004 1552 subita
1025 1488 1059 1552 ui
1081 1489 1189 1553 morbi
1289 1567 1290 1578 χ

221 1578 386 1659 correptus
408 1575 541 1641 interiit.
564 1574 633 1658 ipse
656 1574 752 1637 etiam
773 1595 830 1657 per
852 1573 993 1657 quietem
1016 1573 1190 1638 abeodem

220 1660 279 1724 deo
302 1660 519 1745 interrogatus
541 1681 584 1724 an
606 1661 684 1722 satis
706 1679 857 1743 magnam
886 1679 1024 1743 poenam
1046 1658 1192 1743 neglecti

219 1745 348 1828 imperii
376 1747 424 1809 sui
456 1743 676 1826 pependisset,
710 1743 744 1806 in
777 1743 944 1827 proposito
978 1764 1192 1826 perseuerans

221 1829 385 1894 debilitate
413 1829 556 1911 corporis
589 1827 712 1892 solutus
740 1835 790 1892 est
819 1848 857 1892 11
891 1831 961 1890 turn
989 1826 1115 1891 demum
1150 1848 1193 1893 ex
1290 1817 1291 1844 ¹

182 1934 210 1974 ro
224 1914 359 1978 consilio
382 1914 557 1977 amicorum
578 1911 726 1976 lecticula
748 1912 788 1976 ad
811 1913 953 1976 tribunal
975 1911 1142 1976 consulum
1158 1917 1193 1976 et

221 1997 296 2060 inde
319 1997 360 2062 ad
382 1999 528 2061 senatum
549 1997 690 2080 perlatus
714 1997 824 2061 ordine
845 1998 944 2061 totius
964 2017 1057 2062 casus
1072 1997 1121 2060 sui
1137 2018 1193 2062 ex·
1291 2059 1292 2072 ,

221 2081 325 2166 posito
350 2102 471 2166 magna
498 2103 570 2146 cum
599 2082 742 2146 omnium
770 2082 978 2146 admiratione
1001 2085 1194 2165 recuperata

221 2166 437 2231 membrorum
458 2166 612 2231 firmitate
634 2165 769 2250 pedibus
792 2167 923 2232 domum
944 2165 1049 2233 rediit.

286 2251 317 2318 5.
351 2253 400 2315 Ac
422 2272 464 2314 ne
478 2251 558 2315 illud
572 2252 702 2334 quidem
716 2251 947 2316 inuoluendum
961 2250 1101 2315 silentio.
1125 2251 1193 2316 ini-

184 2357 209 2397 re
222 2335 378 2399 micorum
400 2336 639 2419 conspiratione
660 2336 738 2400 urbe
760 2337 873 2419 pulsus
893 2335 938 2399 M.
961 2335 1092 2419 Cicero,
1116 2357 1194 2400 oum

220 2420 257 2486 in
279 2419 357 2484 uilla
378 2421 515 2504 quadam
539 2421 644 2504 campi
659 2421 802 2484 Atinatis
825 2422 1056 2505 deuersaretur,
1079 2421 1192 2486 animo

221 2505 256 2568 in
280 2525 425 2570 somnum
447 2505 579 2589 profuso
625 2527 659 2570 er
681 2505 751 2569 loca
773 2505 899 2570 deserta
914 2510 946 2570 et
960 2506 1065 2570 inuias
1081 2505 1191 2592 regio-

221 2610 279 2653 nes
306 2589 440 2675 uaganti
467 2591 528 2654 sibi
551 2589 584 2656 0.
636 2591 737 2654 arium
760 2591 945 2655 consulatus
968 2592 1118 2655 ornatum
1140 2591 1193 2655 in-

222 2673 369 2759 signibus
390 2675 520 2758 putauit
544 2675 673 2739 obuium
688 2674 821 2757 factum,
841 2675 1099 2759 interrogantem
1115 2696 1192 2740 eum

183 2783 209 2824 ro
223 2759 298 2842 quid
317 2759 446 2824 itatem
460 2759 546 2823 tristi
567 2760 660 2823 uultu
680 2761 804 2824 incerto
820 2760 936 2824 itinere
950 2761 1099 2826 ferretur.
1135 2782 1192 2826 au-

291 3003 307 3050 3
324 2995 531 3064 depoposcerat
548 2995 606 3064 (red
622 3011 657 3053 m.
672 3001 688 3048 1
701 2999 779 3062 corr.)
798 2997 825 3050 L
837 2999 847 3064 l
860 3003 876 3051 5
888 2997 1016 3066 plebeius
1034 3000 1114 3064 (corr.
1127 2997 1192 3134 ple-

223 3061 305 3130 baiis)
323 3064 350 3116 L
363 3065 373 3132 ΙΙ
386 3069 401 3118 7
413 3063 564 3117 multatum
583 3063 610 3116 L
622 3063 632 3132 l
644 3069 660 3117 8
678 3063 763 3117 Το111.
782 3065 849 3131 LA,
867 3065 998 3133 suppleas*
1014 3081 1028 3119 e
1044 3065 1115 3121 Pur.

223 3131 284 3184 tino
302 3131 369 3196 LA,
388 3131 535 3188 emendaret
547 3147 561 3184 1
573 3131 641 3185 Pur.
658 3137 683 3185 et
695 3131 767 3186 Liui
784 3134 877 3201 optim.
894 3133 973 3190 codd.
991 3133 1082 3200 1136,
1099 3135 1126 3198 2,
1147 3131 1191 3191 Ti.

223 3197 335 3251 Atinius
348 3204 386 3252 est
398 3213 444 3267 up.
457 3199 587 3254 Lactant.
600 3199 639 3252 ΙΙ
648 3204 674 3264 7,
686 3203 723 3254 20
736 3201 746 3268 ΙΙ
759 3205 791 3254 16
800 3203 947 3269 corruptus
960 3201 1039 3254 L¹A¹
1055 3201 1064 3269 ΙΙ
1079 3207 1108 3255 17
1122 3216 1191 3268 poe-

224 3267 302 3344 nam]
319 3271 382 3333 poet
399 3267 426 3321 1.
444 3283 472 3320 u.
490 3283 544 3321 ras.
562 3267 960 3389 11116111111111111311111
977 3283 1044 3338 mre.
1063 3269 1090 3322 L
1107 3285 1143 3324 m.
1162 3272 1191 3324 2.

225 3337 250 3386 et
268 3349 300 3386 m
317 3349 373 3390 ros.
390 3333 428 3400 A,
445 3335 584 3388 intellecti
601 3335 638 3388 L¹
652 3337 704 3404 1121
725 3353 763 3390 aa
781 3336 816 3390 da
829 3339 893 3391 atus
910 3353 972 3391 cum
983 3339 1064 3400 Pur„
1079 3335 1135 3393 Gir.
1156 3336 1191 3391 de

225 3399 283 3454 diu.
297 3399 426 3479 11115,
446 3402 514 3456 Liu.
534 3403 552 3456 l.
570 3417 592 3457 1.
605 3403 626 3474 §
637 3408 654 3457 7
666 3405 797 3460 Luctuat.
808 3405 826 3461 l.
840 3405 905 3474 1111
918 3405 1067 3474 2311111311
1082 3404 1119 3457 Αι
1134 3404 1192 3472 1126

226 3467 412 3522 deuersaretrs
430 3470 478 3534 A1,
497 3469 668 3538 deuersuret,
687 3473 711 3525 is
729 3473 780 3534 ΑΩ,
801 3473 999 3527 deuersaretur
1016 3473 1040 3528 is
1059 3471 1137 3538 aar,
1156 3479 1191 3528 ut

224 3549 274 3590 111
291 3535 318 3587 L
331 3537 341 3604 ss
354 3541 386 3589 29
404 3535 530 3604 obuium]
549 3537 615 3596 add.
634 3538 687 3592 sibi
703 3540 773 3594 Par.
793 3541 803 3608 ΙΙ
815 3546 849 3595 30
860 3539 979 3594 intinere
997 3541 1034 3595 L¹

1150 3065 1192 3118 11-
1263 3081 1269 3092 ·
