2562 3950
249 147 313 212 542
377 145 445 200 um.
457 144 503 204 vr.
522 143 600 200 ese.
612 149 637 212 e,
650 148 724 198 2-e.
737 145 813 200 uxr.
826 150 850 199 1.
861 151 886 206 e.
919 144 1007 200 une.
1023 151 1057 216 a,
1071 154 1100 201 2.
1112 154 1144 202 3.

251 303 362 362 tifiocm
384 302 557 378 maximum,
580 302 627 362 bis
650 321 710 362 coe.
746 303 784 361 ad
805 303 892 378 pueri
916 303 1060 364 tutelam
1081 305 1230 382 gerenda:

249 387 464 448 Alexandriam
486 386 577 445 misit.

215 479 231 528 2
313 472 435 549 Ingenti
457 472 534 530 circa
557 469 687 530 Siciliam
702 471 870 530 Poenorum
887 471 988 532 classe
1008 473 1151 534 deuicta
1168 475 1230 531 duee

252 558 317 618 eius
339 558 444 616 fractis
466 555 573 614 animis
595 556 631 614 de
652 556 782 632 petenda
804 574 875 632 pace
891 557 1028 616 consilia
1045 559 1198 618 inibant:
1217 573 1230 614 e:

250 663 318 704 eum
340 641 492 700 Hamilcar
513 641 626 699 iturum
649 659 680 700 se
703 644 828 717 negaret
848 641 885 699 ad
910 643 1081 717 consules,
1109 645 1196 720 quod
1213 643 1231 699 l-

252 730 349 787 meret
370 745 408 785 ne
430 723 533 784 eodem
555 743 639 784 more
661 725 859 801 detineretur,
882 743 943 801 quo
967 727 1037 800 ipsi
1067 727 1231 788 Cornelius

250 811 376 872 Asinam
398 826 461 870 cos.
484 809 690 885 detinuerant,
726 809 849 882 Hanno,
885 809 1003 868 certior
1028 811 1231 872 Romanorun

251 915 369 956 morum
391 894 573 969 aestimator,
596 895 681 953 uenit
702 894 739 953 ad
762 894 908 954 consules.
953 897 1045 970 apud
1072 917 1163 972 quos
1186 915 1230 956 cun

252 982 288 1040 de
312 980 371 1039 fine
393 979 465 1038 belli
484 982 588 1053 ageret
603 982 633 1038 et
647 979 785 1039 tribunus
798 979 931 1037 militum
948 979 976 1036 ei
993 980 1147 1041 dixisset
1161 1000 1229 1058 posse

221 1078 224 1086 ’
249 1066 295 1124 illi
322 1064 431 1123 merito
458 1063 577 1122 euenire
605 1063 686 1138 quod
716 1062 854 1123 Cornelio
886 1062 1073 1139 accidisset,
1119 1071 1228 1141 uterque

250 1148 353 1209 consul
374 1147 531 1207 tribunum
552 1149 641 1206 iussit
662 1153 770 1208 tacere.

215 1239 231 1288 3
312 1233 353 1294 Μ,
377 1231 505 1291 Aemilio
527 1231 655 1307 Lepido,
690 1233 723 1290 L.
746 1231 897 1290 Flaminio
926 1249 1003 1291 coss·
1039 1239 1179 1295 senatus
1204 1234 1226 1292 l.

247 1316 414 1376 Minucium
434 1319 465 1375 et
479 1316 514 1377 L.
527 1316 675 1376 Manlium
691 1315 986 1392 Carthaginiensium
1009 1317 1152 1394 legatis,
1175 1321 1225 1395 qnia

251 1421 356 1462 manus
384 1400 565 1476 intulerant,
599 1421 654 1476 per
681 1401 798 1461 fetiales
827 1398 1070 1467 aM.,Claudio
1098 1410 1224 1480 praetore

250 1489 394 1548 dederim
415 1486 541 1546 curauit.

215 1581 233 1629 4
315 1571 413 1647 Scipio
427 1569 584 1628 Africanus
607 1573 746 1629 onustam
767 1588 875 1628 nauem
895 1569 1079 1628 Poenorum
1105 1577 1221 1650 captam,

248 1657 330 1732 quod
352 1675 384 1715 se
406 1654 545 1714 dicebant
566 1655 682 1730 legatos
705 1655 820 1728 uenire,
844 1654 968 1712 dimisit.

215 1751 231 1799 5
312 1741 442 1817 Legatos
463 1739 501 1797 ab
523 1739 598 1797 urbe
613 1739 775 1814 Apollonia
788 1739 912 1797 Romam
934 1738 1048 1798 missos
1068 1739 1108 1810 Q.
1122 1742 1219 1802 Fabius

249 1824 280 1886 et
303 1824 357 1884 Cn.
382 1824 534 1899 Apronius
556 1823 685 1882 aedilicii
707 1824 773 1883 orta
795 1822 985 1882 contentione
1008 1824 1216 1897 pulsauerunt

248 1909 330 1985 quod
351 1908 402 1967 ubi
425 1908 559 1983 conperit
581 1911 712 1981 senatus,
735 1909 877 1967 continuo
901 1923 952 1964 cos
974 1925 1032 1981 per
1048 1909 1176 1972 fetiales
1188 1911 1229 1968 le!

249 1995 329 2070 gatis
351 1992 473 2055 dedidit.

197 2084 252 2126 nxt.
318 2077 490 2152 Saguntini,
513 2095 551 2135 ne
572 2076 770 2136 destituerent
783 2076 948 2134 Romanam
963 2077 1161 2153 societatem,
1182 2097 1215 2138 us·

216 2139 305 2237 1que
327 2161 364 2218 ad
385 2161 487 2219 ruinas
508 2163 623 2236 patriae
645 2160 748 2219 fideles
771 2160 900 2219 fuerunt.

215 2257 230 2303 2
312 2244 441 2304 Petelini
468 2245 506 2305 ab
529 2245 698 2304 Hannibale
726 2245 840 2304 obsessi
866 2243 1011 2302 auxilium
1038 2264 1056 2304 a
1080 2249 1213 2308 Romanis

248 2333 369 2390 orantes
397 2330 560 2404 petierunt.
602 2331 710 2405 quibus
739 2330 810 2405 quia
837 2328 918 2387 mitti
940 2346 1002 2386 non
1025 2334 1136 2405 potuit
1157 2335 1231 2394 subt

248 2414 357 2474 sidium
386 2417 509 2490 propter
537 2412 723 2474 Cannensem
751 2414 880 2485 cladem,
908 2413 1012 2472 datum
1043 2435 1212 2492 responsum

248 2501 294 2560 uti
316 2500 447 2560 facerent
468 2499 549 2575 quod
571 2499 645 2558 utile
666 2499 868 2558 incolumitati
889 2515 994 2556 eorum
1015 2500 1185 2566 uideretur.

542 2701 596 2760 ΒΕ
618 2700 714 2758 FIDE
737 2698 917 2760 VXORVM.

198 2810 250 2875 bt
317 2803 350 2873 Q.
372 2802 546 2863 Lucretium
568 2802 772 2878 proscriptum
799 2821 816 2860 a
838 2801 1005 2860 triumuiris
1027 2820 1104 2862 uxor
1129 2807 1210 2884 Tyria

137 2959 141 2966 ,
247 2891 327 2949 inter
349 2906 495 2948 cameram
518 2889 682 2946 attactum
705 2885 832 2946 cubiculi
855 2904 1003 2945 eumuna
1026 2891 1146 2951 conseia
1167 2903 1227 2952 ant

248 2967 316 3033 cilla
338 2972 504 3032 abscondit.

213 3068 229 3116 3
313 3057 460 3132 Sulpicia,
490 3074 555 3115 cum
579 3074 596 3113 a
618 3057 713 3114 matre
734 3054 812 3113 Iulia
834 3055 1053 3128 custodiretur,
1076 3075 1114 3117 ne
1136 3061 1206 3120 Len-

246 3143 345 3202 tulum
367 3140 600 3202 Cruscellionem
620 3141 820 3216 proscriptum
843 3159 860 3197 a
881 3139 1048 3199 triumuiris
1071 3145 1101 3200 et
1122 3143 1154 3203 in
1169 3146 1205 3204 Si·

272 3291 274 3295 ’
314 3328 330 3376 e
348 3337 404 3390 quo
421 3322 537 3375 smeret
548 3322 559 3390 ιι
583 3321 711 3375 amarem
728 3319 813 3373 modo
826 3321 836 3388 ι
851 3324 881 3372 12
900 3318 1043 3373 flaminino
1065 3319 1074 3388 ιι
1096 3326 1126 3374 14
1143 3323 1200 3391 foa.

246 3405 346 3443 manue
367 3389 402 3442 iis
419 3388 507 3443 Halm
524 3395 611 3454 recte,
628 3394 660 3443 ct
677 3389 737 3446 edd.
760 3388 770 3456 Ιι
791 3388 937 3457 praetores
954 3387 1065 3441 curauit
1082 3389 1140 3457 (om.
1158 3391 1200 3445 de·

246 3456 364 3522 dendoe)
383 3457 450 3520 cod,
470 3472 518 3510 em.
536 3456 601 3509 Mai
612 3457 622 3523 ιι
635 3462 668 3510 20
685 3455 823 3576 αὴίιῑιιῖθ
841 3453 929 3508 Turia
949 3454 1009 3513 Vol.
1031 3456 1041 3523 ΙΙ
1059 3460 1090 3510 33
1107 3461 1197 3514 crusci-

246 3521 349 3573 lionem
369 3523 426 3575 cod.
445 3521 543 3589 Halm,
561 3523 708 3578 emendaret
726 3538 740 3576 e
784 3522 820 3576 al.
