2562 3950
239 172 305 238 522
548 168 615 227 ΜΒ.
625 168 658 224 v.
688 167 772 240 ‚cau
792 173 816 235 1,
826 173 903 226 s-o.

240 327 417 388 Masinissae
439 345 505 388 cum
522 326 683 403 equitibus,
705 343 780 402 quos
797 325 829 386 in
843 325 1037 401 praesidium
1054 328 1223 388 adduxerat

240 412 455 490 Romanorum,
479 414 632 471 reuertens
648 425 672 469 'a
692 410 787 470 Paulo
815 409 854 470 ad
874 413 995 486 patrem
1019 411 1222 474 Brundisina

240 515 331 574 aeger
353 495 470 556 delatus
490 499 548 556 est.
586 495 666 572 quod
686 499 723 554 ut
744 498 865 556 senatus
887 495 1049 570 cognonit,
1077 499 1220 558 continno

149 615 159 636 .
240 583 431 657 quaestorem
449 581 503 640 illo
518 579 675 653 iussitire,
696 580 781 640 cuins
797 598 866 640 cura
880 581 912 640 et
925 579 1105 655 hospitium
1122 581 1219 641 iuueni

241 666 433 742 expediretur
453 667 485 725 et
506 664 688 724 medicorum
702 665 790 740 copia
803 662 930 726 adesset.
956 669 1131 739 praeterea
1146 667 1230 743 equi·³

242 751 326 812 tibus
358 750 492 826 singulas
524 748 616 810 libras
648 749 767 826 argenti
799 752 831 810 et
858 748 1028 825 quingenos
1062 753 1218 811 sestertios

242 835 336 894 dedit.
351 865 392 878 —
408 833 493 894 Idem
516 837 646 908 senatus,
668 851 736 894 curn
757 833 797 894 ad
819 832 1032 910 gratulandum
1061 835 1130 894 sibi
1154 836 1218 894 Pru·

240 919 317 978 siam
343 917 503 995 Bithyniae
532 937 634 994 regem
660 917 752 977 Perse
780 915 898 978 deuicto
929 918 1036 976 uenire
1073 920 1216 988 audisset

242 1003 365 1064 obuiam
379 1003 425 1062 illi
439 1002 473 1061 P.
487 1001 659 1063 Cornelium
675 1002 843 1078 Scipionem
857 1008 1051 1078 quaestorem
1069 1004 1117 1064 ire
1133 1005 1215 1065 iussit

240 1088 418 1163 censuitque
445 1090 481 1147 ut
506 1087 535 1148 ei
560 1087 665 1146 domus
686 1087 799 1146 Romae
819 1105 909 1163 quam
929 1086 1046 1161 optima
1071 1090 1234 1149 condures

244 1175 337 1231 retur.
348 1203 390 1214 -
404 1171 468 1230 Rex
482 1170 619 1248 Aegypti
633 1171 822 1233 Ptolemaeus
843 1172 990 1230 aminore
1006 1171 1110 1233 fratre
1125 1193 1215 1252 regno

241 1255 346 1332 pulsus
369 1273 437 1314 oum
457 1257 559 1331 paucis
581 1257 676 1315 seruis
696 1255 822 1316 Romam
843 1256 928 1316 uenit
948 1273 984 1314 ac
999 1272 1033 1314 se
1056 1257 1096 1317 in
1120 1259 1216 1334 hospi-

240 1340 319 1400 tium
341 1338 495 1400 cuiuedam
515 1340 712 1400 Alexandrini
734 1340 856 1416 pictoris
885 1339 1026 1400 contulit.
1078 1343 1216 1419 quodni

242 1423 360 1484 senatui
381 1424 508 1484 relatum
530 1427 585 1499 est,
608 1425 751 1486 accersito
773 1425 881 1486 iuuene
903 1443 992 1501 quam
1007 1427 1122 1500 potuit
1136 1447 1215 1488 accu-

242 1511 309 1568 rata
331 1509 519 1570 excusatione
540 1528 613 1570 usus
628 1512 684 1585 est,
706 1509 786 1585 quod
801 1527 856 1569 neo
872 1511 1012 1585 quaestor
1027 1509 1079 1570 illi
1097 1513 1233 1573 obuiam

243 1593 376 1652 uenisset
396 1611 453 1652 nec
474 1593 595 1668 publico
617 1613 685 1654 eum
707 1593 838 1668 hospitio
860 1593 1035 1668 excepisset.

206 1689 225 1740 2
306 1678 342 1738 L.
366 1675 520 1738 Cornelius
543 1695 617 1754 coa,
641 1697 707 1738 cum
730 1679 828 1753 primo
850 1677 962 1738 Punico
984 1677 1068 1738 bello
1097 1679 1216 1741 Olbiam

243 1761 389 1837 oppidum
418 1763 558 1837 cepisset,
591 1780 646 1838 pro
668 1780 727 1839 quo
749 1762 911 1822 fortissime
933 1761 1083 1824 dimicans
1109 1765 1215 1826 Hanno

242 1846 302 1904 dun
325 1844 617 1923 Carthaginiensium
639 1847 794 1923 occiderat,
817 1863 923 1923 corpus
945 1847 1009 1906 eius
1034 1866 1051 1907 e
1073 1851 1215 1911 taberna·

242 1931 310 1992 culo
334 1948 386 1990 suo
409 1931 509 2006 amplo
531 1931 636 1991 funere
659 1932 778 1992 extulit.
1222 1951 1234 1989 r

205 2029 224 2077 3
306 2013 446 2084 Quintius
463 2013 630 2092 Crispinus,
654 2035 721 2076 cnm
743 2015 867 2075 haberet
881 2013 1008 2074 Badium
1024 2013 1215 2095 Campanum

179 2133 181 2138 ,
241 2099 384 2172 amicum,
416 2101 448 2158 et
475 2099 556 2159 domi
583 2119 653 2160 suae
681 2118 750 2159 eum
777 2099 892 2175 recepit
912 2104 940 2160 et
959 2100 1149 2164 ualetudine
1172 2123 1215 2181 op·

243 2199 380 2257 pressum
410 2185 536 2243 curauit.
580 2188 685 2260 postea
712 2183 878 2244 defectione
905 2183 1115 2260 aCampanis
1141 2189 1214 2249 faeta

240 2270 420 2342 prouocatus
443 2267 480 2326 ab
502 2287 536 2328 eo
559 2287 680 2328 monere
701 2269 853 2346 ingratum
869 2268 965 2340 magis
982 2287 1076 2345 quam
1091 2273 1213 2335 uincere

240 2351 355 2410 meluit.
1222 2371 1234 2411 r

207 2450 227 2499 4
309 2434 637 2514 Muraenaeque
661 2436 824 2514 Syracusis,
848 2454 916 2498 cum
937 2455 1035 2496 arcem
1060 2439 1154 2502 urbis
1177 2444 1215 2503 in·

240 2520 391 2593 irenisset,
414 2537 515 2581 casum
536 2523 599 2582 eius
620 2520 782 2599 lugubrem
802 2521 922 2582 intuens
943 2520 1048 2580 fletum
1073 2525 1214 2588 cohibere

240 2623 301 2666 non
321 2604 430 2681 potnit.

205 2703 223 2753 ὅ
306 2687 721 2760 alumnumalumnum
742 2689 774 2748 in
787 2689 935 2766 Hispania
955 2706 1063 2766 gerens
1087 2691 1212 2766 bellum,

241 2793 308 2834 curu
331 2775 437 2834 urbem
460 2772 670 2851 Centobrigam
694 2774 846 2834 obsideret
866 2777 898 2834 et
919 2774 1011 2833 muris
1033 2773 1234 2843 admouerels

240 2858 407 2935 machinas,
437 2859 508 2918 uisis
534 2858 569 2918 iu
590 2857 716 2918 aduersa
738 2861 825 2935 parte
847 2858 917 2918 filiis
938 2859 1054 2919 duobus
1078 2861 1209 2925 Rhoeto-

239 2944 341 3020 genis,
374 2944 428 3019 qui
455 2943 493 3002 ad
520 2961 552 3002 se
577 2943 794 3020 transfugerat,
827 2962 865 3004 ne
893 2943 972 3003 forte
993 2944 1026 3002 in
1048 2955 1210 3024 conspectu

238 3027 335 3102 patris
357 3027 481 3087 iuuenes
502 3028 653 3104 perirent,
676 3028 714 3088 ab
737 3027 890 3088 obsidione
906 3027 1051 3088 discessit.
1078 3048 1141 3106 qus
1157 3034 1208 3094 cle·

239 3113 352 3172 mentia
374 3129 461 3172 omne
482 3112 529 3170 illi
550 3130 660 3173 nomeu
683 3111 868 3173 Celtiberum
889 3112 1066 3173 subiectum.

308 3279 322 3326 1
342 3272 462 3328 duxerat
478 3274 538 3329 cod.
555 3257 652 3341 Halm
670 3291 719 3333 em.
739 3273 829 3331 Ναὶ.
850 3273 950 3330 Gens*
963 3277 1001 3344 lb
1019 3277 1188 3345 expedirent
1198 3281 1205 3307 ''

237 3343 255 3392 9
274 3339 390 3392 obuium
407 3341 471 3396 Met
482 3342 493 3408 ΙΙ
506 3347 538 3395 17
555 3341 660 3419 cloiam
682 3343 692 3409 l
712 3347 744 3396 18
762 3341 1070 3411 regitestensem„
1087 3347 1204 3422 petisset

237 3405 297 3461 eod.
316 3404 404 3459 Halm
427 3408 437 3474 11
461 3412 494 3460 22
511 3411 621 3540 reoqqoit
638 3409 669 3462 et
684 3408 786 3487 Halm,
804 3423 855 3467 om.
873 3412 904 3464 et
919 3410 978 3465 eod.
1003 3411 1014 3478 l
1037 3415 1071 3465 26
1089 3414 1205 3469 rutraml

236 3469 462 3594 ineoss'eliimm
479 3476 548 3529 Μ
605 3481 638 3530 30
657 3475 851 3545 ceutobrrgam
870 3479 897 3545 (o
915 3477 948 3532 in
965 3479 1056 3546 rus.)l
1073 3483 1108 3534 81
1126 3480 1203 3537 rhoe-
