2550 3958
230 123 298 178 LIB.
310 123 358 177 Ill.
380 124 457 180 GAP.
470 129 495 190 7,
515 123 578 176 Ext
590 129 666 177 4-6.
685 122 763 178 CAP.
776 129 800 189 8,
817 129 890 177 1-5.
982 123 1045 188 509

140 280 266 340 Phidias
288 281 490 356 interrogatus
514 297 645 356 quonam
662 282 791 340 mentem
811 299 895 340 suam
911 280 1044 357 dirigens
1062 288 1079 338 4

69 365 196 425 uultum
218 365 300 424 Iouis
322 367 400 425 esset
421 364 589 440 amplexus,
613 362 668 425 hos
690 364 809 424 rettulit
829 383 948 424 uersus:

154 465 188 545 ἦ,
206 477 256 532 καὶ
274 474 433 548 κυανέῃσιν
451 471 500 530 ἔτ’
512 471 621 544 ὀφρύσι
639 476 724 531 νεῦσε
742 478 888 542 Κρονίων·

154 556 310 630 ἀμβρόσιαι
329 555 359 615 δ’
372 557 430 627 ἄρα
449 567 548 630 χαῖται
568 555 767 630 ἐπερρώσαντο
785 555 911 622 ἄνακτος

37 671 55 712 ⁶
155 643 261 716 κρατὸς
280 638 331 699 ἀπ’
347 639 526 699 ἀθανάτοιο·
545 645 637 715 μέγαν
657 640 685 699 δ’
701 640 828 711 ἐλέλιξεν
841 639 1000 714 Ὄλυμπον,

141 753 310 829 Hannibal,
334 769 401 810 cum
422 752 502 828 apud
524 771 624 829 regem
639 751 766 817 Prusian
781 751 914 810 exularet
929 754 1046 809 auctor·
1064 760 1080 809 6

72 857 134 914 que
158 838 186 896 ei
208 835 415 896 committendi
437 836 541 910 proelii
564 839 651 913 esset,
675 839 763 911 atque
777 837 803 895 is
819 855 878 894 non
894 835 973 893 idem
989 835 1047 892 sibi

73 922 155 982 extis
178 919 320 997 portendi
341 919 468 992 diceret,
492 919 553 978 ‘ita
575 921 626 978 tu’
649 921 750 996 inquit
773 919 843 978 ‘uili
867 919 1046 978 carunculae

73 1026 168 1082 quam
192 1006 366 1082 imperatori
387 1006 478 1064 ueteri
500 1005 596 1063 mauis
619 1003 778 1063 credere?'

29 1163 60 1202 ιο
390 1139 443 1198 ΒΕ
468 1137 736 1198 CONSTANTIA.

143 1241 271 1300 Fuluius
285 1240 418 1317 Flaccus,
441 1257 509 1298 eum
525 1238 657 1315 Capuam
680 1241 840 1315 recepisset
862 1240 898 1299 ab
921 1239 1097 1312 Hanni-&1

77 1326 156 1385 balis
189 1325 393 1401 possessione,
431 1327 535 1384 senatu
572 1323 748 1399 prohibente
784 1324 983 1383 animaduerti
1016 1325 1048 1382 in

79 1428 184 1470 omnes
206 1409 358 1484 principes
381 1407 512 1467 ciuitatis
534 1407 599 1484 ipse
621 1408 763 1483 perstitit.
795 1411 825 1467 et
847 1427 914 1468 cum
936 1407 974 1466 ad
997 1427 1048 1483 pa-

78 1496 142 1552 lum
165 1493 303 1552 iussisset
326 1511 376 1552 eos
391 1492 527 1571 adligari,
548 1492 624 1551 aliae
640 1495 878 1567 superuenerunt
893 1492 1047 1567 epistulae,

35 1600 64 1639 re
80 1582 113 1637 in
146 1577 254 1653 quibus
289 1579 354 1635 erat
388 1577 532 1651 scriptum
561 1595 598 1635 ne
627 1593 729 1634 omnes
757 1576 945 1650 punirentur.
988 1595 1049 1635 non

80 1663 166 1722 lectis
189 1660 326 1738 epistulis
343 1660 467 1720 Fuluius
489 1661 611 1736 peracta
632 1660 888 1719 animaduersione
911 1661 982 1719 tunc
1005 1679 1049 1720 se·

80 1750 171 1806 natus
193 1745 332 1804 mandata
352 1744 442 1804 iussit
463 1744 532 1821 legi.

29 1837 30 1840 ’
148 1832 183 1902 Q.
212 1829 324 1890 Fabius
357 1829 496 1905 pecunia,
531 1848 619 1905 quam
647 1847 701 1906 pro
730 1827 858 1903 captiuis
885 1827 1082 1887 Hannibalis

81 1916 305 1987 numerauerat,
340 1914 496 1973 fraudatus
527 1933 544 1972 e
577 1916 682 1974 senatu
714 1914 817 1972 tacuit.
868 1913 948 1972 idem
981 1915 1051 1988 post

30 2020 68 2060 ac
84 2001 240 2062 Cannense
269 1999 410 2060 damnum
437 2000 546 2059 missus
568 1998 711 2059 aduersus
731 1997 948 2074 Hannibalem,
982 2016 1049 2056 curn

30 2117 31 2122 κ
82 2105 136 2162 per
164 2086 296 2143 diuersas
323 2101 422 2143 moras
448 2083 581 2142 traheret
602 2083 729 2157 bellum,
759 2081 791 2140 id
813 2083 934 2160 agitne
956 2081 1050 2141 Roma

84 2169 212 2245 opprimi
232 2171 343 2243 posset.

148 2252 179 2314 C.
203 2247 287 2327 Piso,
321 2269 388 2310 cum
411 2251 568 2311 Palicanus
595 2251 683 2312 horno
714 2250 871 2312 seditiosus
899 2251 1084 2328 pestiferis3

85 2336 240 2396 blanditiis
262 2335 407 2411 populum
429 2336 657 2411 praeripuisset,
685 2337 729 2394 ita
756 2338 791 2395 ut
812 2336 916 2394 consul
939 2353 1050 2395 creare-

31 2433 72 2481 1νο
86 2427 145 2496 tur,
168 2420 248 2480 solus
271 2419 392 2478 restitit.

150 2504 290 2563 Metellus
311 2503 504 2577 Numidicus,
535 2522 599 2563 cum
630 2503 962 2579 animaduerteretque
986 2506 1048 2562 ten·
1068 2512 1083 2559 4

89 2591 193 2648 derent
220 2587 373 2648 Saturnini
402 2589 471 2647 trib.
497 2589 538 2664 pl.
561 2590 698 2661 conatus,
728 2589 810 2647 solus
832 2588 864 2646 in
886 2588 1049 2656 exilium†

88 2675 148 2734 eius
169 2674 249 2749 leges
271 2670 413 2748 profugit.
971 2723 972 2726 ,

150 2759 181 2830 Q.
208 2756 350 2817 Scaeuola
379 2775 474 2832 augur
495 2755 529 2816 L.
553 2755 637 2814 Sulla
660 2757 696 2815 de
718 2756 851 2815 aduersis
873 2755 1010 2832 partibus
1032 2761 1051 2828 †
1069 2765 1084 2813 6

48 2863 78 2904 eo
91 2843 238 2920 cogitante
260 2843 383 2917 rogatus
406 2842 582 2900 sententiam
606 2841 702 2900 dicere
724 2840 831 2902 noluit.

153 2962 168 3010 3
185 2955 377 3022 recurrerunt
394 2971 468 3006 xrrsr
482 2955 520 3022 116
538 2971 607 3006 unsa
619 2972 794 3008 aeanuarsnu
807 2971 935 3008 cernuos
947 2953 957 3020 11
971 2957 986 3006 6
1004 2969 1049 3006 ex-

90 3023 175 3077 ularet
192 3040 225 3080 m.
239 3025 307 3091 118
326 3023 512 3075 carnunculae
530 3023 588 3077 cod.
607 3021 703 3088 Halm,
723 3039 770 3080 em.
790 3023 890 3076 Gertz*
904 3024 942 3088 119
961 3021 1050 3074 ueteri

89 3107 137 3144 om.
155 3090 212 3145 eod.
230 3091 326 3155 Halm,
343 3090 435 3157 suppl.
454 3089 555 3144 Gertz*
574 3107 588 3144 e
609 3090 669 3144 Vol.
682 3093 738 3212 11115
756 3106 791 3143 ne
812 3090 923 3156 Gener,
941 3089 973 3141 ut
990 3088 1048 3142 cod.

89 3158 172 3212 Halm
184 3159 194 3226 11
209 3165 238 3210 ’21
259 3159 383 3212 diuersas
402 3157 479 3223 Mae,
498 3157 633 3212 aduersus
650 3174 680 3214 co
704 3159 734 3226 ,11
751 3165 783 3211 ‘23
801 3157 957 3226 pollacinus
975 3173 1008 3209 m.
1023 3160 1048 3222 1,

90 3226 241 3295 pallacinus
258 3243 293 3279 οι.
306 3226 342 3293 21
361 3231 393 3277 24
410 3227 443 3277 ut
461 3225 673 3280 conculcaretur
691 3227 762 3293 (ric),
781 3241 828 3279 em.
840 3225 904 3280 Mai
916 3226 926 3292 11
939 3230 971 3277 26
989 3224 1049 3278 tan·

92 3294 168 3346 deret
184 3293 251 3358 eod,
271 3309 318 3347 em.
368 3293 424 3345 alm
442 3308 455 3345 e
476 3292 562 3361 17611
579 3300 610 3346 ‘27
630 3292 756 3361 exilium]
774 3293 864 3361 suppl.
885 3293 1050 3361 aspernatus

93 3362 170 3416 Gertz
183 3377 212 3428 p.
224 3363 291 3424 274,
317 3377 355 3414 οιι
372 3359 492 3413 addend.
510 3361 603 3414 iurare
621 3361 719 3414 nolens
736 3361 785 3414 in?
810 3362 820 3429 1
842 3366 876 3415 28
894 3361 954 3414 eiua
971 3360 1050 3428 leges

91 3444 200 3551 perosus
217 3427 251 3481 iit
268 3427 367 3482 Novak
385 3427 469 3498 Listy
480 3427 531 3480 XI
539 3432 557 3482 3
568 3430 578 3497 11
592 3435 624 3483 36
642 3445 681 3482 aar
698 3429 859 3497 rogitante?
877 3429 972 3494 Halm,
991 3445 1049 3482 οια-

103 3498 137 3549 im
153 3495 296 3550 iudicante
