2606 3952
206 123 249 192 50
632 118 701 176 na.
717 119 753 173 11.

207 280 286 342 runt
306 274 402 359 idque
419 272 548 338 caristia
564 272 822 372 appellauerunt,
845 272 896 336 cui
917 275 1046 356 praeter
1060 293 1179 358 cogna-

207 365 259 426 tos
282 363 317 424 et
338 358 461 423 adfines
476 379 572 423 nemo
586 357 869 442 interponebatur,
891 360 942 439 ut,
964 357 993 420 si
1014 358 1179 440 quainter
1203 400 1206 406 ·

206 444 405 510 necessarias
428 464 583 527 personas
606 442 749 526 querella
772 445 855 506 esset
876 445 963 527 orta,
985 443 1070 524 apud
1085 464 1178 509 sacra

208 550 339 594 mensae
361 532 394 593 et
416 527 502 593 inter
524 528 720 592 hilaritatem
741 527 922 602 animorum
944 529 977 591 et
996 527 1177 592 fautoribus

184 613 399 681 aconcordice
422 613 576 677 adhibitis
598 612 777 678 tolleretur.

271 701 301 768 9.
339 697 505 764 Senectuti
533 698 666 762 iuuenta
693 697 740 761 ita
767 690 964 761 cumulatum
986 698 1020 760 et
1041 696 1175 762 circum·

210 789 356 869 spectum
377 782 533 847 honorem
555 779 722 863 reddebat,
749 785 915 865 tamquam
940 781 1077 845 maiores
1097 785 1178 847 natu

211 867 465 934 adulescentium
487 887 671 931 communes
691 868 801 950 patres
816 869 932 934 essent.
966 867 1117 950 quocirca
1130 868 1202 931 iu-‘

210 975 311 1020 uenas
333 955 464 1018 senatus
491 951 543 1014 dic
571 951 683 1035 utique
705 951 845 1035 aliquem
873 971 912 1014 ex
933 950 1079 1034 patribus
1102 972 1179 1016 con·

170 1037 339 1121 rescriptis
368 1039 424 1100 aut
452 1035 669 1120 propinquum
697 1039 753 1100 aut
778 1039 949 1119 paternum
976 1036 1114 1100 amicum
1136 1037 1178 1100 ad

210 1123 334 1188 curiam
356 1120 558 1185 deducebant
579 1120 738 1204 adfixique
758 1119 862 1185 ualuis
877 1122 1099 1204 expectabant,
1122 1121 1178 1186 do-

210 1227 272 1272 nec
293 1204 470 1270 reducendi
484 1205 580 1270 etiam
597 1204 705 1270 officio
719 1204 942 1288 fungerentur.
971 1225 1034 1290 qua
1048 1205 1177 1290 quidem

211 1290 395 1356 uoluntaria
416 1289 554 1354 statione
576 1293 610 1353 et
631 1310 764 1374 corpora
786 1292 819 1353 et
841 1290 964 1354 animos
989 1290 1028 1354 ad
1050 1290 1179 1374 publica

212 1375 320 1441 officia
341 1374 470 1460 inpigre
495 1374 683 1439 sustinenda
703 1374 898 1439 roborabant
925 1374 1077 1458 breuique
1105 1397 1179 1459 pro-

172 1482 197 1523 1s
212 1481 413 1526 caesurarum
446 1460 481 1523 in
512 1459 617 1524 lucem
649 1459 807 1524 uirtutum
840 1479 970 1523 suarum
998 1459 1180 1524 uerecunde

210 1545 332 1612 laboris
353 1542 562 1610 meditatione
584 1544 647 1629 ipsi
669 1544 816 1609 doctores
838 1546 941 1608 crant.

270 1629 408 1695 Inuitati
430 1629 471 1694 ad
493 1649 605 1694 cenam
628 1628 802 1713 diligenter
823 1630 1023 1712 quaerebant
1044 1627 1177 1713 quinam

207 1715 237 1780 ei
260 1715 411 1780 conuiuio
433 1716 541 1778 essent
567 1713 771 1798 interfuturi,
800 1735 841 1778 ne
869 1714 1033 1778 seniorum
1056 1713 1175 1779 aduen-

207 1803 277 1864 tum
292 1799 454 1878 discubitu
465 1801 717 1884 praecurrerent,
735 1798 920 1882 sublataque
932 1819 1043 1862 mensa
1054 1799 1178 1882 priores

169 1905 194 1946 ao
208 1904 401 1969 consurgere
424 1887 456 1948 et
478 1883 567 1947 abire
589 1885 802 1968 patiebantur.
845 1903 883 1948 ex
905 1883 1021 1966 quibus
1043 1888 1178 1967 apparet

209 1988 305 2033 cenae
329 1989 455 2052 quoquc
470 1971 613 2051 tempore
636 1989 731 2053 quam
746 1989 844 2052 parco
868 1971 901 2033 et
915 1989 1011 2051 quam
1029 1969 1177 2033 modesto
1293 1967 1294 2012 ἶ

165 2120 167 2126 ,
208 2073 356 2118 sermone
378 2052 429 2117 his
451 2053 674 2137 praesentibus
697 2052 784 2116 soliti
806 2053 874 2120 sint
894 2053 953 2116 uti.

274 2138 322 2204 10.
356 2136 495 2202 Maiores
515 2141 597 2203 natu
619 2138 654 2202 in
676 2137 833 2202 conuiuiis
863 2137 902 2201 ad
925 2137 1021 2201 tibias
1043 2138 1177 2222 egregia
1293 2179 1294 2184 κ

208 2222 410 2306 superiorum
432 2243 531 2305 opera
548 2223 690 2286 carmine
704 2222 928 2306 conprehensa
942 2225 963 2302 †
977 2222 1177 2306 pangebant,

168 2327 194 2368 aa
207 2328 270 2391 quo
293 2308 334 2372 ad
349 2329 387 2372 ea
401 2306 558 2372 imitanda
573 2307 774 2372 iuuentutem
790 2307 978 2377 alacriorem
993 2306 1174 2371 redderent.

207 2391 365 2475 quidhoc
388 2391 600 2475 splendidius,
623 2391 700 2474 quid
724 2393 819 2456 etiam
842 2391 953 2456 utilius
975 2391 1175 2456 certamine?

206 2476 359 2560 pubertas
381 2476 471 2541 canis
494 2497 587 2541 suum
610 2473 705 2541 decus
720 2476 890 2556 reddebat,
913 2475 1066 2541 defuncta
1090 2477 1174 2562 [uiri]

275 2634 290 2682 3
305 2627 434 2693 queresla
444 2628 470 2681 L
482 2628 492 2696 ΙΙ
504 2633 522 2680 4
536 2628 565 2681 et
575 2632 641 2682 cate
652 2627 722 2682 faut.
733 2627 839 2682 delead.
852 2627 912 2685 aid.
927 2628 937 2706 {1
950 2631 965 2680 6
977 2628 1106 2682 iuuentus
1112 2628 1176 2693 LA,

207 2695 354 2750 caradocci
365 2696 459 2751 ePar.
474 2695 484 2762 ΙΙ
497 2696 669 2750 cumulsato*
686 2697 768 2762 (corr.
783 2697 823 2763 tu)
837 2695 864 2749 L
882 2697 892 2764 [Ι
910 2695 1175 2764 circuminspectum

205 2765 233 2818 A
246 2764 255 2832 ΙΙ
270 2770 284 2819 7
296 2764 385 2832 taqua
396 2764 422 2817 L
434 2764 444 2832 ΙΙ
459 2768 488 2816 11
502 2762 594 2816 balbis
606 2763 643 2816 A¹
658 2763 668 2832 ΙΙ
683 2769 713 2818 13
726 2763 776 2885 aeq
788 2780 805 2818 a
815 2764 854 2817 A¹
868 2765 878 2843 {j
892 2769 924 2842 ¹4.
936 2778 1175 2832 processurarum

206 2831 253 2895 ΑΙ,
270 2847 403 2900 processu
416 2845 558 2884 morarum
571 2831 618 2893 A’,
638 2837 670 2886 at
687 2847 737 2886 aas
778 2831 962 2899 'etLapssaa
1000 2845 1112 2885 rocessu
1127 2830 1176 2884 ha-

206 2916 268 2952 rum
280 2899 341 2968 11²1}
357 2905 387 2954 15
403 2899 495 2952 lucem
508 2899 547 2967 (m
565 2899 683 2966 iaaac.)
696 2901 723 2954 A
736 2900 746 2967 ΙΙ
758 2898 905 2976 uirtutium
918 2848 1011 2967 LAPll
1026 2903 1056 2952 16
1069 2897 1176 2952 doctio-

206 2982 251 3020 rcs
264 2967 335 3031 LA,
354 2982 404 3020 em.
422 2966 516 3020 Aldus
527 2967 537 3035 ΙΙ
551 2972 582 3020 17
600 2982 700 3040 cenam
718 2968 757 3022 L*
769 2968 779 3036 ΙΙ
792 2981 923 3036 quisnam
934 2968 974 3032 A,
1000 2966 1137 3033 quidnam
1150 2967 1175 3020 L

208 3036 221 3104 11
242 3039 275 3089 18
292 3032 409 3088 senioris
421 3034 504 3100 L'A,
531 3033 656 3089 seniores
669 3035 720 3102 L¹;
743 3052 792 3090 em.
811 3034 898 3089 Halm
917 3034 1040 3154 efficit
1051 3034 1176 3088 aduentu

207 3103 236 3155 et
252 3101 313 3171 (sed
331 3103 403 3156 ctm,
415 3104 434 3156 2
445 3118 466 3159 s.
482 3102 513 3170 l.)
526 3101 554 3155 L
566 3103 576 3170 ΙΙ
589 3109 621 3158 20
634 3118 802 3174 consurgere
816 3103 888 3165 LA,
907 3102 973 3156 cdd.
988 3106 1009 3159 1.
1067 3102 1176 3170 priores

207 3184 254 3224 eos
272 3185 386 3246 surgere
398 3170 534 3240 marpoA
552 3171 646 3225 ePar.
657 3170 745 3225 Halm
757 3172 767 3239 ΙΙ
780 3177 812 3224 23
830 3185 896 3244 egre
920 3170 964 3222 'aa
982 3171 1006 3237 (s
1025 3185 1093 3227 erae.
1102 3171 1175 3234 aid.)

207 3235 247 3316 L,
266 3250 397 3308 pgrpgras
412 3237 440 3290 A
452 3239 463 3306 ΙΙ
476 3243 509 3290 24
526 3253 692 3308 superorum
709 3238 779 3291 L¹A
791 3238 801 3306 ΙΙ
813 3238 907 3307 pande
929 3237 979 3290 aut
995 3237 1065 3294 ccci.
1080 3236 1176 3291 Torre-

205 3319 305 3425 κατιεῖ
309 3304 464 3382 cantabant
483 3305 566 3372 Pac,
597 3306 737 3380 canebant
758 3303 845 3372 Nep,
870 3304 1048 3384 peragebant
1069 3304 1175 3383 Gens*

205 3370 1176 3508 cit,c·lituitacceleraberuntass

208 3505 221 3576 Η
241 3511 274 3560 27
291 3504 452 3560 reddebant
468 3509 498 3576 (n
511 3510 654 3576 prendat)
665 3509 692 3561 A
705 3508 716 3578 ΙΙ
728 3506 905 3574 defuntaA¹‚
925 3507 1094 3562 defuncturo
1111 3511 1174 3574 (cm.

1273 3487 1291 3534 ,d
