2562 3950
211 157 361 220 LIB.VIII.
379 158 457 216 CAP.
467 163 490 226 1,
503 158 631 218 Ambust,
646 163 670 217 1.
680 164 705 212 2.
731 156 809 214 cnP.
822 164 935 226 ist—3.
1022 161 1084 226 561

98 317 152 392 „ab
185 334 220 376 eo
248 317 312 376 ruri
333 319 368 376 ut
389 334 522 378 omasum
544 317 576 376 in
598 333 701 376 cenam
723 315 789 376 fieri
810 313 942 393 iuberet,
972 316 1110 378 bubula,

106 401 219 461 uenali
239 419 300 462 non
322 404 450 478 reperta,
473 400 587 461 domito
610 399 686 460 boue
708 401 804 460 occiso
824 401 1083 468 desideriumfeius

105 485 248 563 expleuit
269 487 300 546 et
321 485 358 546 ob
380 485 412 545 id
433 484 553 562 publica
573 484 746 561 quaestione
768 484 903 546 adflictus
925 489 982 548 est.
1026 507 1135 555 mm,

180 569 273 648 Apud
301 571 343 630 M.
366 570 516 646 Popilium
537 569 701 630 Laenatem
728 572 898 646 praetorem
927 571 1082 649 quaedam,
1103 575 1116 622 1

77 669 94 709 s
109 655 198 733 quod
220 657 349 716 matrem
368 655 569 728 interemerat,
593 654 673 714 dicta
687 672 777 714 causa
790 655 929 714 absolute
943 658 998 728 est,
1013 657 1085 733 quia

110 739 276 800 constabat
298 758 363 799 eam
384 757 499 799 ueneno
521 741 693 798 necatorum
708 737 873 799 liberorum
888 740 990 800 dolore
1006 759 1083 802 eom·

108 827 238 901 motem,
261 842 335 901 quos
358 824 425 883 auia
445 823 524 882 filiae
545 823 664 884 infensa
685 824 858 884 sustulerat.

181 909 277 969 Mater
298 909 429 968 familiae
445 908 610 986 Zmyrnaea
631 908 729 967 uirum
748 910 779 968 et
801 908 896 968 filium
917 909 1081 985 interemit,
1100 921 1117 969 a

110 1013 185 1056 curn
208 994 245 1052 ab
267 993 314 1052 bis
336 993 486 1071 iuuenem,
510 1010 599 1069 quem
621 1011 657 1052 ex
675 993 775 1068 priora
790 993 857 1053 uiro
872 993 961 1054 enixa
975 995 1081 1068 fuerat,

68 1094 97 1134 ιο
112 1079 247 1139 occisum
262 1078 457 1154 conperisset
485 1095 576 1153 quam
589 1096 653 1137 rem
668 1077 826 1138 Dolabella
839 1077 964 1155 imperio
979 1079 1082 1139 Asiam

112 1163 256 1226 obtinens
277 1163 316 1223 ad
326 1162 576 1239 Areopagitarum
598 1163 800 1239 cognilionem
822 1163 948 1238 remisit,
972 1165 1023 1240 qui
1038 1165 1082 1224 in·

112 1250 219 1324 spectu
241 1266 329 1307 eausa
350 1248 381 1307 et
403 1247 604 1307 accusatorem
625 1248 656 1306 et
669 1265 751 1307 ream
765 1249 837 1322 post
853 1250 973 1308 centum
987 1266 1081 1309 annos

112 1333 154 1391 ad
176 1352 207 1392 se
229 1333 342 1392 reuerti
363 1332 524 1391 iusserunt.

368 1498 423 1559 Du
445 1498 635 1558 PRIVATIS
657 1497 835 1560 IVDICIIS.

74 1617 99 1658 15
174 1601 316 1662 Claudius
327 1600 520 1662 Centumalus
535 1602 573 1662 ab
590 1600 755 1678 auguribus
770 1601 868 1661 iussus
882 1601 1131 1672 altitudinem2‚1

116 1688 222 1747 domus
240 1705 321 1765 suae,
343 1704 433 1762 quam
448 1686 480 1744 iu
496 1684 598 1746 Caelio
613 1687 715 1745 monto
730 1685 1081 1765 babebat-summittere,

114 1772 188 1848 quie
209 1773 252 1831 eis
275 1792 310 1833 ex
332 1789 398 1832 arce
421 1771 580 1847 augurium
602 1770 781 1831 facientibus
798 1769 956 1848 officiebat,
979 1771 1081 1831 uendi-

117 1857 164 1917 dit
185 1876 250 1916 eam
272 1855 434 1932 Calpurnio
456 1874 519 1915 non
539 1855 672 1915 indicate
692 1874 736 1915 re.
770 1854 822 1914 sed
843 1855 941 1916 iussus
956 1854 1081 1932 Calpur-

62 2013 68 2026 ·
116 1941 184 2000 nius
207 1941 330 2000 domum
352 1939 490 2025 demoliri
512 1940 553 2000 M.
565 1938 705 1999 Porcium
721 1937 875 2013 Catonem,
897 1943 1016 2015 petrem
1038 1941 1082 2001 iu·

77 2026 190 2103 inclyti
213 2023 348 2100 Catonis,
382 2024 528 2084 arbitrum
555 2043 623 2085 cum
645 2022 772 2084 Claudio
800 2023 928 2101 sumpsit
955 2027 986 2084 et
1013 2045 1081 2084 eum

116 2109 279 2170 damnauit.

180 2193 212 2255 Ο.
229 2193 372 2254 Visellius
393 2191 490 2252 Varro
512 2194 599 2271 graui
621 2193 725 2254 morbo
748 2197 902 2268 correptus
925 2211 983 2255 ooo
996 2195 1113 2258 onibus

1 2290 12 2330 ὅ
116 2296 304 2338 nummorum
337 2278 374 2338 ab
402 2276 529 2338 Otacilia
556 2277 728 2338 Laterensis
760 2296 889 2354 expensa
920 2279 977 2338 sibi
1008 2279 1080 2338 ferri

117 2382 219 2440 passus
242 2367 289 2423 est
316 2382 351 2423 eo
374 2362 498 2423 consilio
521 2365 572 2436 ut,
605 2362 631 2422 si
654 2361 837 2434 decessisset,
860 2363 897 2421 ab
919 2363 1109 2438 heredibus,

83 2465 107 2505 ss
121 2467 184 2508 eam
211 2467 359 2508 summam
387 2450 517 2538 peteret,
547 2466 636 2523 quam
657 2446 751 2523 legati
771 2465 866 2523 genus
888 2464 952 2506 esse
973 2441 1079 2508 uoluit

118 2533 258 2592 liberatus
287 2532 393 2593 deiude
421 2550 457 2591 ex
485 2531 539 2591 ille
564 2530 736 2590 ualetudine
758 2530 872 2606 petenti
893 2531 992 2591 noluit
1013 2532 1080 2591 red·

119 2619 196 2678 dere.
241 2618 323 2677 cuius
350 2616 395 2675 rei
422 2616 511 2690 iudex
538 2618 675 2692 sumptus
698 2613 731 2681 C.
754 2614 895 2691 Aquilius
917 2615 1079 2676 seeundum

1 2707 5 2726 ¹
118 2701 273 2762 Visellium
293 2700 446 2761 iudicauit.

180 2786 213 2847 Ο.
244 2786 372 2846 Titinius
401 2785 616 2845 Minturnensis
643 2784 759 2844 Fannia
787 2803 880 2844 uxore
911 2784 1113 2862 repudiatas

85 2872 195 2948 eoquod
223 2891 289 2930 eam
316 2870 442 2929 duxerat
465 2869 651 2946 inpudicam,
679 2867 753 2929 aC.
775 2869 870 2928 Mario
892 2871 1011 2929 coactus
1033 2873 1080 2930 est

121 2957 146 3016 ei
165 2955 266 3016 dotem
293 2954 426 3014 reddere.
471 2954 626 3014 mulierem
649 2958 748 3014 autern
770 2954 851 3014 idem
875 2951 933 3034 [et]
957 2955 1079 3014 crimine

185 3142 197 3190 1
216 3135 276 3188 ruri
291 3150 342 3190 noe
359 3151 373 3190 e
393 3134 465 3202 Vol,
482 3150 547 3189 rure
566 3135 624 3193 cod.
641 3135 727 3189 Halm
740 3135 750 3203 n
763 3149 833 3188 cena
850 3135 910 3204 (eie)
927 3135 937 3203 ΙΙ
955 3141 971 3188 3
990 3134 1081 3203 expli·

4 3193 25 3242 Γ
122 3203 192 3258 cauit
208 3203 278 3270 eod„
297 3219 345 3258 een.
362 3203 450 3257 Helm
468 3219 483 3258 e
503 3201 565 3258 Vol.
590 3204 600 3271 l
624 3208 640 3256 5
663 3219 747 3258 causa
764 3201 837 3270 (neo
854 3201 990 3257 damnata
1006 3199 1079 3274 nec>

122 3271 247 3326 absoluta
259 3270 368 3333 Geren,
378 3275 456 3336 reete,
468 3271 525 3326 urbi
536 3270 774 3348 {pnernParidem
785 3285 889 3324 moeso
899 3274 1077 3393 stoteomusdl

4 3403 6 3408 ¹
122 3345 137 3394 8
160 3355 306 3408 smyrnaea
330 3341 397 3396 m.2
420 3339 429 3407 ΙΙ
455 3345 485 3392 17
513 3339 690 3392 carentibus
716 3343 800 3401 rene,
826 3343 859 3392 at
885 3338 956 3400 eid..
983 3337 1078 3393 eVo.

125 3407 218 3463 (ἔθηκ’
231 3409 241 3476 ΙΙ
255 3412 286 3461 19
304 3405 433 3461 Porcium
443 3415 501 3460 ‘oua
551 3406 629 3474 olmll
647 3412 679 3459 22
697 3405 775 3458 milia
792 3420 843 3461 one.
863 3407 872 3474 ΙΙ
891 3411 923 3459 23
946 3405 1079 3461 laterensi

5 3511 7 3522 ,
123 3478 182 3534 Μ
197 3477 207 3544 ll
224 3481 257 3530 30
280 3475 399 3529 duxerat
419 3473 527 3535 Getes,
557 3473 665 3528 diceret
681 3473 739 3529 cort.
758 3473 845 3528 Halm
857 3474 867 3542 ΙΙ
880 3479 911 3528 31
931 3474 961 3528 et
976 3473 1080 3530 inclusi

5 3539 27 3602 i,
123 3559 178 3598 nem
195 3543 324 3599 Genrio*
337 3544 347 3611 ΙΙ
360 3542 465 3596 crimen

170 3639 229 3680 Van.
242 3639 310 3682 Max.
883 3634 918 3684 36
