2562 3950
218 171 282 237 556
383 167 521 224 nmvu
538 165 728 234 enses-s
746 167 872 226 mssa
890 166 1002 235 cess,
1011 175 1038 222 1.

219 327 308 388 nansi
335 326 418 386 clade
444 325 553 386 territe
578 325 653 386 urbe
679 325 750 386 Iuni
781 343 872 402 opera
903 325 1070 387 dictatoris
1111 329 1215 406 spolia
1275 351 1276 356 ¹

220 411 344 472 hostilia
365 411 486 488 templis
508 409 828 509 adfixa-instrumento
848 410 975 508 militiae
997 411 1117 472 futura
1143 432 1214 474 con·
1272 409 1276 554 t

220 497 308 557 uulsa
328 499 414 556 sunt:
441 499 621 572 praetentet
641 514 728 571 pueri
748 513 832 554 arma
851 494 1034 556 mdueruut:
1067 497 1157 558 item
1180 516 1213 559 vs

220 581 305 642 milio
327 581 447 658 capitali
474 581 599 641 crimine
621 580 832 640 damnatorum
853 580 1024 656 conscripta
1048 587 1146 647 sunt.

523 749 578 808 DE
600 747 888 812 NECESSITATE.
1218 767 1228 806 s
1275 819 1276 832 χ

286 851 425 929 Otacilio,
446 851 498 929 qui
514 850 657 923 Siciliam,
681 848 821 910 Cornelio
842 850 1033 927 Mammulae,
1058 853 1119 928 qui
1138 853 1208 913 Sar·

221 936 333 996 diniam
367 954 423 1012 pro
458 934 648 1012 praetoribus
684 935 876 1008 obtinebunt,
913 938 1035 995 senatus
1076 939 1206 1014 scripsit

223 1022 373 1081 aerarium
394 1020 568 1097 longinquis
583 1019 754 1095 sumptibus
767 1037 830 1079 non
845 1018 988 1079 sufficere.
1020 1038 1086 1096 quo
1109 1026 1204 1097 pacto

221 1107 325 1166 tantm
346 1104 464 1180 inopiae
487 1103 719 1164 succurrendum
740 1105 819 1163 esset
839 1104 897 1179 ipsi
919 1103 1069 1164 uiderent.

189 1199 206 1248 ι
286 1188 399 1247 Eadem
421 1189 582 1248 necessitas
604 1186 781 1248 Casilinates
802 1187 839 1246 ab
861 1187 1029 1247 Hannibale
1054 1189 1200 1251 obsessos
1212 1208 1233 1247 ιι

221 1275 251 1334 et
278 1273 489 1332 alimentorum
516 1272 657 1332 facultate
688 1272 818 1332 defectos
839 1272 906 1332 lore
926 1274 1025 1348 coegit
1045 1277 1080 1334 et
1102 1276 1201 1350 pelles

226 1357 320 1419 scutis
342 1358 489 1418 detrectas
512 1357 642 1417 feruenti
664 1356 778 1416 solutas
800 1376 878 1434 aqua
899 1356 1048 1416 mandere.

190 1455 206 1504 3
288 1443 325 1502 In
347 1443 400 1502 ille
422 1440 577 1502 obsidione
598 1460 666 1501 cum
682 1458 740 1502 cco
755 1441 942 1502 Praenestini
957 1445 1069 1516 essent,
1093 1447 1202 1506 euenit

222 1529 258 1586 ut
281 1528 383 1588 exeis
405 1526 528 1603 quidam
549 1544 666 1586 murem
688 1529 808 1602 captum
830 1543 869 1586 co
890 1526 1018 1586 denariis
1034 1528 1199 1602 uenderet,

222 1630 291 1671 oum
321 1614 353 1672 et
384 1612 450 1686 ipse
477 1611 580 1671 eadem
613 1612 746 1687 egestate
772 1615 968 1686 premeretur.
1011 1611 1118 1688 itaque
1150 1615 1229 1674 bico

221 1697 342 1773 quidem
364 1697 466 1772 inopie
487 1695 621 1770 decessit,
644 1695 696 1771 qui
718 1698 832 1754 emerat
853 1695 938 1754 uixit.

189 1793 206 1840 4
288 1779 320 1844 Ο.
335 1781 431 1841 Mario
454 1779 508 1840 Cn.
523 1778 659 1839 Carbone
681 1797 755 1838 coss.
778 1799 846 1839 cum
869 1779 954 1839 Sulla
975 1779 1198 1844 dissidentibus

224 1868 348 1926 senatos
376 1865 513 1925 consulto
540 1879 629 1923 auree
656 1867 686 1922 et
713 1866 856 1940 argentea
889 1862 1072 1940 templorum
1110 1885 1198 1927 orna·

223 1953 325 2010 menta
346 1950 379 2010 in
401 1948 552 2025 stipendia
572 1948 705 2007 militum
727 1948 851 2007 conflata
873 1951 954 2008 sunt.

188 2047 205 2097 b
286 2034 360 2093 Diui
386 2033 457 2091 Iulii
484 2033 648 2105 exercitus,
676 2051 743 2092 cum
770 2033 860 2092 armis
882 2033 1024 2092 Mundam
1053 2034 1229 2096 clusissetso

224 2118 389 2195 aggerique
404 2116 545 2177 struendo
560 2120 624 2176 mat
611 2117 686 2177 teria
701 2116 867 2191 defecisset,
883 2119 1020 2195 congerie
1035 2119 1196 2180 hostilium

228 2201 470 2262 cadauerumt
426 2201 455 2260 el
457 2200 617 2260 titudinem
639 2201 782 2277 expleuit.

171 2299 225 2402 mlo
290 2285 445 2346 Cretenses
473 2285 626 2346 obsidione
653 2285 768 2345 Metelli
795 2285 833 2344 ed
863 2285 1003 2346 ultimam
1034 2291 1197 2364 penuriam

191 2354 361 2447 1conpulsi
383 2389 437 2432 sua
457 2371 720 2446 iumentorumque
742 2370 829 2430 urina
851 2371 933 2430 sitim
955 2371 1174 2436 tolerauerunt.

189 2472 205 2520 2
287 2455 464 2516 Numantini
480 2474 497 2514 a
512 2455 653 2530 Scipione
674 2454 754 2514 uallo
777 2458 808 2514 et
829 2474 939 2532 aggere
961 2457 1139 2518 circumdati
1155 2460 1194 2518 ud
1206 2475 1229 2515 es

223 2544 364 2603 ultimum
385 2541 585 2600 humanorum
607 2549 766 2614 corporum
788 2538 863 2599 cibis
885 2541 932 2599 usi
955 2544 1037 2601 sunt.

521 2708 575 2767 DE
598 2706 897 2768 TESTAMENTIS.

172 2824 222 2890 t,1
288 2812 446 2872 Militantis
469 2809 623 2871 cuiusdam
644 2811 745 2885 peter,
768 2828 835 2869 oum
858 2808 962 2870 falsam
986 2810 1040 2870 filii
1061 2814 1193 2874 mortem

223 2898 365 2972 audisset,
389 2896 456 2956 eliis
477 2894 591 2955 relictis
612 2894 772 2953 heredibus
795 2894 932 2954 decessit.
958 2894 1036 2956 filins
1051 2914 1192 2960 reuersus

223 2983 343 3060 cognito
372 2981 466 3056 petris
496 2997 596 3039 errore
626 2980 663 3038 de
685 2979 819 3054 paternis
849 2980 937 3039 bonis
959 2979 1037 3056 apud
1060 2984 1191 3044 centum·
1205 2997 1227 3039 ao
1275 3039 1276 3080 1

225 3067 307 3127 uiros
330 3064 484 3125 contendit
506 3063 701 3139 omnibusque
725 3063 883 3124 sententiis
905 3064 1002 3124 uictor
1022 3067 1157 3129 recessit.

293 3216 307 3264 1
326 3211 407 3265 te'rrit
408 3227 454 3265 em
471 3211 543 3266 urbe
564 3211 574 3278 ΙΙ
597 3210 660 3263 luni
683 3225 771 3288 opere
793 3209 881 3264 dictat
883 3210 950 3278 oris]
967 3211 1011 3265 ita
1029 3212 1192 3290 epitomator

223 3279 350 3355 deceptos
366 3278 497 3332 mendosa
510 3277 618 3332 Valerii
635 3276 769 3331 lectione
761 3277 821 3329 mni
834 3292 953 3398 operef
955 3293 985 3331 ιο
997 3278 1079 3333 lunio
1091 3279 1166 3336 Pera
1185 3287 1189 3352 l

222 3343 475 3398 ninstrumentum
493 3344 580 3412 ΜαίΙΙ
592 3343 666 3398 3VI
683 3346 757 3406 m.‚2
776 3343 816 3397 III
833 3348 905 3410 m.‚1
923 3293 987 3399 ivl
1004 3361 1093 3426 maso
1105 3349 1191 3429 nortl

224 3414 255 3462 11
274 3408 413 3463 fusilitate
426 3411 435 3477 ΙΙ
451 3417 480 3464 12
494 3346 601 3476 solutdl
597 3413 607 3477 ΙΙ
621 3417 653 3464 14
665 3383 805 3490 00]ch
817 3427 853 3464 m.
866 3417 889 3472 1,
908 3411 934 3464 X
952 3411 1067 3468 denarii
1083 3353 1191 3471 nummd

221 3479 318 3528 notam
337 3489 391 3528 esee
404 3481 490 3542 potat
510 3476 609 3530 Gertz*
646 3483 677 3531 17
696 3493 741 3531 cos
762 3478 772 3545 ss
793 3484 824 3530 21
844 3477 980 3533 debuisset
996 3495 1032 3534 m.
1046 3485 1062 3534 1
1084 3483 1094 3550 ΙΙ
1116 3488 1190 3539 30et

218 3556 248 3610 1⁰·
260 3543 320 3603 557,
332 3541 349 3592 3
367 3543 608 3611 centumuiros]0
648 3547 658 3612 ΙΙ
671 3549 702 3598 31
722 3560 761 3598 un
779 3544 905 3599 discessit
921 3562 935 3600 e
951 3545 1033 3601 Vol?
