2562 3950
205 191 269 256 582
358 186 517 242 LIB.VIIII.
536 185 613 242 CAP.
628 193 652 252 7,
664 185 723 240 Mil.
732 185 813 240 Rom.
824 191 882 240 3-
893 183 970 241 caP.
982 189 1006 252 9,
1017 190 1041 244 3.

171 359 188 408 3
270 345 301 406 0.
325 344 439 422 Carbo,
467 345 561 404 frater
583 343 728 406 Carbonis
750 346 796 403 tor
817 342 964 419 consulis,
994 342 1180 402 dissolutam
1274 311 1275 378 i

207 430 395 508 disciplinam
423 431 582 490 militarem
609 429 735 506 rigidius
762 427 948 504 adstringere
975 429 1101 488 conatus
1136 426 1179 486 ab

206 517 337 576 exercitu
358 515 470 576 occisus
493 516 547 576 est.
1274 493 1275 552 1

511 683 566 742 DE
590 681 865 741 TEMERITATE.

155 791 206 858 8,1
271 785 431 845 Africanus
454 785 586 861 superior
608 803 643 842 ex
657 783 804 859 Hispania
819 782 934 843 duabus
951 781 1207 860 quinqueremi-⁵

206 872 262 931 bus
286 871 323 930 ad
347 869 512 947 Syphacem
534 868 662 928 traiecit.

172 967 188 1014 2
270 953 303 1016 0.
327 954 436 1015 Caesar
461 953 612 1030 inpatiens
639 953 767 1028 legionis
794 951 933 1012 tardioris
962 972 980 1011 a
1008 951 1178 1014 Brundisio

206 1040 398 1116 Apolloniam
425 1039 566 1098 traiectus
596 1037 697 1096 seruili
719 1039 803 1096 ueste
827 1055 858 1096 se
881 1037 1028 1096 occultato
1051 1039 1180 1098 nauicu-

205 1126 267 1183 lam
289 1123 463 1184 conscendit
484 1126 516 1182 et
530 1143 547 1182 a
561 1141 609 1181 s*
630 1121 808 1198 tempestate
830 1123 954 1181 uexatus
977 1121 1099 1181 tandem
1123 1142 1179 1183 ne·

207 1209 339 1269 cessiteti
361 1209 460 1267 cessit.
751 1267 753 1271 ,
1195 1222 1221 1263 ιο
1274 1215 1275 1286 ξ

173 1306 189 1355 3
271 1294 307 1351 Α.
329 1291 476 1351 Albinum
502 1293 597 1351 ciuem
624 1292 765 1350 eximium
792 1291 878 1351 miles
906 1295 1017 1351 temere
1045 1295 1176 1368 proptor
1274 1305 1275 1336 ³

206 1379 296 1438 falsas
317 1380 348 1438 et
369 1379 471 1437 inanes
494 1377 677 1452 suspiciones
698 1377 851 1450 lapidibus
874 1375 985 1435 obruit.

154 1472 209 1514 Fax*-
273 1461 425 1522 Hannibal
447 1460 578 1520 Africam
600 1463 704 1536 petens
727 1460 804 1520 irato
828 1460 983 1537 adpulsus,
1014 1461 1085 1518 dum
1110 1464 1177 1520 tam

173 1526 186 1575 ¹
205 1566 299 1625 paruo
323 1547 420 1623 spatio
442 1546 562 1605 Italiam
585 1545 773 1621 Siciliamque
800 1547 879 1606 inter
907 1565 938 1604 se
961 1545 1088 1604 diuisam
1112 1565 1178 1606 non

206 1632 309 1706 credit,
326 1632 411 1690 uelut
425 1631 600 1690 insidiosum
617 1649 720 1690 cursus
731 1635 876 1690 rectorem
890 1630 1051 1697 interemit,
1062 1635 1174 1704 postea
1191 1647 1216 1691 rs

206 1717 326 1794 cognita
347 1716 477 1775 ueritate
499 1715 699 1775 innocentiam
721 1715 930 1790 gubernatoris
954 1714 1096 1776 absoluit.
1274 1765 1275 1768 ,

172 1812 188 1862 2
271 1801 467 1860 Athenienses
489 1798 590 1859 decem
612 1800 814 1876 imperatores,
838 1799 1009 1875 etquidem
1032 1799 1176 1872 uictores,

206 1886 286 1962 quod
309 1885 437 1945 militum
460 1903 585 1960 corpora
607 1884 777 1960 sepulturae
805 1902 866 1944 non
889 1883 1054 1956 dedissent,
1088 1902 1177 1943 neca-

206 1973 324 2032 uerunt.

563 2088 617 2146 DE
642 2086 813 2148 ERRORE.
1191 2103 1218 2143 ao

156 2195 206 2262 ⁰2¹
271 2189 396 2247 Heluius
419 2188 514 2249 Cinna
535 2192 574 2249 tr.
598 2191 639 2266 pl.
663 2208 699 2248 ex
719 2189 824 2248 funere
847 2187 879 2248 Ο.
895 2187 1028 2250 Caesaris
1050 2189 1176 2251 domum

207 2275 313 2351 petens
336 2293 353 2331 a
374 2273 487 2350 populo
511 2274 678 2350 discerptus
701 2277 747 2333 est
768 2293 823 2350 pro
841 2273 979 2334 Cornelio
996 2272 1099 2346 Cinna,
1124 2277 1175 2335 cui

205 2360 271 2418 orat
291 2357 429 2437 infestus,
453 2359 548 2436 quod,
572 2377 640 2418 cum
662 2359 769 2418 adfinis
792 2357 923 2418 Caesaris
945 2362 1034 2437 esset,
1058 2358 1176 2434 inpiam

208 2443 244 2502 ds
267 2461 302 2502 eo
325 2462 379 2519 pro
402 2444 507 2504 rostris
531 2445 694 2503 orationem
717 2443 879 2503 habuisset.

172 2539 187 2588 2
271 2527 302 2588 0.
319 2527 439 2589 Cassius
455 2528 567 2588 Titinio
591 2529 763 2589 centurione
786 2529 889 2605 misso,
911 2530 945 2587 ut
967 2526 1175 2603 specularetur
1188 2543 1215 2583 25

205 2613 258 2690 qui
280 2615 376 2672 status
391 2614 432 2673 M.
449 2613 535 2672 Bruti
558 2616 646 2689 esset,
669 2613 842 2689 tardiusque
858 2632 892 2672 eo
907 2612 1057 2684 redeunte
1080 2612 1177 2672 inter·

205 2702 325 2773 ceptum
348 2697 470 2757 credens
493 2702 524 2756 et
547 2700 647 2758 omnia
667 2699 756 2774 plena
777 2699 933 2770 uictorum,
957 2716 988 2756 se
1012 2695 1130 2759 oceidit.

169 2793 188 2842 3
271 2781 450 2842 Tolumnius
471 2802 524 2843 rex
536 2783 715 2855 Veientium,
739 2801 806 2842 cum
827 2786 1007 2841 tesserarum
1028 2798 1174 2856 prospero

205 2867 285 2926 iactu
308 2886 362 2942 per
384 2867 483 2927 iocum
506 2868 658 2927 conlusori
680 2867 804 2926 dixisset
820 2865 953 2939 ‘occide'‚
977 2868 1008 2924 et
1022 2865 1100 2924 forte
1115 2864 1175 2925 Ro·

205 2969 362 3011 manorum
389 2952 482 3029 legati
509 2952 756 3028 interuenissent,
790 2951 934 3010 satellites
962 2967 1062 3010 errore
1090 2950 1174 3010 uocis
1187 2964 1213 3005 so

204 3035 318 3110 inpulsi
339 3037 455 3114 legatos
478 3037 658 3097 occiderunt.

274 3167 465 3237 2astringere
484 3169 552 3222 m.2
573 3167 582 3234 1
606 3167 721 3220 ‘limma
738 3163 885 3233 legionum
903 3162 990 3217 Halm
1008 3179 1021 3217 e
1042 3162 1105 3221 Vol.
1127 3164 1175 3232 18
1273 3195 1274 3212 1

204 3233 323 3287 seruili*
340 3233 518 3301 ioocnltante
539 3234 652 3299 Germ,
670 3249 710 3287 oo
727 3231 891 3286 occultans?
904 3232 943 3298 19
961 3229 1001 3299 et]
1015 3235 1080 3300 post
1098 3231 1124 3285 t.
1143 3247 1174 3286 u.

203 3299 296 3375 suppl.
316 3304 404 3353 atum
422 3300 514 3370 petiit,
534 3309 578 3356 eet
597 3301 704 3363 Garis*⁹
727 3299 823 3354 malim
846 3315 860 3353 e
881 3298 942 3353 Vol.
959 3314 1037 3352 mare
1055 3295 1175 3353 Hadria·

205 3366 292 3417 ticum
323 3367 394 3433 etiit,
404 3372 447 3422 set
459 3369 468 3436 1
484 3374 515 3421 14
524 3368 629 3422 diuisas
638 3367 772 3423 scribenti.
782 3367 843 3420 oid.
855 3382 868 3420 e
880 3365 942 3420 Vol.
956 3366 966 3434 1
980 3372 1012 3420 15
1021 3365 1173 3436 rectorem]

203 3431 271 3488 cdd.
313 3433 420 3487 elotum
434 3435 617 3501 probabiliter
631 3435 755 3511 Gerfflst
769 3437 799 3486 16
817 3432 952 3488 acriteod.
971 3433 1031 3490 oid.
1050 3431 1175 3488 ueritate

204 3497 242 3612 3}
252 3496 482 3618 ἰμηοοεηῇᾳᾸΙβῠ
499 3502 577 3556 tineo
595 3519 631 3560 m.
642 3508 669 3571 1,
688 3502 775 3555 tinero
793 3503 860 3555 m.2
877 3500 941 3554 Mas
952 3500 962 3568 11
975 3505 1007 3553 26
1026 3499 1089 3567 quis
1106 3503 1176 3556 Μ

237 3561 291 3628 orl!
304 3569 334 3615 31
355 3579 414 3619 oecr
435 3584 445 3619 1
462 3584 498 3621 m.
511 3572 527 3620 1
