<?xml version="1.0" encoding="UTF-8"?>
<!DOCTYPE html PUBLIC "-//W3C//DTD XHTML 1.0 Transitional//EN"
    "http://www.w3.org/TR/xhtml1/DTD/xhtml1-transitional.dtd">
<html xmlns="http://www.w3.org/1999/xhtml" xml:lang="en" lang="en">
 <head>
  <title>
</title>
<meta http-equiv="Content-Type" content="text/html;charset=utf-8" />
  <meta name='ocr-system' content='tesseract 3.04.00' />
  <meta name='ocr-capabilities' content='ocr_page ocr_carea ocr_par ocr_line ocrx_word'/>
</head>
<body>
  <div class='ocr_page' id='page_1' title='image "./valeriimaximifa00nepogoog_0321.png"; bbox 0 0 2608 3952; ppageno 0'>
   <div class='ocr_carea' id='block_1_1' title="bbox 202 177 269 243">
    <p class='ocr_par' dir='ltr' id='par_1_1' title="bbox 202 177 269 243">
     <span class='ocr_line' id='line_1_1' title="bbox 202 177 269 243; baseline 0 0"><span class='ocrx_word' id='word_1_1' title='bbox 202 177 269 243; x_wconf 80' lang='lat'><strong>280</strong></span> 
     </span>
    </p>
   </div>
   <div class='ocr_carea' id='block_1_2' title="bbox 165 326 1234 2198">
    <p class='ocr_par' dir='ltr' id='par_1_2' title="bbox 202 326 1184 666">
     <span class='ocr_line' id='line_1_2' title="bbox 203 326 1184 394; baseline 0 -1"><span class='ocrx_word' id='word_1_2' title='bbox 203 330 284 394; x_wconf 88' lang='lat' dir='ltr'><strong>lium</strong></span> <span class='ocrx_word' id='word_1_3' title='bbox 305 327 423 392; x_wconf 87' lang='lat' dir='ltr'><strong>iudices</strong></span> <span class='ocrx_word' id='word_1_4' title='bbox 444 328 601 391; x_wconf 87' lang='lat' dir='ltr'><strong>mittam&#39;.</strong></span> <span class='ocrx_word' id='word_1_5' title='bbox 634 327 681 390; x_wconf 84' lang='lat' dir='ltr'><strong>ita</strong></span> <span class='ocrx_word' id='word_1_6' title='bbox 703 326 814 390; x_wconf 88' lang='lat' dir='ltr'><strong>eodem</strong></span> <span class='ocrx_word' id='word_1_7' title='bbox 836 326 957 390; x_wconf 87' lang='lat' dir='ltr'><strong>iudicio</strong></span> <span class='ocrx_word' id='word_1_8' title='bbox 979 327 1058 391; x_wconf 88' lang='lat' dir='ltr'><strong>duos</strong></span> <span class='ocrx_word' id='word_1_9' title='bbox 1080 330 1184 393; x_wconf 85' lang='lat' dir='ltr'><strong>susti-</strong></span> 
     </span>
     <span class='ocr_line' id='line_1_3' title="bbox 202 411 1183 496; baseline -0.001 -19"><span class='ocrx_word' id='word_1_10' title='bbox 202 416 276 478; x_wconf 89' lang='lat' dir='ltr'><strong>nuit</strong></span> <span class='ocrx_word' id='word_1_11' title='bbox 288 434 370 493; x_wconf 85' lang='lat' dir='ltr'><strong>reos,</strong></span> <span class='ocrx_word' id='word_1_12' title='bbox 386 414 590 477; x_wconf 73' lang='lat' dir='ltr'><strong>accusatione</strong></span> <span class='ocrx_word' id='word_1_13' title='bbox 604 411 790 490; x_wconf 76' lang='lat' dir='ltr'><strong>Manilium,</strong></span> <span class='ocrx_word' id='word_1_14' title='bbox 808 411 958 475; x_wconf 80' lang='lat' dir='ltr'><strong>libertate</strong></span> <span class='ocrx_word' id='word_1_15' title='bbox 972 411 1183 496; x_wconf 75' lang='lat' dir='ltr'><strong>Pompeium,</strong></span> 
     </span>
     <span class='ocr_line' id='line_1_4' title="bbox 204 496 1183 580; baseline 0 -18"><span class='ocrx_word' id='word_1_16' title='bbox 204 502 238 562; x_wconf 89' lang='lat' dir='ltr'><strong>et</strong></span> <span class='ocrx_word' id='word_1_17' title='bbox 260 519 370 562; x_wconf 87' lang='lat' dir='ltr'><strong>eorum</strong></span> <span class='ocrx_word' id='word_1_18' title='bbox 391 499 529 562; x_wconf 87' lang='lat' dir='ltr'><strong>alterum</strong></span> <span class='ocrx_word' id='word_1_19' title='bbox 549 497 623 580; x_wconf 85' lang='lat' dir='ltr'><strong>lege</strong></span> <span class='ocrx_word' id='word_1_20' title='bbox 643 497 785 580; x_wconf 75' lang='lat' dir='ltr'>peregit,</span> <span class='ocrx_word' id='word_1_21' title='bbox 807 496 944 560; x_wconf 87' lang='lat' dir='ltr'><strong>alterum</strong></span> <span class='ocrx_word' id='word_1_22' title='bbox 962 497 1183 580; x_wconf 77' lang='lat' dir='ltr'><strong>professione,</strong></span> 
     </span>
     <span class='ocr_line' id='line_1_5' title="bbox 204 582 550 666; baseline -0.012 -19"><span class='ocrx_word' id='word_1_23' title='bbox 204 604 268 666; x_wconf 89' lang='lat' dir='ltr'><strong>qua</strong></span> <span class='ocrx_word' id='word_1_24' title='bbox 289 582 390 646; x_wconf 91' lang='lat' dir='ltr'><strong>solum</strong></span> <span class='ocrx_word' id='word_1_25' title='bbox 413 586 550 666; x_wconf 86' lang='lat' dir='ltr'><strong>poterat.</strong></span> 
     </span>
    </p>

    <p class='ocr_par' dir='ltr' id='par_1_3' title="bbox 178 663 1234 1087">
     <span class='ocr_line' id='line_1_6' title="bbox 178 663 1221 751; baseline -0.002 -27"><span class='ocrx_word' id='word_1_26' title='bbox 178 683 192 724; x_wconf 80' lang='lat' dir='ltr'><strong>s</strong></span> <span class='ocrx_word' id='word_1_27' title='bbox 267 669 299 735; x_wconf 84' lang='lat'><strong>5.</strong></span> <span class='ocrx_word' id='word_1_28' title='bbox 332 667 417 742; x_wconf 83' lang='lat' dir='ltr'>Quid</span> <span class='ocrx_word' id='word_1_29' title='bbox 438 666 539 750; x_wconf 74' lang='lat' dir='ltr'><strong>ergo?</strong></span> <span class='ocrx_word' id='word_1_30' title='bbox 560 665 695 729; x_wconf 88' lang='lat' dir='ltr'><strong>libertas</strong></span> <span class='ocrx_word' id='word_1_31' title='bbox 716 666 787 727; x_wconf 86' lang='lat' dir='ltr'><strong>siue</strong></span> <span class='ocrx_word' id='word_1_32' title='bbox 808 663 957 728; x_wconf 78' lang='lat' dir='ltr'><strong>Catone?</strong></span> <span class='ocrx_word' id='word_1_33' title='bbox 982 687 1051 729; x_wconf 92' lang='lat' dir='ltr'><strong>non</strong></span> <span class='ocrx_word' id='word_1_34' title='bbox 1072 668 1184 751; x_wconf 74' lang='lat' dir='ltr'><strong>magis</strong></span> <span class='ocrx_word' id='word_1_35' title='bbox 1201 702 1221 722; x_wconf 45' lang='lat' dir='ltr'><strong>a</strong></span> 
     </span>
     <span class='ocr_line' id='line_1_7' title="bbox 203 750 1234 836; baseline -0.002 -20"><span class='ocrx_word' id='word_1_36' title='bbox 203 773 301 836; x_wconf 89' lang='lat' dir='ltr'><strong>quam</strong></span> <span class='ocrx_word' id='word_1_37' title='bbox 322 750 404 816; x_wconf 82' lang='lat' dir='ltr'><strong>Cato</strong></span> <span class='ocrx_word' id='word_1_38' title='bbox 432 752 504 814; x_wconf 88' lang='lat' dir='ltr'><strong>sine</strong></span> <span class='ocrx_word' id='word_1_39' title='bbox 530 751 697 813; x_wconf 83' lang='lat' dir='ltr'><strong>hbertate:</strong></span> <span class='ocrx_word' id='word_1_40' title='bbox 728 771 805 812; x_wconf 87' lang='lat' dir='ltr'><strong>nam</strong></span> <span class='ocrx_word' id='word_1_41' title='bbox 833 770 904 812; x_wconf 89' lang='lat' dir='ltr'><strong>cum</strong></span> <span class='ocrx_word' id='word_1_42' title='bbox 931 750 969 812; x_wconf 89' lang='lat' dir='ltr'><strong>in</strong></span> <span class='ocrx_word' id='word_1_43' title='bbox 993 754 1181 814; x_wconf 75' lang='lat' dir='ltr'>senatorem</span> <span class='ocrx_word' id='word_1_44' title='bbox 1214 756 1234 772; x_wconf 65' lang='lat'><strong>⁹</strong></span> 
     </span>
     <span class='ocr_line' id='line_1_8' title="bbox 203 833 1183 901; baseline -0.003 0"><span class='ocrx_word' id='word_1_45' title='bbox 203 841 377 901; x_wconf 76' lang='lat' dir='ltr'><strong>nocentem</strong></span> <span class='ocrx_word' id='word_1_46' title='bbox 399 839 432 899; x_wconf 90' lang='lat' dir='ltr'><strong>et</strong></span> <span class='ocrx_word' id='word_1_47' title='bbox 452 834 607 897; x_wconf 79' lang='lat' dir='ltr'><strong>infamem</strong></span> <span class='ocrx_word' id='word_1_48' title='bbox 628 855 719 897; x_wconf 87' lang='lat' dir='ltr'><strong>reum</strong></span> <span class='ocrx_word' id='word_1_49' title='bbox 743 833 840 896; x_wconf 81' lang='lat' dir='ltr'><strong>iudex</strong></span> <span class='ocrx_word' id='word_1_50' title='bbox 868 833 1003 898; x_wconf 70' lang='lat' dir='ltr'><strong>sedisset</strong></span> <span class='ocrx_word' id='word_1_51' title='bbox 1023 835 1183 898; x_wconf 85' lang='lat' dir='ltr'><strong>tabellae-</strong></span> 
     </span>
     <span class='ocr_line' id='line_1_9' title="bbox 224 918 1179 1002; baseline -0.004 -16"><span class='ocrx_word' id='word_1_52' title='bbox 224 943 266 985; x_wconf 90' lang='lat' dir='ltr'><strong>ue</strong></span> <span class='ocrx_word' id='word_1_53' title='bbox 288 920 346 986; x_wconf 82' lang='lat' dir='ltr'><strong>On.</strong></span> <span class='ocrx_word' id='word_1_54' title='bbox 365 918 501 1002; x_wconf 83' lang='lat' dir='ltr'><strong>Pompei</strong></span> <span class='ocrx_word' id='word_1_55' title='bbox 527 919 746 983; x_wconf 74' lang='lat' dir='ltr'><strong>laudationem</strong></span> <span class='ocrx_word' id='word_1_56' title='bbox 773 919 841 982; x_wconf 91' lang='lat' dir='ltr'><strong>eius</strong></span> <span class='ocrx_word' id='word_1_57' title='bbox 870 919 1074 982; x_wconf 79' lang='lat' dir='ltr'><strong>continentes</strong></span> <span class='ocrx_word' id='word_1_58' title='bbox 1101 941 1179 1002; x_wconf 88' lang='lat' dir='ltr'><strong>pro-</strong></span> 
     </span>
     <span class='ocr_line' id='line_1_10' title="bbox 203 943 1181 1087; baseline -0.001 -19"><span class='ocrx_word' id='word_1_59' title='bbox 203 943 291 1068; x_wconf 54' lang='lat' dir='ltr'><strong>liatae</strong></span> <span class='ocrx_word' id='word_1_60' title='bbox 306 1008 430 1081; x_wconf 86' lang='lat' dir='ltr'><strong>essent,</strong></span> <span class='ocrx_word' id='word_1_61' title='bbox 447 1003 559 1086; x_wconf 90' lang='lat' dir='ltr'><strong>procul</strong></span> <span class='ocrx_word' id='word_1_62' title='bbox 574 1002 673 1065; x_wconf 91' lang='lat' dir='ltr'><strong>dnbio</strong></span> <span class='ocrx_word' id='word_1_63' title='bbox 687 1002 834 1066; x_wconf 86' lang='lat' dir='ltr'><strong>efficaces</strong></span> <span class='ocrx_word' id='word_1_64' title='bbox 848 1002 978 1066; x_wconf 76' lang='lat' dir='ltr'><strong>futurae</strong></span> <span class='ocrx_word' id='word_1_65' title='bbox 992 1025 1052 1087; x_wconf 89' lang='lat' dir='ltr'><strong>pro</strong></span> <span class='ocrx_word' id='word_1_66' title='bbox 1066 1005 1181 1082; x_wconf 82' lang='lat' dir='ltr'><strong>nonio,</strong></span> 
     </span>
    </p>

    <p class='ocr_par' dir='ltr' id='par_1_4' title="bbox 166 1087 1181 1425">
     <span class='ocr_line' id='line_1_11' title="bbox 166 1087 1181 1172; baseline 0.006 -26"><span class='ocrx_word' id='word_1_67' title='bbox 166 1109 193 1150; x_wconf 80' lang='lat' dir='ltr'><strong>ro</strong></span> <span class='ocrx_word' id='word_1_68' title='bbox 206 1089 382 1156; x_wconf 84' lang='lat' dir='ltr'><strong>summouit</strong></span> <span class='ocrx_word' id='word_1_69' title='bbox 409 1109 464 1151; x_wconf 89' lang='lat' dir='ltr'><strong>eas</strong></span> <span class='ocrx_word' id='word_1_70' title='bbox 497 1108 515 1151; x_wconf 89' lang='lat' dir='ltr'><strong>e</strong></span> <span class='ocrx_word' id='word_1_71' title='bbox 541 1087 731 1170; x_wconf 78' lang='lat' dir='ltr'><strong>quaestione</strong></span> <span class='ocrx_word' id='word_1_72' title='bbox 762 1087 868 1172; x_wconf 83' lang='lat' dir='ltr'><strong>legem</strong></span> <span class='ocrx_word' id='word_1_73' title='bbox 899 1088 1080 1163; x_wconf 68' lang='lat' dir='ltr'><strong>mutando,</strong></span> <span class='ocrx_word' id='word_1_74' title='bbox 1115 1109 1181 1170; x_wconf 82' lang='lat' dir='ltr'><strong>qus</strong></span> 
     </span>
     <span class='ocr_line' id='line_1_12' title="bbox 203 1171 1179 1239; baseline 0 -2"><span class='ocrx_word' id='word_1_75' title='bbox 203 1177 332 1238; x_wconf 86' lang='lat' dir='ltr'><strong>cautum</strong></span> <span class='ocrx_word' id='word_1_76' title='bbox 355 1175 426 1236; x_wconf 89' lang='lat' dir='ltr'><strong>erat</strong></span> <span class='ocrx_word' id='word_1_77' title='bbox 451 1192 493 1235; x_wconf 91' lang='lat' dir='ltr'><strong>ne</strong></span> <span class='ocrx_word' id='word_1_78' title='bbox 521 1171 724 1235; x_wconf 82' lang='lat' dir='ltr'><strong>senatoribus</strong></span> <span class='ocrx_word' id='word_1_79' title='bbox 749 1172 808 1234; x_wconf 88' lang='lat' dir='ltr'><strong>tali</strong></span> <span class='ocrx_word' id='word_1_80' title='bbox 836 1171 954 1235; x_wconf 86' lang='lat' dir='ltr'><strong>anxilio</strong></span> <span class='ocrx_word' id='word_1_81' title='bbox 979 1173 1028 1235; x_wconf 88' lang='lat' dir='ltr'><strong>uti</strong></span> <span class='ocrx_word' id='word_1_82' title='bbox 1053 1172 1179 1239; x_wconf 77' lang='lat' dir='ltr'><strong>liceret.</strong></span> 
     </span>
     <span class='ocr_line' id='line_1_13' title="bbox 203 1255 1180 1340; baseline 0 -20"><span class='ocrx_word' id='word_1_83' title='bbox 203 1257 280 1321; x_wconf 91' lang='lat' dir='ltr'><strong>huic</strong></span> <span class='ocrx_word' id='word_1_84' title='bbox 294 1257 382 1320; x_wconf 85' lang='lat' dir='ltr'><strong>facto</strong></span> <span class='ocrx_word' id='word_1_85' title='bbox 397 1277 538 1340; x_wconf 89' lang='lat' dir='ltr'><strong>persona</strong></span> <span class='ocrx_word' id='word_1_86' title='bbox 550 1256 794 1320; x_wconf 79' lang='lat' dir='ltr'><strong>admirationem</strong></span> <span class='ocrx_word' id='word_1_87' title='bbox 807 1255 935 1320; x_wconf 85' lang='lat' dir='ltr'><strong>adimit:</strong></span> <span class='ocrx_word' id='word_1_88' title='bbox 950 1278 1028 1321; x_wconf 86' lang='lat' dir='ltr'><strong>nam</strong></span> <span class='ocrx_word' id='word_1_89' title='bbox 1042 1278 1125 1340; x_wconf 88' lang='lat' dir='ltr'><strong>quae</strong></span> <span class='ocrx_word' id='word_1_90' title='bbox 1141 1257 1180 1320; x_wconf 86' lang='lat' dir='ltr'><strong>in</strong></span> 
     </span>
     <span class='ocr_line' id='line_1_14' title="bbox 204 1339 1179 1425; baseline -0.002 -19"><span class='ocrx_word' id='word_1_91' title='bbox 204 1341 269 1406; x_wconf 91' lang='lat' dir='ltr'><strong>alio</strong></span> <span class='ocrx_word' id='word_1_92' title='bbox 283 1340 417 1406; x_wconf 72' lang='lat' dir='ltr'><strong>auduom</strong></span> <span class='ocrx_word' id='word_1_93' title='bbox 430 1341 610 1422; x_wconf 87' lang='lat' dir='ltr'><strong>uideretur,</strong></span> <span class='ocrx_word' id='word_1_94' title='bbox 636 1341 672 1404; x_wconf 90' lang='lat' dir='ltr'><strong>in</strong></span> <span class='ocrx_word' id='word_1_95' title='bbox 687 1339 811 1405; x_wconf 80' lang='lat' dir='ltr'><strong>(latone</strong></span> <span class='ocrx_word' id='word_1_96' title='bbox 824 1341 944 1404; x_wconf 86' lang='lat' dir='ltr'><strong>fiducia</strong></span> <span class='ocrx_word' id='word_1_97' title='bbox 957 1342 1179 1425; x_wconf 85' lang='lat' dir='ltr'><strong>cognoscitur.</strong></span> 
     </span>
    </p>

    <p class='ocr_par' dir='ltr' id='par_1_5' title="bbox 165 1425 1180 2198">
     <span class='ocr_line' id='line_1_15' title="bbox 288 1425 1179 1503; baseline -0.002 -13"><span class='ocrx_word' id='word_1_98' title='bbox 288 1425 318 1492; x_wconf 86' lang='lat'><strong>6.</strong></span> <span class='ocrx_word' id='word_1_99' title='bbox 341 1425 401 1492; x_wconf 84' lang='lat' dir='ltr'><strong>(ln.</strong></span> <span class='ocrx_word' id='word_1_100' title='bbox 417 1425 575 1490; x_wconf 86' lang='lat' dir='ltr'><strong>Lentulus</strong></span> <span class='ocrx_word' id='word_1_101' title='bbox 590 1425 798 1489; x_wconf 86' lang='lat' dir='ltr'><strong>Marcellinus</strong></span> <span class='ocrx_word' id='word_1_102' title='bbox 814 1425 941 1503; x_wconf 86' lang='lat' dir='ltr'><strong>consul,</strong></span> <span class='ocrx_word' id='word_1_103' title='bbox 963 1448 1035 1489; x_wconf 89' lang='lat' dir='ltr'><strong>cum</strong></span> <span class='ocrx_word' id='word_1_104' title='bbox 1050 1426 1086 1488; x_wconf 92' lang='lat' dir='ltr'><strong>in</strong></span> <span class='ocrx_word' id='word_1_105' title='bbox 1102 1446 1179 1489; x_wconf 89' lang='lat' dir='ltr'><strong>eon·</strong></span> 
     </span>
     <span class='ocr_line' id='line_1_16' title="bbox 166 1509 1178 1596; baseline 0 -22"><span class='ocrx_word' id='word_1_106' title='bbox 166 1511 295 1576; x_wconf 72' lang='lat' dir='ltr'><strong>atione</strong></span> <span class='ocrx_word' id='word_1_107' title='bbox 320 1511 360 1575; x_wconf 91' lang='lat' dir='ltr'><strong>de</strong></span> <span class='ocrx_word' id='word_1_108' title='bbox 383 1509 498 1596; x_wconf 80' lang='lat' dir='ltr'><strong>Magni</strong></span> <span class='ocrx_word' id='word_1_109' title='bbox 523 1510 658 1593; x_wconf 90' lang='lat' dir='ltr'><strong>Pompei</strong></span> <span class='ocrx_word' id='word_1_110' title='bbox 680 1510 783 1574; x_wconf 87' lang='lat' dir='ltr'><strong>nimia</strong></span> <span class='ocrx_word' id='word_1_111' title='bbox 806 1511 953 1594; x_wconf 88' lang='lat' dir='ltr'><strong>potentia</strong></span> <span class='ocrx_word' id='word_1_112' title='bbox 979 1513 1178 1593; x_wconf 85' lang='lat' dir='ltr'><strong>quereretur,</strong></span> 
     </span>
     <span class='ocr_line' id='line_1_17' title="bbox 205 1594 1179 1679; baseline -0.002 -19"><span class='ocrx_word' id='word_1_113' title='bbox 205 1595 421 1679; x_wconf 81' lang='lat' dir='ltr'><strong>adsensusque</strong></span> <span class='ocrx_word' id='word_1_114' title='bbox 444 1597 474 1659; x_wconf 89' lang='lat' dir='ltr'><strong>ei</strong></span> <span class='ocrx_word' id='word_1_115' title='bbox 502 1594 590 1659; x_wconf 87' lang='lat' dir='ltr'><strong>clara</strong></span> <span class='ocrx_word' id='word_1_116' title='bbox 616 1615 695 1658; x_wconf 90' lang='lat' dir='ltr'><strong>uoce</strong></span> <span class='ocrx_word' id='word_1_117' title='bbox 722 1595 891 1658; x_wconf 86' lang='lat' dir='ltr'><strong>uniuersus</strong></span> <span class='ocrx_word' id='word_1_118' title='bbox 917 1595 1055 1678; x_wconf 88' lang='lat' dir='ltr'><strong>populus</strong></span> <span class='ocrx_word' id='word_1_119' title='bbox 1082 1599 1179 1676; x_wconf 73' lang='lat' dir='ltr'><strong>esset,</strong></span> 
     </span>
     <span class='ocr_line' id='line_1_18' title="bbox 205 1678 1178 1763; baseline -0.003 -18"><span class='ocrx_word' id='word_1_120' title='bbox 205 1681 420 1746; x_wconf 75' lang='lat' dir='ltr'><strong>‘adclamata&#39;</strong></span> <span class='ocrx_word' id='word_1_121' title='bbox 442 1680 558 1763; x_wconf 82' lang='lat' dir='ltr'><strong>inquit,</strong></span> <span class='ocrx_word' id='word_1_122' title='bbox 583 1679 792 1762; x_wconf 64' lang='lat' dir='ltr'><strong>‘adclamata</strong></span> <span class='ocrx_word' id='word_1_123' title='bbox 817 1678 967 1759; x_wconf 84' lang='lat' dir='ltr'><strong>Quirites,</strong></span> <span class='ocrx_word' id='word_1_124' title='bbox 991 1679 1066 1742; x_wconf 91' lang='lat' dir='ltr'><strong>dnm</strong></span> <span class='ocrx_word' id='word_1_125' title='bbox 1089 1679 1178 1742; x_wconf 69' lang='lat' dir='ltr'><strong>licet:</strong></span> 
     </span>
     <span class='ocr_line' id='line_1_19' title="bbox 204 1762 1180 1847; baseline -0.004 -16"><span class='ocrx_word' id='word_1_126' title='bbox 204 1767 269 1830; x_wconf 89' lang='lat' dir='ltr'><strong>iam</strong></span> <span class='ocrx_word' id='word_1_127' title='bbox 292 1766 378 1830; x_wconf 89' lang='lat' dir='ltr'><strong>enim</strong></span> <span class='ocrx_word' id='word_1_128' title='bbox 399 1766 491 1829; x_wconf 92' lang='lat' dir='ltr'><strong>uobis</strong></span> <span class='ocrx_word' id='word_1_129' title='bbox 512 1765 634 1847; x_wconf 92' lang='lat' dir='ltr'><strong>inpune</strong></span> <span class='ocrx_word' id='word_1_130' title='bbox 655 1764 762 1827; x_wconf 74' lang='lat' dir='ltr'><strong>facem</strong></span> <span class='ocrx_word' id='word_1_131' title='bbox 783 1785 850 1827; x_wconf 90' lang='lat' dir='ltr'><strong>non</strong></span> <span class='ocrx_word' id='word_1_132' title='bbox 872 1764 1007 1827; x_wconf 83' lang='lat' dir='ltr'><strong>licebit&#39;.</strong></span> <span class='ocrx_word' id='word_1_133' title='bbox 1048 1762 1180 1846; x_wconf 85' lang='lat' dir='ltr'><strong>pulsata</strong></span> 
     </span>
     <span class='ocr_line' id='line_1_20' title="bbox 203 1847 1179 1931; baseline -0.002 -17"><span class='ocrx_word' id='word_1_134' title='bbox 203 1853 283 1914; x_wconf 88' lang='lat' dir='ltr'><strong>tunc</strong></span> <span class='ocrx_word' id='word_1_135' title='bbox 311 1854 360 1914; x_wconf 85' lang='lat' dir='ltr'><strong>est</strong></span> <span class='ocrx_word' id='word_1_136' title='bbox 388 1849 496 1914; x_wconf 83' lang='lat' dir='ltr'><strong>eximii</strong></span> <span class='ocrx_word' id='word_1_137' title='bbox 525 1849 605 1912; x_wconf 89' lang='lat' dir='ltr'><strong>ciuis</strong></span> <span class='ocrx_word' id='word_1_138' title='bbox 633 1848 781 1931; x_wconf 89' lang='lat' dir='ltr'><strong>potentia</strong></span> <span class='ocrx_word' id='word_1_139' title='bbox 805 1849 882 1912; x_wconf 89' lang='lat' dir='ltr'><strong>binc</strong></span> <span class='ocrx_word' id='word_1_140' title='bbox 912 1847 1075 1911; x_wconf 87' lang='lat' dir='ltr'><strong>inuidiosa</strong></span> <span class='ocrx_word' id='word_1_141' title='bbox 1102 1869 1179 1930; x_wconf 91' lang='lat' dir='ltr'><strong>que·</strong></span> 
     </span>
     <span class='ocr_line' id='line_1_21' title="bbox 165 1933 862 2015; baseline -0.001 -18"><span class='ocrx_word' id='word_1_142' title='bbox 165 1956 192 1997; x_wconf 78' lang='lat' dir='ltr'><strong>so</strong></span> <span class='ocrx_word' id='word_1_143' title='bbox 205 1935 299 2015; x_wconf 80' lang='lat' dir='ltr'><strong>tella,</strong></span> <span class='ocrx_word' id='word_1_144' title='bbox 322 1934 400 1998; x_wconf 91' lang='lat' dir='ltr'><strong>binc</strong></span> <span class='ocrx_word' id='word_1_145' title='bbox 420 1933 653 1997; x_wconf 80' lang='lat' dir='ltr'><strong>lamentatione</strong></span> <span class='ocrx_word' id='word_1_146' title='bbox 675 1933 862 1998; x_wconf 85' lang='lat' dir='ltr'><strong>miserabili.</strong></span> 
     </span>
     <span class='ocr_line' id='line_1_22' title="bbox 269 2015 1178 2102; baseline -0.007 -18"><span class='ocrx_word' id='word_1_147' title='bbox 269 2021 297 2084; x_wconf 78' lang='lat'><strong>7.</strong></span> <span class='ocrx_word' id='word_1_148' title='bbox 324 2018 386 2084; x_wconf 78' lang='lat' dir='ltr'><strong>eui</strong></span> <span class='ocrx_word' id='word_1_149' title='bbox 401 2017 536 2082; x_wconf 89' lang='lat' dir='ltr'><strong>candida</strong></span> <span class='ocrx_word' id='word_1_150' title='bbox 556 2018 657 2081; x_wconf 86' lang='lat' dir='ltr'><strong>fascia</strong></span> <span class='ocrx_word' id='word_1_151' title='bbox 679 2039 751 2082; x_wconf 86' lang='lat' dir='ltr'><strong>crus</strong></span> <span class='ocrx_word' id='word_1_152' title='bbox 774 2018 943 2102; x_wconf 83' lang='lat' dir='ltr'><strong>alligatum</strong></span> <span class='ocrx_word' id='word_1_153' title='bbox 965 2015 1099 2080; x_wconf 88' lang='lat' dir='ltr'><strong>habenti</strong></span> <span class='ocrx_word' id='word_1_154' title='bbox 1115 2015 1178 2079; x_wconf 79' lang='lat' dir='ltr'><strong>Fa-</strong></span> 
     </span>
     <span class='ocr_line' id='line_1_23' title="bbox 203 2101 1179 2198; baseline -0.003 -31"><span class='ocrx_word' id='word_1_155' title='bbox 203 2103 321 2167; x_wconf 89' lang='lat' dir='ltr'><strong>uonius</strong></span> <span class='ocrx_word' id='word_1_156' title='bbox 344 2111 428 2166; x_wconf 86' lang='lat' dir='ltr'><strong>‘non</strong></span> <span class='ocrx_word' id='word_1_157' title='bbox 449 2103 567 2166; x_wconf 85' lang='lat' dir='ltr'><strong>refert&#39;</strong></span> <span class='ocrx_word' id='word_1_158' title='bbox 582 2103 688 2185; x_wconf 90' lang='lat' dir='ltr'><strong>inquit</strong></span> <span class='ocrx_word' id='word_1_159' title='bbox 709 2108 791 2184; x_wconf 87' lang='lat' dir='ltr'><strong>‘qua</strong></span> <span class='ocrx_word' id='word_1_160' title='bbox 812 2103 846 2165; x_wconf 91' lang='lat' dir='ltr'><strong>in</strong></span> <span class='ocrx_word' id='word_1_161' title='bbox 868 2105 962 2186; x_wconf 85' lang='lat' dir='ltr'><strong>parte</strong></span> <span class='ocrx_word' id='word_1_162' title='bbox 977 2102 1020 2164; x_wconf 88' lang='lat' dir='ltr'><strong>sit</strong></span> <span class='ocrx_word' id='word_1_163' title='bbox 1034 2101 1179 2198; x_wconf 78' lang='lat' dir='ltr'><strong>corporis</strong></span> 
     </span>
    </p>
   </div>
   <div class='ocr_carea' id='block_1_3' title="bbox 205 2185 1296 2272">
    <p class='ocr_par' dir='ltr' id='par_1_6' title="bbox 205 2185 1296 2272">
     <span class='ocr_line' id='line_1_24' title="bbox 205 2185 1296 2272; baseline -0.003 -21"><span class='ocrx_word' id='word_1_164' title='bbox 205 2187 380 2266; x_wconf 85' lang='lat' dir='ltr'><strong>diadema’‚</strong></span> <span class='ocrx_word' id='word_1_165' title='bbox 411 2187 519 2271; x_wconf 83' lang='lat' dir='ltr'><strong>exigui</strong></span> <span class='ocrx_word' id='word_1_166' title='bbox 547 2188 646 2270; x_wconf 89' lang='lat' dir='ltr'><strong>panni</strong></span> <span class='ocrx_word' id='word_1_167' title='bbox 674 2187 880 2251; x_wconf 90' lang='lat' dir='ltr'><strong>cauillatione</strong></span> <span class='ocrx_word' id='word_1_168' title='bbox 907 2186 1013 2270; x_wconf 83' lang='lat' dir='ltr'><strong>regias</strong></span> <span class='ocrx_word' id='word_1_169' title='bbox 1039 2207 1069 2248; x_wconf 84' lang='lat' dir='ltr'><strong>ei</strong></span> <span class='ocrx_word' id='word_1_170' title='bbox 1091 2185 1179 2249; x_wconf 87' lang='lat' dir='ltr'><strong>uires</strong></span> <span class='ocrx_word' id='word_1_171' title='bbox 1291 2251 1296 2272; x_wconf 25' lang='lat' dir='ltr'><strong>p</strong></span> 
     </span>
    </p>
   </div>
   <div class='ocr_carea' id='block_1_4' title="bbox 166 2269 1179 2610">
    <p class='ocr_par' dir='ltr' id='par_1_7' title="bbox 166 2269 1179 2610">
     <span class='ocr_line' id='line_1_25' title="bbox 206 2269 1179 2354; baseline -0.003 -19"><span class='ocrx_word' id='word_1_172' title='bbox 206 2272 413 2354; x_wconf 88' lang='lat' dir='ltr'><strong>exprobrans.</strong></span> <span class='ocrx_word' id='word_1_173' title='bbox 457 2276 491 2334; x_wconf 87' lang='lat' dir='ltr'><strong>at</strong></span> <span class='ocrx_word' id='word_1_174' title='bbox 511 2272 539 2335; x_wconf 90' lang='lat' dir='ltr'><strong>is</strong></span> <span class='ocrx_word' id='word_1_175' title='bbox 560 2275 708 2334; x_wconf 86' lang='lat' dir='ltr'><strong>neutram</strong></span> <span class='ocrx_word' id='word_1_176' title='bbox 731 2272 765 2335; x_wconf 91' lang='lat' dir='ltr'><strong>in</strong></span> <span class='ocrx_word' id='word_1_177' title='bbox 787 2275 914 2354; x_wconf 87' lang='lat' dir='ltr'><strong>partem</strong></span> <span class='ocrx_word' id='word_1_178' title='bbox 935 2272 1061 2334; x_wconf 85' lang='lat' dir='ltr'><strong>mutato</strong></span> <span class='ocrx_word' id='word_1_179' title='bbox 1083 2269 1179 2332; x_wconf 85' lang='lat' dir='ltr'><strong>uultu</strong></span> 
     </span>
     <span class='ocr_line' id='line_1_26' title="bbox 166 2353 1179 2440; baseline 0 -22"><span class='ocrx_word' id='word_1_180' title='bbox 166 2377 193 2418; x_wconf 77' lang='lat' dir='ltr'><strong>rs</strong></span> <span class='ocrx_word' id='word_1_181' title='bbox 206 2361 378 2440; x_wconf 87' lang='lat' dir='ltr'><strong>utrumque</strong></span> <span class='ocrx_word' id='word_1_182' title='bbox 401 2356 502 2440; x_wconf 87' lang='lat' dir='ltr'><strong>cauit,</strong></span> <span class='ocrx_word' id='word_1_183' title='bbox 524 2377 566 2420; x_wconf 91' lang='lat' dir='ltr'><strong>ne</strong></span> <span class='ocrx_word' id='word_1_184' title='bbox 588 2359 644 2420; x_wconf 88' lang='lat' dir='ltr'><strong>aut</strong></span> <span class='ocrx_word' id='word_1_185' title='bbox 665 2355 760 2418; x_wconf 89' lang='lat' dir='ltr'><strong>hilari</strong></span> <span class='ocrx_word' id='word_1_186' title='bbox 778 2355 887 2420; x_wconf 90' lang='lat' dir='ltr'><strong>fronte</strong></span> <span class='ocrx_word' id='word_1_187' title='bbox 901 2355 1039 2418; x_wconf 83' lang='lat' dir='ltr'><strong>libenter</strong></span> <span class='ocrx_word' id='word_1_188' title='bbox 1054 2353 1179 2438; x_wconf 83' lang='lat' dir='ltr'><strong>adgno-</strong></span> 
     </span>
     <span class='ocr_line' id='line_1_27' title="bbox 206 2437 1178 2525; baseline -0.006 -20"><span class='ocrx_word' id='word_1_189' title='bbox 206 2461 294 2506; x_wconf 85' lang='lat' dir='ltr'><strong>scere</strong></span> <span class='ocrx_word' id='word_1_190' title='bbox 321 2441 501 2525; x_wconf 87' lang='lat' dir='ltr'><strong>potentiam</strong></span> <span class='ocrx_word' id='word_1_191' title='bbox 530 2445 588 2506; x_wconf 82' lang='lat' dir='ltr'><strong>aut</strong></span> <span class='ocrx_word' id='word_1_192' title='bbox 614 2441 699 2504; x_wconf 78' lang='lat' dir='ltr'><strong>trr&#39;sti</strong></span> <span class='ocrx_word' id='word_1_193' title='bbox 729 2441 798 2505; x_wconf 83' lang='lat' dir='ltr'><strong>iam</strong></span> <span class='ocrx_word' id='word_1_194' title='bbox 829 2439 975 2524; x_wconf 87' lang='lat' dir='ltr'><strong>profiteri</strong></span> <span class='ocrx_word' id='word_1_195' title='bbox 1005 2437 1178 2502; x_wconf 86' lang='lat' dir='ltr'><strong>uideretur.</strong></span> 
     </span>
     <span class='ocr_line' id='line_1_28' title="bbox 205 2521 1179 2610; baseline -0.004 -20"><span class='ocrx_word' id='word_1_196' title='bbox 205 2547 305 2610; x_wconf 86' lang='lat' dir='ltr'><strong>eaque</strong></span> <span class='ocrx_word' id='word_1_197' title='bbox 326 2526 485 2610; x_wconf 87' lang='lat' dir='ltr'><strong>patientia</strong></span> <span class='ocrx_word' id='word_1_198' title='bbox 506 2524 669 2588; x_wconf 87' lang='lat' dir='ltr'><strong>inferioris</strong></span> <span class='ocrx_word' id='word_1_199' title='bbox 698 2524 795 2588; x_wconf 89' lang='lat' dir='ltr'><strong>etiam</strong></span> <span class='ocrx_word' id='word_1_200' title='bbox 816 2525 946 2608; x_wconf 86' lang='lat' dir='ltr'><strong>generis</strong></span> <span class='ocrx_word' id='word_1_201' title='bbox 971 2527 1004 2587; x_wconf 89' lang='lat' dir='ltr'><strong>et</strong></span> <span class='ocrx_word' id='word_1_202' title='bbox 1026 2521 1179 2586; x_wconf 84' lang='lat' dir='ltr'><strong>fortunae</strong></span> 
     </span>
    </p>
   </div>
   <div class='ocr_carea' id='block_1_5' title="bbox 203 2674 1182 3624">
    <p class='ocr_par' dir='ltr' id='par_1_8' title="bbox 203 2674 1182 3624">
     <span class='ocr_line' id='line_1_29' title="bbox 274 2674 1179 2744; baseline -0.004 -14"><span class='ocrx_word' id='word_1_203' title='bbox 274 2683 287 2730; x_wconf 91' lang='lat'>1</span> <span class='ocrx_word' id='word_1_204' title='bbox 306 2675 356 2730; x_wconf 85' lang='lat' dir='ltr'><strong>iud</strong></span> <span class='ocrx_word' id='word_1_205' title='bbox 374 2676 434 2730; x_wconf 99' lang='lat' dir='ltr'><strong>LA</strong></span> <span class='ocrx_word' id='word_1_206' title='bbox 454 2679 464 2744; x_wconf 92' lang='grc'>1</span> <span class='ocrx_word' id='word_1_207' title='bbox 487 2675 612 2730; x_wconf 72' lang='lat' dir='ltr'><strong>leolum</strong></span> <span class='ocrx_word' id='word_1_208' title='bbox 629 2674 857 2744; x_wconf 64' lang='lat' dir='ltr'><strong>*poteratL‘A‚</strong></span> <span class='ocrx_word' id='word_1_209' title='bbox 877 2674 968 2728; x_wconf 84' lang='lat' dir='ltr'><strong>solum</strong></span> <span class='ocrx_word' id='word_1_210' title='bbox 987 2674 1179 2742; x_wconf 86' lang='lat' dir='ltr'><strong>apoteratL¹‚</strong></span> 
     </span>
     <span class='ocr_line' id='line_1_30' title="bbox 204 2743 1179 2813; baseline -0.004 -14"><span class='ocrx_word' id='word_1_211' title='bbox 204 2762 244 2800; x_wconf 80' lang='lat' dir='ltr'><strong>ou</strong></span> <span class='ocrx_word' id='word_1_212' title='bbox 261 2745 321 2798; x_wconf 85' lang='lat' dir='ltr'><strong>sola</strong></span> <span class='ocrx_word' id='word_1_213' title='bbox 337 2745 469 2813; x_wconf 83' lang='lat' dir='ltr'><strong>poterat?</strong></span> <span class='ocrx_word' id='word_1_214' title='bbox 483 2746 521 2812; x_wconf 85' lang='grc'><strong>119</strong></span> <span class='ocrx_word' id='word_1_215' title='bbox 538 2759 591 2812; x_wconf 89' lang='lat' dir='ltr'><strong>pro</strong></span> <span class='ocrx_word' id='word_1_216' title='bbox 608 2743 693 2797; x_wconf 86' lang='lat' dir='ltr'><strong>noxio</strong></span> <span class='ocrx_word' id='word_1_217' title='bbox 707 2743 797 2809; x_wconf 79' lang='lat' dir='ltr'><strong><em>L³A²‚</em></strong></span> <span class='ocrx_word' id='word_1_218' title='bbox 815 2743 918 2810; x_wconf 83' lang='lat' dir='ltr'><strong>proris</strong></span> <span class='ocrx_word' id='word_1_219' title='bbox 934 2743 1044 2810; x_wconf 70' lang='lat' dir='ltr'><strong><em>L¹A¹n</em></strong></span> <span class='ocrx_word' id='word_1_220' title='bbox 1059 2748 1089 2795; x_wconf 93' lang='grc'>10</span> <span class='ocrx_word' id='word_1_221' title='bbox 1107 2756 1179 2808; x_wconf 87' lang='lat' dir='ltr'><strong>que-</strong></span> 
     </span>
     <span class='ocr_line' id='line_1_31' title="bbox 204 2808 1178 2882; baseline -0.006 -14"><span class='ocrx_word' id='word_1_222' title='bbox 204 2813 294 2868; x_wconf 82' lang='lat' dir='ltr'><strong>stione</strong></span> <span class='ocrx_word' id='word_1_223' title='bbox 313 2813 339 2866; x_wconf 94' lang='lat' dir='ltr'><strong><em>L</em></strong></span> <span class='ocrx_word' id='word_1_224' title='bbox 352 2813 362 2882; x_wconf 93' lang='grc'><strong>11</strong></span> <span class='ocrx_word' id='word_1_225' title='bbox 376 2819 406 2864; x_wconf 75' lang='grc'>12</span> <span class='ocrx_word' id='word_1_226' title='bbox 424 2827 561 2880; x_wconf 83' lang='lat' dir='ltr'><strong>personae</strong></span> <span class='ocrx_word' id='word_1_227' title='bbox 579 2810 616 2865; x_wconf 90' lang='lat' dir='ltr'><strong>A¹</strong></span> <span class='ocrx_word' id='word_1_228' title='bbox 630 2812 640 2878; x_wconf 93' lang='grc'>1</span> <span class='ocrx_word' id='word_1_229' title='bbox 652 2809 754 2864; x_wconf 87' lang='lat' dir='ltr'><strong>adimit</strong></span> <span class='ocrx_word' id='word_1_230' title='bbox 770 2811 842 2864; x_wconf 77' lang='lat' dir='ltr'><strong>coni.</strong></span> <span class='ocrx_word' id='word_1_231' title='bbox 860 2810 961 2875; x_wconf 78' lang='lat' dir='ltr'><strong>Halm,</strong></span> <span class='ocrx_word' id='word_1_232' title='bbox 986 2808 1060 2878; x_wconf 83' lang='lat' dir='ltr'><strong>quod</strong></span> <span class='ocrx_word' id='word_1_233' title='bbox 1078 2809 1178 2875; x_wconf 80' lang='lat' dir='ltr'><strong>recepi,</strong></span> 
     </span>
     <span class='ocr_line' id='line_1_32' title="bbox 205 2875 1172 2948; baseline -0.007 -13"><span class='ocrx_word' id='word_1_234' title='bbox 205 2881 313 2935; x_wconf 81' lang='lat' dir='ltr'><strong>ademit</strong></span> <span class='ocrx_word' id='word_1_235' title='bbox 330 2880 390 2934; x_wconf 86' lang='lat' dir='ltr'><strong>LA</strong></span> <span class='ocrx_word' id='word_1_236' title='bbox 413 2882 423 2948; x_wconf 93' lang='grc'><strong>11</strong></span> <span class='ocrx_word' id='word_1_237' title='bbox 449 2885 479 2933; x_wconf 82' lang='grc'>13</span> <span class='ocrx_word' id='word_1_238' title='bbox 498 2877 593 2932; x_wconf 84' lang='lat' dir='ltr'><strong>fidiciu</strong></span> <span class='ocrx_word' id='word_1_239' title='bbox 609 2881 649 2931; x_wconf 85' lang='lat' dir='ltr'><strong>A¹</strong></span> <span class='ocrx_word' id='word_1_240' title='bbox 673 2879 686 2948; x_wconf 93' lang='grc'><strong>11</strong></span> <span class='ocrx_word' id='word_1_241' title='bbox 707 2891 739 2930; x_wconf 89' lang='lat' dir='ltr'><strong>oo</strong></span> <span class='ocrx_word' id='word_1_242' title='bbox 781 2878 885 2932; x_wconf 88' lang='lat' dir='ltr'><strong>oscitur</strong></span> <span class='ocrx_word' id='word_1_243' title='bbox 907 2879 940 2931; x_wconf 81' lang='lat' dir='ltr'><strong>iu</strong></span> <span class='ocrx_word' id='word_1_244' title='bbox 956 2893 1012 2932; x_wconf 80' lang='lat' dir='ltr'><strong>ros.</strong></span> <span class='ocrx_word' id='word_1_245' title='bbox 1029 2881 1094 2930; x_wconf 86' lang='lat' dir='ltr'><strong>m.1</strong></span> <span class='ocrx_word' id='word_1_246' title='bbox 1113 2881 1138 2928; x_wconf 86' lang='lat' dir='ltr'><strong><em>A</em></strong></span> <span class='ocrx_word' id='word_1_247' title='bbox 1161 2875 1172 2944; x_wconf 92' lang='grc'><strong>11</strong></span> 
     </span>
     <span class='ocr_line' id='line_1_33' title="bbox 206 2944 1181 3014; baseline -0.007 -12"><span class='ocrx_word' id='word_1_248' title='bbox 206 2955 238 3003; x_wconf 82' lang='lat'><strong>14</strong></span> <span class='ocrx_word' id='word_1_249' title='bbox 256 2947 436 3002; x_wconf 86' lang='lat' dir='ltr'><strong>marcellinus</strong></span> <span class='ocrx_word' id='word_1_250' title='bbox 454 2946 526 2999; x_wconf 79' lang='lat' dir='ltr'><strong>LA²</strong></span> <span class='ocrx_word' id='word_1_251' title='bbox 542 2945 626 3012; x_wconf 64' lang='lat' dir='ltr'><strong>Par„</strong></span> <span class='ocrx_word' id='word_1_252' title='bbox 649 2947 818 2999; x_wconf 81' lang='lat' dir='ltr'><strong>marceium</strong></span> <span class='ocrx_word' id='word_1_253' title='bbox 839 2947 876 3000; x_wconf 89' lang='lat' dir='ltr'><strong>A¹</strong></span> <span class='ocrx_word' id='word_1_254' title='bbox 902 2947 912 3014; x_wconf 93' lang='grc'>1</span> <span class='ocrx_word' id='word_1_255' title='bbox 937 2951 970 3000; x_wconf 79' lang='lat'><strong>15</strong></span> <span class='ocrx_word' id='word_1_256' title='bbox 992 2944 1181 3012; x_wconf 81' lang='lat' dir='ltr'><strong>quaereretur</strong></span> 
     </span>
     <span class='ocr_line' id='line_1_34' title="bbox 203 3010 1180 3086; baseline -0.008 -15"><span class='ocrx_word' id='word_1_257' title='bbox 203 3016 232 3071; x_wconf 92' lang='lat' dir='ltr'><strong><em>A</em></strong></span> <span class='ocrx_word' id='word_1_258' title='bbox 245 3017 255 3086; x_wconf 94' lang='grc'>1</span> <span class='ocrx_word' id='word_1_259' title='bbox 269 3023 300 3070; x_wconf 81' lang='grc'>17</span> <span class='ocrx_word' id='word_1_260' title='bbox 318 3014 476 3069; x_wconf 80' lang='lat' dir='ltr'><strong>adclamata</strong></span> <span class='ocrx_word' id='word_1_261' title='bbox 489 3014 606 3083; x_wconf 86' lang='lat' dir='ltr'><strong>quirites</strong></span> <span class='ocrx_word' id='word_1_262' title='bbox 618 3012 645 3066; x_wconf 91' lang='lat' dir='ltr'><strong><em>L</em></strong></span> <span class='ocrx_word' id='word_1_263' title='bbox 657 3017 682 3066; x_wconf 83' lang='lat' dir='ltr'><strong>et</strong></span> <span class='ocrx_word' id='word_1_264' title='bbox 694 3013 719 3067; x_wconf 82' lang='lat' dir='ltr'><strong>si</strong></span> <span class='ocrx_word' id='word_1_265' title='bbox 757 3013 782 3067; x_wconf 82' lang='lat' dir='ltr'><strong>is</strong></span> <span class='ocrx_word' id='word_1_266' title='bbox 793 3013 1021 3082; x_wconf 78' lang='lat' dir='ltr'><strong>transpositionis</strong></span> <span class='ocrx_word' id='word_1_267' title='bbox 1031 3029 1067 3067; x_wconf 85' lang='lat' dir='ltr'><strong>m.</strong></span> <span class='ocrx_word' id='word_1_268' title='bbox 1077 3014 1097 3067; x_wconf 81' lang='lat'><strong><em>2</em></strong></span> <span class='ocrx_word' id='word_1_269' title='bbox 1109 3010 1180 3064; x_wconf 81' lang='lat' dir='ltr'><strong>odd.</strong></span> 
     </span>
     <span class='ocr_line' id='line_1_35' title="bbox 205 3078 1180 3149; baseline -0.006 -12"><span class='ocrx_word' id='word_1_270' title='bbox 205 3085 245 3149; x_wconf 88' lang='lat' dir='ltr'><strong>A,</strong></span> <span class='ocrx_word' id='word_1_271' title='bbox 264 3083 383 3149; x_wconf 87' lang='lat' dir='ltr'><strong>quirites</strong></span> <span class='ocrx_word' id='word_1_272' title='bbox 401 3081 561 3136; x_wconf 80' lang='lat' dir='ltr'><strong>adclamata</strong></span> <span class='ocrx_word' id='word_1_273' title='bbox 573 3082 612 3134; x_wconf 73' lang='lat' dir='ltr'><strong>A²</strong></span> <span class='ocrx_word' id='word_1_274' title='bbox 629 3080 698 3134; x_wconf 83' lang='lat' dir='ltr'><strong>Par.</strong></span> <span class='ocrx_word' id='word_1_275' title='bbox 747 3081 817 3149; x_wconf 65' lang='lat' dir='ltr'><strong>olm!</strong></span> <span class='ocrx_word' id='word_1_276' title='bbox 839 3082 870 3133; x_wconf 88' lang='lat'><strong>18</strong></span> <span class='ocrx_word' id='word_1_277' title='bbox 885 3080 983 3135; x_wconf 88' lang='lat' dir='ltr'><strong>licebit</strong></span> <span class='ocrx_word' id='word_1_278' title='bbox 1000 3079 1067 3134; x_wconf 85' lang='lat' dir='ltr'><strong>dett.</strong></span> <span class='ocrx_word' id='word_1_279' title='bbox 1080 3078 1180 3147; x_wconf 79' lang='lat' dir='ltr'><strong>pauci,</strong></span> 
     </span>
     <span class='ocr_line' id='line_1_36' title="bbox 204 3146 1179 3226; baseline -0.006 -21"><span class='ocrx_word' id='word_1_280' title='bbox 204 3151 274 3206; x_wconf 89' lang='lat' dir='ltr'><strong>licet</strong></span> <span class='ocrx_word' id='word_1_281' title='bbox 290 3151 350 3204; x_wconf 91' lang='lat' dir='ltr'><strong>LA</strong></span> <span class='ocrx_word' id='word_1_282' title='bbox 367 3152 377 3219; x_wconf 89' lang='grc'>1</span> <span class='ocrx_word' id='word_1_283' title='bbox 414 3149 503 3203; x_wconf 82' lang='lat' dir='ltr'><strong>oleate</strong></span> <span class='ocrx_word' id='word_1_284' title='bbox 520 3148 560 3203; x_wconf 91' lang='lat' dir='ltr'><strong>A¹</strong></span> <span class='ocrx_word' id='word_1_285' title='bbox 574 3149 587 3226; x_wconf 89' lang='grc'><strong>11</strong></span> <span class='ocrx_word' id='word_1_286' title='bbox 607 3154 649 3225; x_wconf 37' lang='grc'>19,</span> <span class='ocrx_word' id='word_1_287' title='bbox 675 3147 795 3202; x_wconf 75' lang='lat' dir='ltr'><strong>ueresla</strong></span> <span class='ocrx_word' id='word_1_288' title='bbox 812 3150 822 3215; x_wconf 87' lang='lat'>(</span> <span class='ocrx_word' id='word_1_289' title='bbox 849 3151 933 3226; x_wconf 74' lang='lat' dir='ltr'><strong>eras.)</strong></span> <span class='ocrx_word' id='word_1_290' title='bbox 952 3147 1001 3214; x_wconf 71' lang='lat' dir='ltr'><strong>Li!</strong></span> <span class='ocrx_word' id='word_1_291' title='bbox 1018 3154 1049 3200; x_wconf 78' lang='lat'><strong>21</strong></span> <span class='ocrx_word' id='word_1_292' title='bbox 1069 3146 1179 3225; x_wconf 71' lang='lat' dir='ltr'><strong>adliga-</strong></span> 
     </span>
     <span class='ocr_line' id='line_1_37' title="bbox 204 3165 1180 3297; baseline -0.007 -24"><span class='ocrx_word' id='word_1_293' title='bbox 204 3221 265 3274; x_wconf 88' lang='lat' dir='ltr'><strong>tum</strong></span> <span class='ocrx_word' id='word_1_294' title='bbox 283 3218 364 3277; x_wconf 83' lang='lat' dir='ltr'><strong>Par.¹</strong></span> <span class='ocrx_word' id='word_1_295' title='bbox 383 3167 501 3297; x_wconf 49' lang='lat' dir='ltr'><strong>dalmi!</strong></span> <span class='ocrx_word' id='word_1_296' title='bbox 522 3221 554 3270; x_wconf 80' lang='lat'><strong>22</strong></span> <span class='ocrx_word' id='word_1_297' title='bbox 571 3165 674 3282; x_wconf 82' lang='lat' dir='ltr'><strong>mquid</strong></span> <span class='ocrx_word' id='word_1_298' title='bbox 688 3214 726 3268; x_wconf 87' lang='lat' dir='ltr'><strong>L¹</strong></span> <span class='ocrx_word' id='word_1_299' title='bbox 748 3217 758 3284; x_wconf 92' lang='grc'><strong>11</strong></span> <span class='ocrx_word' id='word_1_300' title='bbox 779 3222 812 3293; x_wconf 58' lang='grc'><strong>13</strong></span> <span class='ocrx_word' id='word_1_301' title='bbox 830 3231 856 3268; x_wconf 85' lang='lat' dir='ltr'><strong>ei</strong></span> <span class='ocrx_word' id='word_1_302' title='bbox 874 3217 950 3270; x_wconf 87' lang='lat' dir='ltr'><strong>uires</strong></span> <span class='ocrx_word' id='word_1_303' title='bbox 967 3215 1007 3268; x_wconf 69' lang='lat' dir='ltr'><strong>A²</strong></span> <span class='ocrx_word' id='word_1_304' title='bbox 1021 3215 1099 3280; x_wconf 67' lang='lat' dir='ltr'><strong>Par„</strong></span> <span class='ocrx_word' id='word_1_305' title='bbox 1119 3230 1180 3293; x_wconf 76' lang='lat' dir='ltr'><strong>erus</strong></span> 
     </span>
     <span class='ocr_line' id='line_1_38' title="bbox 204 3282 1180 3353; baseline -0.004 -13"><span class='ocrx_word' id='word_1_306' title='bbox 204 3301 251 3340; x_wconf 84' lang='lat' dir='ltr'><strong>res</strong></span> <span class='ocrx_word' id='word_1_307' title='bbox 268 3285 360 3353; x_wconf 88' lang='lat' dir='ltr'><strong><em>L¹A¹,</em></strong></span> <span class='ocrx_word' id='word_1_308' title='bbox 379 3301 438 3340; x_wconf 85' lang='lat' dir='ltr'><strong>erus</strong></span> <span class='ocrx_word' id='word_1_309' title='bbox 456 3301 530 3338; x_wconf 84' lang='lat' dir='ltr'><strong>uires</strong></span> <span class='ocrx_word' id='word_1_310' title='bbox 548 3283 587 3337; x_wconf 81' lang='lat' dir='ltr'><strong>L³</strong></span> <span class='ocrx_word' id='word_1_311' title='bbox 599 3285 609 3352; x_wconf 92' lang='grc'>1</span> <span class='ocrx_word' id='word_1_312' title='bbox 622 3289 655 3336; x_wconf 79' lang='lat'><strong>24</strong></span> <span class='ocrx_word' id='word_1_313' title='bbox 671 3283 774 3336; x_wconf 88' lang='lat' dir='ltr'><strong>neutra</strong></span> <span class='ocrx_word' id='word_1_314' title='bbox 791 3300 819 3336; x_wconf 92' lang='lat' dir='ltr'><strong>1n</strong></span> <span class='ocrx_word' id='word_1_315' title='bbox 838 3287 920 3350; x_wconf 85' lang='lat' dir='ltr'><strong>parta</strong></span> <span class='ocrx_word' id='word_1_316' title='bbox 938 3282 1011 3349; x_wconf 85' lang='lat' dir='ltr'><strong>LA,</strong></span> <span class='ocrx_word' id='word_1_317' title='bbox 1030 3298 1078 3338; x_wconf 86' lang='lat' dir='ltr'><strong>em.</strong></span> <span class='ocrx_word' id='word_1_318' title='bbox 1097 3282 1180 3336; x_wconf 73' lang='lat' dir='ltr'><strong>Pm-</strong></span> 
     </span>
     <span class='ocr_line' id='line_1_39' title="bbox 205 3349 1180 3420; baseline -0.005 -13"><span class='ocrx_word' id='word_1_319' title='bbox 205 3353 303 3408; x_wconf 77' lang='lat' dir='ltr'><strong>soru&#39;us</strong></span> <span class='ocrx_word' id='word_1_320' title='bbox 315 3354 325 3420; x_wconf 92' lang='grc'><strong>11</strong></span> <span class='ocrx_word' id='word_1_321' title='bbox 338 3359 371 3407; x_wconf 76' lang='lat'><strong>25</strong></span> <span class='ocrx_word' id='word_1_322' title='bbox 388 3352 464 3406; x_wconf 88' lang='lat' dir='ltr'><strong>illari</strong></span> <span class='ocrx_word' id='word_1_323' title='bbox 480 3353 529 3418; x_wconf 78' lang='lat' dir='ltr'><strong>A&#39;,</strong></span> <span class='ocrx_word' id='word_1_324' title='bbox 547 3350 630 3404; x_wconf 80' lang='lat' dir='ltr'><strong>*ilari</strong></span> <span class='ocrx_word' id='word_1_325' title='bbox 648 3351 686 3403; x_wconf 68' lang='lat' dir='ltr'><strong>A²</strong></span> <span class='ocrx_word' id='word_1_326' title='bbox 698 3351 708 3418; x_wconf 95' lang='grc'><strong>11</strong></span> <span class='ocrx_word' id='word_1_327' title='bbox 721 3366 873 3419; x_wconf 82' lang='lat' dir='ltr'><strong>agnoscere</strong></span> <span class='ocrx_word' id='word_1_328' title='bbox 892 3351 957 3404; x_wconf 84' lang='lat' dir='ltr'><strong>dett.</strong></span> <span class='ocrx_word' id='word_1_329' title='bbox 975 3351 1072 3417; x_wconf 79' lang='lat' dir='ltr'><strong>multi,</strong></span> <span class='ocrx_word' id='word_1_330' title='bbox 1092 3349 1180 3403; x_wconf 87' lang='lat' dir='ltr'><strong>adco-</strong></span> 
     </span>
     <span class='ocr_line' id='line_1_40' title="bbox 205 3415 1182 3554; baseline -0.001 -15"><span class='ocrx_word' id='word_1_331' title='bbox 205 3415 1182 3554; x_wconf 47' lang='grc'>11111111*11111111111111(111111111</span> 
     </span>
     <span class='ocr_line' id='line_1_41' title="bbox 206 3501 1181 3624; baseline 0 -16"><span class='ocrx_word' id='word_1_332' title='bbox 206 3551 338 3608; x_wconf 71' lang='lat' dir='ltr'><strong>tationem</strong></span> <span class='ocrx_word' id='word_1_333' title='bbox 356 3525 495 3619; x_wconf 76' lang='lat' dir='ltr'><strong>aicipiene</strong></span> <span class='ocrx_word' id='word_1_334' title='bbox 512 3559 537 3606; x_wconf 83' lang='lat' dir='ltr'><strong>et</strong></span> <span class='ocrx_word' id='word_1_335' title='bbox 554 3502 679 3607; x_wconf 65' lang='grc' dir='ltr'>(11111ίὲ11</span> <span class='ocrx_word' id='word_1_336' title='bbox 693 3524 782 3621; x_wconf 70' lang='lat' dir='ltr'><strong>pissia</strong></span> <span class='ocrx_word' id='word_1_337' title='bbox 800 3552 882 3606; x_wconf 82' lang='lat' dir='ltr'><strong>etiam</strong></span> <span class='ocrx_word' id='word_1_338' title='bbox 906 3555 972 3607; x_wconf 76' lang='lat' dir='ltr'><strong>‘aut</strong></span> <span class='ocrx_word' id='word_1_339' title='bbox 993 3552 1069 3608; x_wconf 84' lang='lat' dir='ltr'><strong>tristi</strong></span> <span class='ocrx_word' id='word_1_340' title='bbox 1087 3501 1181 3624; x_wconf 43' lang='grc' dir='ltr'><strong>ἔξιτ’)</strong></span> 
     </span>
    </p>
   </div>
   <div class='ocr_carea' id='block_1_6' title="bbox 0 0 1312 3952">
    <p class='ocr_par' dir='ltr' id='par_1_9' title="bbox 0 0 1312 3952">
     <span class='ocr_line' id='line_1_42' title="bbox 0 0 1312 3952; baseline 0 0"><span class='ocrx_word' id='word_1_341' title='bbox 0 0 1312 3952; x_wconf 95' lang='lat' dir='ltr'><strong> </strong></span> 
     </span>
    </p>
   </div>
  </div>
 </body>
</html>
