2604 3960
352 145 430 202 car.
447 146 473 214 1,
492 150 507 211 s
522 152 628 202 10-11.
657 146 721 207 uxr.
738 147 841 208 §1-2.
1020 149 1084 214 223

112 299 228 364 Persas
252 298 372 382 capital
398 298 572 380 extitisset,
602 298 718 364 solium
745 300 870 384 regium
899 321 1082 384 occupasse.

113 384 191 468 quid
213 404 289 468 ergo
311 383 426 448 mirum
450 387 514 466 ert,
537 384 565 447 si
586 385 645 448 sub
668 404 705 448 eo
728 384 807 448 duce
822 388 873 450 tot
893 386 986 449 annis
1001 385 1084 450 mili-

112 473 184 532 tare
205 467 381 533 iucundum
402 465 578 550 ducebant,
601 469 653 533 cui
674 469 815 616 gregarii
829 468 942 533 militis
962 469 1084 534 incolu-

113 553 209 617 mitas
231 551 360 637 proprio
382 551 515 636 fastigio
540 555 643 618 carior
665 557 734 618 erat
786 553 870 617 idem
893 574 961 617 non
982 553 1084 618 homi-

112 659 192 702 num
221 637 292 714 ulli,
323 635 379 702 sed
406 641 541 702 naturae
568 637 781 722 fortunaeque
809 637 940 718 cedens,
974 655 1110 722 qnam-s

113 743 211 806 quam
233 720 390 786 uiolentia
410 722 515 786 morbi
529 717 742 800 dilabebatur,
767 723 802 786 in
817 721 958 786 cubitum
973 727 1085 788 tamen

113 809 239 872 erectus
261 805 424 870 dextmam
448 807 611 884 omnibus,
640 809 694 891 qui
717 828 787 870 eam
809 807 997 892 contingere
1018 807 1084 870 uel·

112 893 197 968 lent,
220 890 373 973 porrexit.
397 891 469 973 quis
485 894 592 956 autem
606 892 696 956 illam
712 891 847 956 osculari
862 911 929 956 non
943 895 1083 976 cuperet,

113 997 196 1060 quae
218 973 371 1038 iamfato
398 995 550 1058 oppressa
571 976 702 1041 maximi
730 976 886 1042 exercitus
915 975 1085 1062 conplexui

111 1059 315 1125 humanitate
338 1080 434 1144 quam
457 1059 572 1143 spiritu
593 1061 733 1125 uiuidior
755 1061 903 1125 suffecit?
1097 1082 1123 1122 ιο

176 1143 207 1208 2.
244 1141 321 1208 Non
342 1149 410 1208 tam
436 1145 562 1209 robusti
588 1146 716 1231 generis
744 1144 946 1228 humanitas,
975 1144 1030 1210 red
1053 1147 1085 1209 et

110 1230 184 1314 ipsa
198 1233 307 1292 tamen
322 1229 476 1293 memoria
496 1230 719 1314 prosequenda
733 1228 894 1296 Pisistrati
906 1227 1083 1294 Athenien·

11 1339 18 1368 ν
112 1315 197 1378 sium
220 1313 352 1396 tyranni
373 1315 566 1377 narrabitur.
611 1315 682 1398 qui,
709 1335 782 1380 cum
804 1314 992 1378 adulescens
1015 1315 1085 1400 qui·

113 1401 189 1462 dam
210 1419 320 1462 amore
340 1397 427 1460 filiae
456 1398 523 1462 eius
551 1397 689 1482 uirginis
717 1420 870 1463 accensus
896 1399 931 1463 in
954 1398 1083 1482 publico

113 1483 243 1547 obuiam
265 1480 327 1546 sibi
354 1480 474 1546 factam
496 1483 658 1547 osculatus
681 1486 781 1565 esset,
813 1482 963 1546 hortante
985 1504 1083 1547 uxore
1097 1496 1123 1538 1⁵

112 1571 152 1631 ut
173 1567 214 1630 ab
237 1587 274 1630 eo
296 1565 435 1650 capitale
457 1567 651 1651 supplicium
673 1571 813 1632 sumeret
834 1566 1014 1650 respondit,
1038 1567 1086 1631 ‘si

113 1672 179 1730 eos,
203 1653 339 1735 quinos
362 1655 481 1730 amant,
505 1652 743 1730 interficiemus,
766 1651 844 1735 quid
859 1652 904 1715 eis
919 1649 1086 1736 faciemus,

113 1735 233 1820 quibus
256 1734 328 1799 odio
345 1740 493 1800 sumus’?
515 1737 646 1801 minime
662 1736 760 1822 digna
782 1757 846 1800 uox
862 1735 913 1799 cui
929 1735 1086 1799 adiciatur

113 1842 186 1885 eam
218 1841 256 1884 ex
283 1820 414 1903 tyranni
441 1840 495 1884 ore
526 1821 579 1906 [de
608 1821 822 1904 humanitate]
851 1841 1006 1884 manasse.
1050 1821 1086 1884 in

111 1905 199 1970 hunc
222 1905 351 1968 modum
373 1904 458 1968 filiae
480 1905 633 1971 iniuriam
648 1906 732 1988 tulit,
755 1927 846 1970 suam
860 1905 963 1970 multo
977 1903 1083 1969 lauda·
1097 1917 1124 1958 20
1161 1951 1164 1956 ,

112 1989 220 2053 bilius.
266 2011 285 2052 a
312 1986 494 2074 Thrasippo
522 1992 625 2056 amico
657 1991 743 2055 inter
776 2011 888 2054 cenam
921 1990 990 2054 sine
1020 1989 1084 2054 fine

114 2074 261 2140 conuicio
291 2071 448 2138 laceratus
475 2075 522 2138 ita
551 2079 583 2140 et
610 2075 752 2140 animum
781 2079 813 2139 ct
835 2095 947 2139 uocem
968 2075 1009 2139 ab
1036 2075 1085 2138 ira

12 2177 19 2200 ⁴
112 2158 267 2238 cohibuit,
290 2163 327 2222 ut
341 2162 470 2241 putares
487 2160 657 2225 satellitem
672 2183 693 2226 a
708 2163 849 2244 tyranno
865 2160 948 2222 male
964 2158 1084 2224 audire.

112 2243 287 2308 abeuntem
309 2263 451 2326 quoque,
474 2245 597 2310 ueritus
619 2266 660 2308 ne
683 2247 816 2328 propter
838 2247 960 2308 metum
982 2246 1084 2307 matu·

111 2330 179 2392 rius
207 2349 241 2392 se
269 2327 420 2391 conuiuio
454 2328 673 2411 subtraheret,
707 2329 901 2393 inuitatione
931 2328 1122 2394 familiarius

111 2413 220 2496 coepit
245 2412 395 2476 retinere.
440 2411 637 2497 Thrasippus
666 2413 847 2478 concitatae
874 2412 1084 2477 temulentiae

110 2499 236 2581 impetu
258 2500 387 2562 euectus
410 2517 445 2561 os
468 2498 536 2562 eius
558 2502 653 2582 sputo
671 2496 824 2580 respersit
845 2519 904 2561 nec
919 2501 1028 2562 tamen
1050 2498 1084 2561 in

110 2582 289 2646 uindictam
312 2582 362 2646 sui
383 2582 486 2647 ualuit
504 2582 686 2648 accendere.
717 2581 772 2646 ille
793 2603 870 2646 uero
887 2581 984 2646 etiam
999 2581 1084 2646 filios

181 2791 196 2838 3
218 2782 395 2838 incolomitas
414 2783 483 2838 LA¹
508 2785 518 2853 ΙΙ
543 2791 558 2838 5
580 2784 622 2837 illi
639 2785 677 2836 Α1
702 2784 712 2853 ΙΙ
736 2789 751 2838 8
774 2797 808 2837 cu
830 2784 891 2836 eret
907 2783 1084 2848 Perizonius,

110 2855 239 2906 curreret
261 2851 324 2905 LA
344 2851 445 2920 Halm,
475 2853 587 2906 curaret
608 2850 708 2906 Aldus.
745 2849 780 2918 cf.
804 2799 1045 2906 deutscb1122
1069 2851 1081 2920 Η

111 2927 128 2974 9
148 2919 232 2972 tarto
256 2921 281 2986 (c
300 2925 379 2984 cras.)
399 2919 426 2973 L
450 2919 460 2988 ΙΙ
486 2925 516 2973 10
534 2919 674 2973 uiuidiore
692 2918 751 2973 LA
772 2919 870 2984 Halm,
894 2934 942 2972 cm.
960 2917 1085 2987 Moduip

110 2986 153 3040 ΙΙ
166 2988 219 3038 323
231 2986 241 3051 ΙΙ
253 2983 357 3039 sufficit
373 2988 434 3056 21²ss
449 2994 479 3040 12
497 2988 560 3057 *psi
578 2987 660 3042 strati
689 2987 700 3039 i
717 3003 787 3044 erus.
806 2985 878 3054 uid.)
896 2985 950 3054 Al
970 2991 1001 3039 15
1018 2984 1083 3038 hor-

109 3053 192 3108 tante
211 3054 237 3118 (e
256 3054 336 3116 corr.)
348 3053 376 3105 L
386 3056 442 3175 pto
461 3056 614 3135 respondet
625 3055 664 3109 Α1
700 3057 739 3108 eis
752 3057 830 3119 Par,
848 3053 891 3108 his
907 3053 966 3107 LA
979 3055 989 3120 l
1003 3057 1034 3108 19
1048 3053 1083 3105 de

110 3119 289 3175 humanitate
308 3135 368 3174 cum
414 3121 487 3190 iptio
504 3123 620 3189 inclusi,
644 3124 673 3176 et
689 3122 866 3176 immanitate
884 3121 1015 3193 Lipsius,
1032 3119 1083 3174 hu·

13 3223 18 3234 ι
110 3187 279 3243 manitatem
296 3187 342 3240 uel
359 3188 428 3242 dicti
445 3189 649 3244 humanitatem
664 3191 833 3246 Perizonius
855 3190 866 3257 ΙΙ
890 3196 923 3242 20
940 3189 992 3242 tuli
1009 3189 1048 3243 L¹
1069 3189 1073 3257 Ι

110 3264 143 3310 21
164 3272 281 3310 caenam
300 3255 361 3310 LA
381 3257 391 3326 ΙΙ
412 3263 444 3310 22
463 3259 586 3312 conuitio
605 3258 684 3312 L²A¹
707 3258 717 3326 l
738 3258 884 3312 lacessitus
901 3256 982 3323 Pur,
999 3261 1030 3311 ut
1047 3272 1083 3311 c.

111 3324 191 3378 IIII
204 3327 236 3385 4,
254 3329 288 3377 11
308 3329 333 3378 ct
350 3329 375 3387 7,
394 3327 426 3390 3;
448 3323 493 3378 VI
506 3329 523 3380 3
541 3328 689 3394 eut.1l23
707 3343 724 3379 a
741 3341 792 3380 om.
810 3325 879 3380 LA¹
891 3326 902 3394 ΙΙ
914 3329 1035 3393 tyranno
1054 3329 1082 3391 (o

111 3407 180 3446 corr.
199 3408 233 3447 eu
250 3393 270 3460 i)
289 3390 317 3444 L
339 3395 350 3461 l
374 3398 406 3446 26
427 3392 570 3462 trasippus
591 3394 616 3451 b.
636 3395 654 3450 l.
673 3395 700 3447 A
724 3394 734 3462 ΙΙ
758 3399 790 3448 27
816 3396 930 3447 euectus
949 3393 987 3446 L²
1007 3392 1082 3459 deu,

112 3461 186 3581 puppi
200 3461 300 3527 probat
319 3459 433 3526 deust,
456 3465 557 3515 euectu
575 3461 665 3522 L¹A¹,
691 3461 780 3516 eiecto
798 3463 845 3528 A',
870 3461 978 3516 euictus
995 3461 1083 3516 Halm

113 3543 127 3581 e
172 3545 214 3581 ur.
