2606 3958
234 144 298 228 372
490 191 492 196 ,
646 139 713 198 LIB,
733 139 805 201 VIII.

235 292 337 360 Caelii
359 292 504 357 dicerent
525 292 693 377 splendido
709 291 903 358 Tarracinae
925 293 997 358 loco
1023 295 1115 380 nati,
1138 319 1204 381 quo·

233 399 304 441 rum
337 381 429 461 pater
456 376 492 441 Τ.
515 376 643 443 Caelius
671 377 883 448 incubiculo
912 378 1105 461 quiescens,
1141 383 1204 446 filiis

233 463 336 526 altero
357 462 549 527 cubantibus
571 461 656 526 lecto
679 466 748 526 erat
769 462 998 546 interemptus,
1022 473 1203 549 nequeant

235 569 347 612 seruus
369 548 536 632 quisquam
558 549 616 611 aut
637 546 719 610 liber
740 547 956 629 inueniretur,
980 548 1021 610 ad
1039 571 1140 633 quern
1162 574 1204 615 su·

209 632 337 715 espicio
366 632 472 696 caedis
499 632 691 714 pertineret,
724 630 787 696 hoc
813 653 879 696 uno
908 632 1042 697 nomine
1070 633 1205 699 absoluti

236 721 330 800 sunt,
352 719 429 800 quia
450 715 609 781 iudicibus
631 715 764 799 planum
784 714 907 780 factum
931 720 979 782 est
1000 717 1077 782 illos
1102 725 1207 802 aperto

235 803 318 866 ostio
352 802 505 865 inuentos
534 821 602 864 erse
634 800 841 866 dormientes.
893 821 1026 866 somnus
1056 802 1207 868 innoxiae

236 886 419 950 securitatis
436 886 633 950 certissimus
648 884 746 949 index
760 885 886 950 miseris
902 906 996 968 opem
1011 886 1108 951 tulit:
1133 889 1208 953 iudi·

238 974 341 1035 catum
377 975 426 1035 est
455 971 540 1034 enim
573 991 680 1034 rerum
713 973 864 1034 naturam
897 991 964 1033 non
997 971 1148 1055 recipere
1177 977 1209 1036 ut

198 1074 223 1116 ro
237 1055 342 1120 occiso
364 1057 457 1139 patre
480 1075 577 1138 supra
598 1054 734 1118 uulnera
756 1058 789 1118 et
809 1074 956 1119 cruorem
976 1055 1046 1119 eius
1069 1058 1209 1140 quietem

236 1160 348 1222 capere
370 1139 549 1222 potuerint.

299 1223 424 1289 Dama.
459 1225 486 1288 1.
510 1222 736 1288 Percurremus
758 1243 844 1286 nunc
860 1243 930 1304 eos,
953 1223 1073 1306 quibus
1089 1223 1127 1290 in
1143 1247 1211 1291 cau·

237 1329 290 1372 sae
326 1308 466 1372 dictione
496 1309 600 1392 magis
628 1328 709 1404 quae
737 1310 827 1371 extra
861 1307 1088 1391 quaestionem
1120 1315 1212 1374 erant

236 1396 417 1458 nocuerunt
439 1414 535 1477 quam
558 1414 616 1456 sua
638 1391 825 1456 innocentia
847 1413 941 1476 opem
963 1392 1048 1456 tulit.
1088 1391 1129 1458 L.
1147 1395 1211 1460 Sci-

199 1494 224 1535 15
237 1478 292 1561 pio
305 1480 379 1561 post
394 1477 666 1561 speciosissimum
681 1476 884 1560 triumphum
899 1475 938 1541 de
952 1497 1029 1561 rege
1043 1479 1211 1545 Antiocho

238 1564 381 1644 ductum,
402 1561 536 1646 perinde
552 1583 589 1626 ac
604 1561 776 1645 pecuniam
791 1562 831 1625 ab
847 1581 885 1625 eo
908 1561 1098 1645 accepisset,
1122 1563 1211 1628 dam-

236 1652 332 1712 natus
355 1651 413 1712 est.
451 1668 527 1728 non,
549 1649 641 1729 puto,
665 1645 751 1729 quod
772 1645 877 1728 pretio
900 1649 1071 1730 corruptus
1094 1647 1212 1730 fuerat,

236 1735 273 1796 ut
305 1733 397 1797 illum
428 1732 528 1796 totius
558 1732 656 1795 Asiae
695 1730 863 1795 dominum
896 1733 928 1795 et
961 1731 1026 1794 iam
1057 1729 1213 1816 Europae
1281 1783 1291 1814 ,

236 1817 386 1882 uictrices
415 1837 528 1880 manne
557 1816 744 1881 inicientem
772 1815 859 1879 ultra
892 1813 1033 1879 Taurum
1065 1823 1213 1882 montem
1287 1829 1293 1900 1

199 1917 224 1957 ²⁰
238 1903 461 1966 summoueret.
507 1900 562 1964 sed
590 1905 619 1965 et
646 1899 767 1984 alioqui
790 1900 840 1963 uir
861 1899 1098 1965 sincerissimae
1122 1902 1211 1966 uitae

239 1989 271 2050 et
294 1986 334 2050 ab
356 1982 416 2050 hac
439 1984 621 2067 suspicione
636 1985 750 2068 procul
772 1987 922 2063 remotus,
946 1984 1099 2063 inuidiae,
1125 2007 1209 2070 quae

238 2075 318 2133 tunc
339 2069 375 2132 in
390 2071 527 2132 duorum
548 2068 684 2132 fratrum
700 2068 830 2152 inclytis
846 2069 1095 2155 cognominibus
1118 2069 1212 2136 habi·

239 2152 347 2233 tabat,
370 2153 518 2216 resistere
539 2173 607 2216 non
629 2155 743 2235 potnit.

302 2237 332 2300 2.
358 2237 404 2300 Ac
427 2235 573 2319 Scipioni
591 2237 721 2322 quidem
741 2237 898 2302 maximus
913 2237 1063 2302 fortunae
1086 2237 1210 2324 fulgor,
1294 2261 1295 2270 ¹

200 2336 226 2376 2⁵
241 2320 276 2386 O.
300 2324 406 2384 autem
435 2319 580 2386 Deciano
617 2325 780 2407 spectatae
813 2322 1011 2407 integritatis
1040 2323 1110 2386 uiro
1144 2345 1213 2388 uox

240 2428 297 2470 sua
319 2406 453 2470 exitium
476 2407 601 2471 attulit:
624 2428 701 2470 nam
717 2427 788 2471 cum
811 2406 846 2471 P.
862 2406 996 2471 Furium
1017 2406 1214 2491 inquinatis·

239 2490 339 2555 simae
361 2493 447 2556 uitae
477 2512 536 2575 pro
559 2492 672 2556 rostris
694 2495 874 2571 accusaret,
903 2492 978 2576 quia
1008 2494 1146 2575 quadam
1174 2493 1212 2556 in

239 2580 331 2660 parte
347 2577 484 2641 actionis
507 2576 545 2641 de
565 2581 668 2641 morte
690 2576 726 2641 L.
742 2575 910 2641 Saturnini
926 2577 1017 2660 queri
1030 2598 1127 2641 ansus
1143 2576 1213 2640 fue·

309 2784 323 2832 1
343 2779 426 2833 caelii
441 2779 469 2832 u.
482 2778 500 2834 l.
518 2778 578 2832 LA
594 2780 718 2900 Panlq2
735 2778 767 2833 Τ.
799 2778 867 2832 titus
880 2778 949 2846 LA,
966 2793 1019 2834 om.
1036 2779 1107 2834 Par.
1121 2778 1131 2846 1
1145 2793 1210 2832 coe·

240 2847 365 2900 liusLA
376 2847 446 2901 Par.
460 2846 499 2914 113
515 2846 545 2898 in
564 2848 653 2900 altero
693 2863 734 2900 ar.
779 2847 847 2912 alm,
866 2851 896 2900 at
913 2862 942 2900 a.
956 2862 986 2913 p.
1004 2849 1115 2912 78‚2r‚·
1131 2844 1213 2900 Suet.

240 2916 313 2993 qu.
331 2917 377 2978 43,
398 2914 441 2968 Ni
481 2914 564 2983 arey
581 2915 620 2992 ud
638 2915 703 2968 Tac.
723 2930 789 2968 arm.
801 2914 861 2968 III
874 2917 908 2968 61
921 2915 1132 2983 {lintercmptue
1163 2913 1213 2968 scd

240 2981 398 3060 pandunt..)
452 2983 495 3102 qt
514 2981 606 3036 hoetro
625 2982 711 3061 LAjl
730 2987 762 3036 14
779 2983 828 3036 sud
846 2982 900 3048 Αἱ,
918 2995 972 3036 su*
990 2983 1032 3050 (m
1050 2984 1130 3049 eran)
1197 2981 1212 3051 11

241 3051 433 3103 1nnocentram
481 3048 533 3102 1Α.1
546 3050 557 3117 11
573 3057 602 3104 lo
620 3049 752 3103 anthroco
770 3048 819 3116 Lu
834 3054 865 3102 17
884 3052 934 3103 est.
953 3065 1023 3115 non,
1041 3051 1126 3117 puto,
1144 3064 1210 3118 pre·

241 3118 281 3170 tio
301 3118 365 3186 (det.
403 3116 471 3184 uod)
492 3116 592 3172 Gcltte
606 3133 634 3186 p.
653 3121 700 3183 34,
730 3117 959 3187 Wastyp.14;
983 3133 1032 3173 aas
1049 3131 1106 3170 non
1123 3114 1208 3172 ualde

241 3189 358 3253 suspect.
410 3183 555 3240 berhardus
572 3200 605 3253 p.
627 3188 680 3239 164
702 3185 809 3243 dolend.
831 3186 995 3240 censuimus.
1022 3201 1050 3243 a.
1073 3184 1210 3241 Flecteris.

241 3253 518 3375 qrcrpn1826,1p153p
530 3253 654 3398 quodam
670 3253 763 3322 pretio
785 3253 856 3307 caat.
877 3253 983 3308 Gertz*
1030 3258 1060 3307 18
1078 3255 1121 3322 ut]
1146 3271 1212 3308 cum

241 3334 292 3438 orii.
312 3336 371 3439 dir
389 3387 476 3442 Halm
489 3389 499 3457 11
512 3387 600 3457 aliqui
622 3388 660 3442 11¹
696 3390 773 3510 11124
790 3388 930 3442 maximus
952 3388 1024 3442 Μ’
1046 3389 1111 3445 dett.
1129 3403 1213 3454 orna,

241 3455 397 3527 maximae,
424 3461 457 3507 ut
477 3455 553 3521 uia„
576 3457 628 3521 ΑΙ,
653 3471 705 3524 quo
745 3457 846 3523 probat
864 3457 951 3510 Halm
972 3458 981 3524 1
1003 3463 1036 3510 25
1057 3472 1113 3511 nox
1138 3458 1178 3511 Αι
1198 3459 1212 3527 11

242 3523 275 3569 28
293 3519 404 3570 actrone
423 3521 450 3570 L
468 3525 493 3572 et
510 3521 550 3574 sic
567 3525 604 3574 Α1
618 3525 628 3591 11
642 3523 741 3590 quaeri
758 3524 795 3575 A¹

571 3327 604 3375 20
633 3321 663 3375 et
708 3325 748 3376 ost
771 3320 821 3376 sed
849 3320 916 3377 add.
942 3321 981 3374 M
1015 3321 1065 3390 atq
1091 3321 1133 3375 II
1150 3326 1213 3388 330,

1292 2209 1295 2242 l
