2604 3960
209 149 272 212 212
627 147 693 206 nra,
714 149 774 202 1111.

209 319 402 382 quemquam
425 299 606 366 debitorum
629 321 760 365 suorum
781 323 884 385 neque
907 303 945 366 de
959 324 1057 367 usura
1074 307 1190 389 appel·

208 382 269 446 lari
291 405 311 446 a
332 383 398 447 suis
420 407 535 470 passus
557 389 616 466 est,
631 389 850 471 quantumque
864 388 899 450 in
915 388 984 470 ipso
998 387 1070 470 fuit,
1094 411 1188 454 ama-

208 466 382 532 ritudinem
404 471 551 555 publicae
572 471 768 535 confusionis
790 472 919 555 priuata
944 474 1187 556 tranquillitate

207 551 387 637 mitiganit,
411 559 591 639 opportune
612 555 811 639 mirificeque
832 559 969 621 testatus
983 578 1016 622 se
1032 581 1187 624 nummo·

179 657 278 701 erum
296 658 437 719 suorum,
459 661 527 705 non
543 640 647 704 ciuilis
662 641 829 725 sanguinis
844 663 914 705 esse
928 641 1187 708 faeneratorem:

205 744 283 786 nam
310 724 366 805 qui
395 745 482 788 nunc
510 727 682 808 praecipue
711 727 932 808 negotiatione
966 726 1186 810 delectantur,

205 827 279 871 cum
306 810 476 889 pecuniam
503 809 632 873 domum
661 813 825 874 cruentam
852 810 1048 891 retulerunt,
1082 834 1188 896 quam

205 892 411 975 inprobando
433 893 554 976 gaudio
570 894 716 958 exultent
730 897 939 1042 cognoscent,
962 897 990 960 si
1006 895 1187 983 diligenter

206 980 337 1040 senatus
361 979 562 1060 consultum,
585 999 648 1062 quo
667 977 764 1044 Consi
789 980 796 992 “

168 1060 315 1144 relegere
337 1082 404 1127 non
427 1061 633 1128 fastidierint.

799 981 956 1065 cgratiac
978 983 1069 1044 actae
1093 987 1184 1062 sunt,
1278 1009 1279 1030 ¹

267 1144 299 1209 4.
336 1144 434 1219 Queri
459 1168 587 1213 mecum
609 1148 674 1211 iam
701 1145 820 1212 dudum
847 1148 984 1231 populus
1011 1147 1181 1215 Romanus
1278 1159 1279 1198 i

204 1227 346 1310 uidetur,
370 1230 472 1313 quod,
502 1253 574 1296 cum
598 1230 801 1315 singulorum
822 1233 1078 1298 munificentiam
1101 1255 1184 1299 con·

204 1317 318 1390 secter,
347 1315 386 1378 de
407 1336 465 1379 sua
485 1320 625 1380 taceam:
655 1317 694 1379 ad
717 1337 873 1380 summam
901 1317 987 1381 enim
1018 1317 1086 1382 eius
1110 1319 1180 1383 lau-

204 1396 277 1461 dem
303 1399 443 1482 pertinet
471 1420 566 1483 quem
594 1401 737 1464 animum
765 1402 895 1485 regibus
924 1404 958 1465 et
984 1401 1120 1466 urbibus
1149 1407 1185 1468 et
1278 1403 1279 1472 ἶ

166 1505 192 1546 15
202 1483 355 1630 gentibus
371 1485 568 1568 praestiterit
581 1487 782 1582 recognosci
805 1486 889 1569 quod
904 1507 998 1550 omne
1021 1487 1181 1570 praeclari
1278 1489 1279 1506 l

218 1567 281 1632 acti
310 1568 406 1633 decus
433 1570 545 1634 crebra
569 1591 723 1633 memorre
755 1592 791 1634 1n
825 1591 860 1633 se
893 1571 964 1654 ipso
998 1572 1180 1638 reuirescit.
1278 1581 1279 1612 ¹

204 1653 317 1718 Asiam
339 1652 424 1718 bello
445 1659 574 1738 captam
588 1655 701 1718 Attalo
723 1655 793 1738 regi
814 1655 956 1718 muneris
980 1654 1054 1720 loco
1075 1658 1180 1739 possi-

204 1736 342 1801 dendam
364 1738 511 1818 tradidit,
534 1759 572 1803 ec
595 1738 749 1803 excelsius
772 1743 805 1802 et
825 1740 1000 1822 speciosius
1022 1740 1095 1806 urbi
1118 1761 1180 1805 no·
1278 1763 1279 1774 ³

204 1824 289 1885 strae
310 1820 456 1886 futurum
477 1823 650 1906 imperium
664 1823 807 1901 credens,
834 1824 860 1887 si
877 1823 1067 1888 ditissimam
1082 1829 1180 1909 atque
1278 1837 1279 1846 ³

165 1929 191 1968 ac
204 1906 462 1970 amoenissimam
493 1911 617 1989 partem
648 1911 805 1971 terrarum
835 1909 921 1972 orbis
953 1910 988 1973 in
1022 1908 1180 1974 beneficio
1278 1973 1279 2000 p

204 2011 301 2074 quam
323 1992 358 2053 in
380 1990 488 2054 fructu
511 2011 569 2054 suo
592 2011 748 2075 reponere
772 1993 944 2057 maluisset.
981 1993 1053 2077 ipsa
1075 1996 1178 2058 uicto·
1278 2001 1279 2020 ¹

203 2075 252 2137 ria
285 2073 405 2138 donum
436 2074 577 2157 felicius,
611 2077 687 2158 quia
718 2077 854 2141 multum
889 2098 1062 2162 occupasse
1092 2080 1179 2142 inui-

204 2157 289 2221 diam
317 2156 436 2222 habere
460 2159 584 2242 potuit,
610 2163 737 2225 tantum
758 2160 909 2226 tribuisse
939 2161 1044 2246 gloria
1070 2183 1178 2228 carere

209 2263 275 2306 non
322 2242 414 2306 otuit.

168 2349 198 2390 rs.
270 2263 319 2392 dp
342 2325 431 2391 Illius
464 2347 540 2392 uero
572 2327 737 2392 Romanae
770 2329 974 2394 liberalitatis
1009 2331 1176 2397 caelestem

206 2411 355 2494 spiritum
376 2411 485 2476 nullae
512 2412 640 2477 litterae
663 2414 741 2478 satis
764 2413 872 2498 dignis
893 2414 1041 2480 laudibus
1066 2437 1176 2500 prose-

204 2500 360 2578 quentur:
386 2495 538 2581 Philippo
567 2497 654 2563 enim
676 2497 883 2562 Macedoniae
910 2521 986 2583 rega
1015 2506 1175 2585 superato,

205 2601 278 2644 cum
300 2581 339 2644 ad
358 2580 549 2645 Isthmicum
571 2583 791 2666 spectaculum
813 2586 883 2647 tota
905 2583 1041 2649 Graecia
1063 2606 1177 2650 conue-

204 2665 321 2749 nisset,
344 2663 380 2734 Τ.
405 2663 557 2741 Quintius
580 2666 783 2731 Flamininus
804 2667 902 2732 tubae
925 2668 1019 2753 signo
1046 2670 1176 2735 silentio

166 2750 291 2814 refecto
337 2772 371 2814 er
392 2772 585 2834 praeconem
607 2752 688 2816 haec
710 2754 810 2817 uerba
831 2752 960 2817 recitari
982 2753 1092 2820 iussit:
1127 2755 1175 2821 Ἣ.

206 2834 243 2899 Ρ.
261 2834 299 2909 Q.
313 2773 354 2898 lt
377 2839 411 2900 et
425 2834 462 2899 Τ.
479 2835 629 2910 Quintius
645 2835 846 2900 Flamininus
868 2836 1044 2921 imperator
1066 2861 1178 2905 omnes

273 2991 289 3037 2
307 3002 391 3054 pasus
404 2985 431 3038 L
443 2987 453 3053 l
466 2991 482 3038 ὅ
496 2984 657 3039 feneratore
669 2986 696 3039 L
708 2987 718 3052 ΙΙ
731 2991 747 3039 6
764 2987 952 3057 negotiationi
964 2989 1024 3043 LA
1036 2990 1047 3059 {l
1060 2995 1075 3043 'l
1088 2991 1178 3044 rettu-

204 3052 300 3107 lerunt
316 3052 403 3106 Halm
427 3053 437 3120 ΙΙ
461 3057 477 3106 8
495 3051 589 3121 gladio
607 3053 646 3106 Α1
669 3054 680 3121 ΙΙ
705 3059 735 3107 11
756 3052 859 3119 Quaeri
875 3056 914 3108 Α1
935 3058 945 3125 ΙΙ
970 3063 1002 3111 15
1019 3058 1178 3136 praeclari*
1278 3061 1279 3066 ’

205 3119 264 3175 LA
276 3121 287 3200 l
299 3125 331 3173 22
349 3119 418 3188 quia
432 3119 459 3172 L
478 3125 503 3173 et
520 3120 585 3178 dett.
602 3121 754 3198 maioma„
772 3123 840 3190 qrim
859 3123 888 3192 (i.
907 3141 928 3182 c.
947 3140 1081 3193 quomam
1099 3142 1168 3180 corr.

204 3192 237 3240 ut
253 3187 325 3252 aad,
343 3203 377 3241 aa
395 3189 491 3255 qnam)
509 3185 564 3256 Al
585 3193 618 3242 23
636 3187 756 3242 trrbusee
776 3193 808 3257 (u
826 3207 887 3244 com
905 3191 1004 3257 litora)
1023 3193 1069 3260 L¹‚
1089 3168 1178 3248 tribui

206 3271 235 3307 se
253 3254 308 3322 A¹l
327 3259 360 3307 24
377 3270 434 3308 non
451 3255 520 3335 onst
535 3270 558 3313 s.
575 3255 593 3309 l.
613 3254 640 3308 L
656 3255 666 3323 ll
684 3261 716 3310 26
734 3271 803 3310 uero
821 3257 848 3310 L
865 3275 961 3329 margo
977 3261 1018 3329 A,
1042 3277 1093 3315 uer
1128 3262 1176 3326 Αἱ,

205 3337 273 3398 uere
319 3320 496 3398 ²flaceleste
517 3321 556 3398 L,
576 3322 723 3401 scelestam
740 3324 779 3400 4¹
798 3326 808 3394 ll
827 3330 859 3378 27
877 3326 1063 3408 macedonum
1109 3331 1175 3398 call

205 3387 505 3530 aereae
523 3389 666 3534 uer
682 3390 1178 3534 aurariae-rr

207 3526 238 3577 31
258 3524 400 3586 quinctius
418 3472 643 3588 Laudemrnus
693 3525 731 3579 Α1
