2604 3960
384 147 461 206 cnr.
481 148 508 218 1,
527 146 590 203 Ext.
608 151 623 214 s
642 152 718 203 a-a.
742 147 784 215 ΙΙ,
803 152 818 214 s
838 155 861 203 1.
1043 149 1105 216 227

134 322 211 366 nam
234 304 270 366 ut
291 299 466 385 optabilius
480 301 644 450 infqatria
668 299 714 365 ita
736 300 911 385 speciosius
925 323 984 385 pro
1000 302 1106 386 patria

133 385 306 469 conlapsae
329 385 469 469 supremi
497 408 516 451 ο
554 386 596 450 cii
619 383 715 451 decus
741 387 777 450 in
793 385 931 451 elicitate
954 388 1106 452 amissum

133 471 257 536 uirtute
280 471 502 556 recuperastis.

452 638 493 703 ΙΙ.
532 638 591 704 ΒΕ
615 637 783 707 GRATIS.

200 757 316 822 Gratas
337 777 413 821 uero
435 757 537 821 animi
552 757 807 842 significationes
828 761 861 821 et
874 757 1003 842 ingrata
1018 756 1131 821 factas

134 841 233 906 libuit
255 841 355 906 oculis
377 840 534 924 subicere,
557 845 594 906 ut
608 843 689 905 uitio
704 863 741 906 ac
756 841 870 907 uirtuti
884 841 970 906 iusta
984 861 1105 906 merces

134 925 368 992 aestimationis
389 925 461 1009 ipsa
483 929 723 1010 comparatione
745 927 918 990 accederet.
953 925 1009 990 sed
1026 947 1106 1009 quo·

132 1012 223 1075 niam
252 1011 415 1075 contrario
442 1011 609 1094 proposito
637 1031 706 1075 sese
735 1011 966 1090 distinxerunt,
994 1014 1105 1075 nostro

134 1115 263 1180 quoque
285 1095 360 1159 stilo
377 1098 574 1179 separentur,
599 1095 803 1180 prioremque
818 1095 922 1160 locum
938 1095 1107 1159 obtineant

133 1201 217 1265 quae
240 1179 366 1244 laudem
388 1200 485 1263 quam
512 1200 593 1327 qpae
620 1180 903 1263 reprehensionem
932 1184 1144 1245 merentur.1c
1173 1203 1177 1210 ·

202 1268 231 1328 1.
255 1266 363 1348 Atque
379 1268 415 1328 ut
437 1285 455 1327 a
477 1285 521 1348 pu
545 1263 615 1328 licis
637 1265 717 1329 actis
740 1264 857 1345 ordiar,
880 1264 1037 1329 Marcium
1052 1286 1106 1348 pa·

133 1350 216 1413 triae
237 1373 255 1413 s
275 1373 293 1413 s
316 1352 485 1412 conantem
514 1347 703 1432 admotoque
731 1349 835 1432 portis
865 1349 953 1413 urbis
980 1351 1107 1434 ingenti

134 1431 329 1498 Volscorum
351 1434 493 1498 exercitu
519 1432 616 1497 funus
638 1454 675 1498 ac
702 1434 852 1497 tenebras
874 1432 1020 1497 Romano
1049 1434 1106 1497 im·

157 1518 224 1582 erio
247 1518 424 1581 minantem
440 1516 575 1582 Veturia
595 1522 697 1582 mater
719 1521 752 1581 et
766 1515 942 1581 Volumnia
957 1538 1036 1581 uxor
1051 1539 1106 1581 rre-

132 1539 255 1667 larium
278 1622 358 1685 opus
380 1603 494 1686 exequi
522 1601 669 1685 precibus
697 1602 763 1665 suis
790 1622 904 1685 passae
932 1623 998 1665 non
1019 1605 1104 1665 sunt.
1120 1619 1144 1660 15

137 1687 172 1751 in
196 1707 331 1772 quarum
358 1687 515 1750 honorem
544 1690 674 1751 senatus
709 1689 930 1750 matronarum
959 1684 1105 1749 ordinem

132 1771 375 1856 benignissimis
403 1771 538 1835 decretis
562 1771 745 1836 adornauit:
774 1769 883 1835 sanxit
909 1789 1047 1854 namque
1069 1776 1106 1833 ut

133 1855 264 1920 feminis
286 1855 401 1920 semita
422 1857 486 1919 uiri
509 1856 673 1936 cederent,
702 1853 864 1920 confessus
893 1855 965 1937 plus
993 1853 1105 1918 salutis

132 1941 179 2004 rei
201 1939 349 2023 publicae
371 1942 406 2004 in
428 1940 510 2004 stole
533 1962 629 2024 quam
651 1941 686 2004 in
703 1939 800 2004 armis
815 1937 929 2014 luisse,
954 1939 1105 2003 uetustis-

134 2045 196 2108 que
216 2025 342 2088 aurium
363 2025 548 2109 insignibus
570 2046 692 2089 nouum
714 2025 815 2089 uittae
832 2023 1003 2088 discrimen
1017 2023 1101 2088 adie-
1115 2041 1142 2082 ro

133 2110 187 2173 cit.
230 2109 376 2193 permisit
403 2111 529 2194 quoque
557 2108 608 2173 his
635 2130 797 2193 purpurea
824 2111 914 2174 ueste
941 2110 973 2172 et
1001 2108 1104 2172 aureis

132 2195 182 2257 uti
205 2194 391 2278 segmentis.
424 2194 621 2276 superhaec
643 2194 754 2258 sedem
776 2195 809 2258 et
831 2214 918 2256 aram
942 2191 1105 2257 Fortunae

135 2278 284 2343 muliebri
312 2300 348 2343 eo
376 2278 465 2358 loco,
500 2299 561 2362 quo
591 2276 778 2343 Coriolanus
808 2281 957 2342 exoratus
989 2277 1105 2362 fuerat,

132 2361 315 2427 faciendam
338 2363 472 2446 curauit,
496 2383 671 2427 memorem
687 2362 834 2426 beneficii
854 2363 996 2427 animum
1012 2384 1104 2427 suum

133 2448 295 2532 exquisito
318 2447 484 2532 religionis
508 2449 596 2512 cultu
617 2446 780 2511 testando.
1114 2462 1140 2504 aa

203 2605 214 2652 1
235 2597 388 2652 obtabilius
403 2599 442 2653 A¹
457 2599 538 2719 ipro
556 2598 666 2676 patriae
685 2613 718 2652 ec
741 2596 873 2668 conlapsp
892 2596 962 2650 LA¹
978 2597 989 2666 11
1008 2603 1023 2651 2
1041 2598 1104 2651 eub-

132 2665 227 2735 premi
245 2666 318 2736 (corr
330 2667 438 2734 suppr.)
490 2706 496 2732 ‚
516 2683 546 2718 su
568 2665 626 2734 prm
645 2667 654 2734 (
656 2665 738 2734 prior
755 2681 774 2732 p
791 2665 910 2732 indum.)
928 2665 956 2717 A
968 2665 1007 2734 113
1025 2681 1103 2718 recu·

132 2733 239 2802 peratis
259 2733 329 2787 LA¹
342 2733 381 2801 15
399 2734 478 2788 scrib.
497 2734 530 2787 ui
552 2732 650 2803 grati.
679 2733 715 2798 cf.
726 2749 755 2802 p.
765 2735 828 2789 229.
838 2735 873 2786 14
883 2734 983 2801 gratae
1001 2732 1104 2786 mentis

130 2800 339 2922 122ξὲ11ἑὲἓὲ
351 2801 683 2923 1222112122
698 2799 968 2937 titmttlltl
982 2799 1069 2920 illl
1087 2799 1104 2936 11

131 2939 186 3002 qui
205 2936 224 3003 q
240 2936 267 2988 L
291 2936 301 3004 11
326 2943 354 2988 11
374 2935 484 3015 patriae
504 2909 650 2990 conantem
668 2936 741 3004 LA,
759 2884 851 3004 paine
868 2885 1035 3056 oppiugnare
1058 2949 1102 3012 co-

131 3003 246 3056 nantem
259 3002 306 3067 Aa,
323 3008 498 3058 coucecerrmt
509 3005 603 3072 patria
615 3005 759 3058 carentem
772 3002 885 3057 Foertac
914 3002 936 3055 I
944 3005 989 3067 20,
1008 3002 1103 3070 patna

131 3068 294 3124 exulantem
315 3069 421 3124 Blacm
438 3085 469 3138 p.
489 3074 536 3137 43,
561 3072 670 3140 patriae
697 3071 867 3124 irascentem
889 3070 984 3124 Boset
1005 3085 1036 3137 p.
1059 3072 1101 3130 15,

132 3137 333 3216 suppleuerat
375 3179 380 3190 .
405 3155 484 3192 arma
505 3139 609 3192 inferre
634 3155 694 3192 con.
712 3138 812 3202 Halm,
835 3139 933 3192 melica
954 3154 982 3205 p.
1005 3136 1102 3190 ulcisci

129 3204 238 3258 iniuria
253 3221 314 3260 con.
363 3206 428 3260 ellcr
444 3206 478 3260 tc
489 3207 674 3261 Philocrate
711 3208 784 3260 ,362
796 3206 855 3259 coll.
871 3203 962 3268 V4‚1
980 3209 1006 3258 et
1020 3203 1103 3258 Gertz

6 3307 13 3332 r
124 3273 245 3352 12:281ss
260 3279 290 3328 13
309 3275 400 3327 exciti
413 3274 455 3352 Αἱ,
464 3275 474 3342 11
488 3280 519 3328 16
537 3272 642 3328 honora
655 3222 709 3352 All
720 3279 749 3328 17
768 3273 877 3326 sancxit
889 3273 915 3326 L
951 3278 983 3326 20
1001 3288 1101 3326 aurum

131 3351 151 3404 (ι
168 3357 189 3396 a.
204 3342 221 3396 l.
241 3341 321 3408 add.)
334 3341 393 3394 LA
428 3345 505 3396 uitae
524 3341 593 3394 L¹A
606 3343 616 3421 11
629 3349 659 3395 21
680 3358 720 3395 ers
737 3342 818 3407 Par„
831 3339 919 3394 Halm
936 3341 986 3408 122
999 3340 1100 3393 aedem

129 3410 193 3468 dett
206 3411 267 3476 met,
280 3409 380 3464 eadem
423 3410 451 3463 A
463 3411 555 3532 qam*
566 3411 593 3475 (a
604 3427 636 3463 aa
648 3410 714 3487 ras.)
728 3408 763 3474 L,
778 3424 856 3463 arem
869 3410 948 3478 (corr.
963 3424 997 3463 er
1009 3411 1099 3475 arum)

130 3475 157 3530 A
169 3478 179 3546 ΙΙ
193 3483 225 3532 23
238 3477 370 3531 muliebri
384 3493 418 3532 eo
431 3477 449 3534 l.
492 3493 542 3543 ar,
561 3477 712 3531 muliebria
724 3476 788 3542 loe,
805 3481 837 3530 ut
853 3477 925 3542 uid..
936 3478 984 3543 ΑΙ,
1002 3475 1101 3529 mulie·

130 3544 207 3599 briae
223 3545 276 3599 loc.
289 3545 359 3599 LA²
371 3546 381 3614 11
394 3544 542 3600 corclanns
554 3544 591 3598 L*
604 3545 616 3615 11
629 3551 661 3600 24
679 3543 792 3599 feciend
804 3545 839 3612 A,
858 3549 884 3600 et
895 3544 913 3597 d
926 3544 1034 3600 induet.
1045 3543 1083 3595 L¹

895 3628 947 3683 15*
