<?xml version="1.0" encoding="UTF-8"?>
<!DOCTYPE html PUBLIC "-//W3C//DTD XHTML 1.0 Transitional//EN"
    "http://www.w3.org/TR/xhtml1/DTD/xhtml1-transitional.dtd">
<html xmlns="http://www.w3.org/1999/xhtml" xml:lang="en" lang="en">
 <head>
  <title>
</title>
<meta http-equiv="Content-Type" content="text/html;charset=utf-8" />
  <meta name='ocr-system' content='tesseract 3.04.00' />
  <meta name='ocr-capabilities' content='ocr_page ocr_carea ocr_par ocr_line ocrx_word'/>
</head>
<body>
  <div class='ocr_page' id='page_1' title='image "./valeriimaximifa00nepogoog_0326.png"; bbox 0 0 2608 3952; ppageno 0'>
   <div class='ocr_carea' id='block_1_1' title="bbox 370 162 1105 232">
    <p class='ocr_par' dir='ltr' id='par_1_1' title="bbox 370 162 1105 232">
     <span class='ocr_line' id='line_1_1' title="bbox 370 162 1105 232; baseline 0 -12"><span class='ocrx_word' id='word_1_1' title='bbox 370 164 451 221; x_wconf 76' lang='lat' dir='ltr'>cnr.</span> <span class='ocrx_word' id='word_1_2' title='bbox 467 163 510 232; x_wconf 89' lang='lat'>11,</span> <span class='ocrx_word' id='word_1_3' title='bbox 528 163 589 218; x_wconf 70' lang='lat' dir='ltr'>aa.</span> <span class='ocrx_word' id='word_1_4' title='bbox 608 169 623 229; x_wconf 72' lang='lat' dir='ltr'>a</span> <span class='ocrx_word' id='word_1_5' title='bbox 643 168 717 217; x_wconf 86' lang='lat' dir='ltr'>1-a.</span> <span class='ocrx_word' id='word_1_6' title='bbox 746 162 799 230; x_wconf 88' lang='lat'>111,</span> <span class='ocrx_word' id='word_1_7' title='bbox 819 168 833 228; x_wconf 69' lang='lat' dir='ltr'>a</span> <span class='ocrx_word' id='word_1_8' title='bbox 854 169 876 220; x_wconf 90' lang='lat'>1.</span> <span class='ocrx_word' id='word_1_9' title='bbox 1042 162 1105 229; x_wconf 80' lang='lat'>285</span> 
     </span>
    </p>
   </div>
   <div class='ocr_carea' id='block_1_2' title="bbox 391 331 856 400">
    <p class='ocr_par' dir='ltr' id='par_1_2' title="bbox 391 331 856 400">
     <span class='ocr_line' id='line_1_2' title="bbox 391 331 856 400; baseline 0.006 -3"><span class='ocrx_word' id='word_1_10' title='bbox 391 332 450 397; x_wconf 88' lang='lat' dir='ltr'>III.</span> <span class='ocrx_word' id='word_1_11' title='bbox 487 331 547 398; x_wconf 95' lang='lat' dir='ltr'>DE</span> <span class='ocrx_word' id='word_1_12' title='bbox 570 331 856 400; x_wconf 74' lang='lat' dir='ltr'>SEVERITATE.</span> 
     </span>
    </p>
   </div>
   <div class='ocr_carea' id='block_1_3' title="bbox 132 450 1151 2820">
    <p class='ocr_par' dir='ltr' id='par_1_3' title="bbox 132 450 1134 1044">
     <span class='ocr_line' id='line_1_3' title="bbox 202 450 1108 535; baseline -0.004 -17"><span class='ocrx_word' id='word_1_13' title='bbox 202 455 319 518; x_wconf 89' lang='lat' dir='ltr'>Armet</span> <span class='ocrx_word' id='word_1_14' title='bbox 342 471 375 515; x_wconf 89' lang='lat' dir='ltr'>se</span> <span class='ocrx_word' id='word_1_15' title='bbox 398 450 516 515; x_wconf 89' lang='lat' dir='ltr'>duritia</span> <span class='ocrx_word' id='word_1_16' title='bbox 536 453 650 535; x_wconf 89' lang='lat' dir='ltr'>pectus</span> <span class='ocrx_word' id='word_1_17' title='bbox 672 472 802 514; x_wconf 78' lang='lat' dir='ltr'>necesse</span> <span class='ocrx_word' id='word_1_18' title='bbox 825 453 886 534; x_wconf 87' lang='lat' dir='ltr'>est,</span> <span class='ocrx_word' id='word_1_19' title='bbox 911 450 986 514; x_wconf 91' lang='lat' dir='ltr'>dum</span> <span class='ocrx_word' id='word_1_20' title='bbox 1007 450 1108 516; x_wconf 89' lang='lat' dir='ltr'>horri-</span> 
     </span>
     <span class='ocr_line' id='line_1_4' title="bbox 133 535 1108 618; baseline -0.002 -16"><span class='ocrx_word' id='word_1_21' title='bbox 133 539 196 602; x_wconf 86' lang='lat' dir='ltr'>dae</span> <span class='ocrx_word' id='word_1_22' title='bbox 220 557 256 600; x_wconf 89' lang='lat' dir='ltr'>ac</span> <span class='ocrx_word' id='word_1_23' title='bbox 278 535 381 600; x_wconf 87' lang='lat' dir='ltr'>tristis</span> <span class='ocrx_word' id='word_1_24' title='bbox 404 535 584 600; x_wconf 88' lang='lat' dir='ltr'>seueritatis</span> <span class='ocrx_word' id='word_1_25' title='bbox 607 538 678 600; x_wconf 85' lang='lat' dir='ltr'>acta</span> <span class='ocrx_word' id='word_1_26' title='bbox 691 537 874 618; x_wconf 86' lang='lat' dir='ltr'>narrantur,</span> <span class='ocrx_word' id='word_1_27' title='bbox 896 538 933 599; x_wconf 93' lang='lat' dir='ltr'>ut</span> <span class='ocrx_word' id='word_1_28' title='bbox 947 535 1035 599; x_wconf 87' lang='lat' dir='ltr'>omni</span> <span class='ocrx_word' id='word_1_29' title='bbox 1050 537 1108 600; x_wconf 83' lang='lat' dir='ltr'>mi·</span> 
     </span>
     <span class='ocr_line' id='line_1_5' title="bbox 132 618 1107 705; baseline -0.005 -17"><span class='ocrx_word' id='word_1_30' title='bbox 132 626 219 688; x_wconf 79' lang='lat' dir='ltr'>tiore</span> <span class='ocrx_word' id='word_1_31' title='bbox 243 621 440 705; x_wconf 74' lang='lat' dir='ltr'>cogitatione</span> <span class='ocrx_word' id='word_1_32' title='bbox 463 621 603 704; x_wconf 85' lang='lat' dir='ltr'>seposita</span> <span class='ocrx_word' id='word_1_33' title='bbox 624 619 719 684; x_wconf 89' lang='lat' dir='ltr'>rebus</span> <span class='ocrx_word' id='word_1_34' title='bbox 734 618 845 684; x_wconf 88' lang='lat' dir='ltr'>auditu</span> <span class='ocrx_word' id='word_1_35' title='bbox 864 620 984 704; x_wconf 89' lang='lat' dir='ltr'>asperis</span> <span class='ocrx_word' id='word_1_36' title='bbox 999 622 1107 684; x_wconf 86' lang='lat' dir='ltr'>uacet:</span> 
     </span>
     <span class='ocr_line' id='line_1_6' title="bbox 137 703 1134 772; baseline -0.004 0"><span class='ocrx_word' id='word_1_37' title='bbox 137 709 186 772; x_wconf 88' lang='lat' dir='ltr'>ita</span> <span class='ocrx_word' id='word_1_38' title='bbox 208 706 294 770; x_wconf 91' lang='lat' dir='ltr'>enim</span> <span class='ocrx_word' id='word_1_39' title='bbox 317 705 487 769; x_wconf 72' lang='lat' dir='ltr'>destrictae</span> <span class='ocrx_word' id='word_1_40' title='bbox 509 707 542 768; x_wconf 91' lang='lat' dir='ltr'>et</span> <span class='ocrx_word' id='word_1_41' title='bbox 561 704 773 769; x_wconf 83' lang='lat' dir='ltr'>inexorabiles</span> <span class='ocrx_word' id='word_1_42' title='bbox 789 703 952 769; x_wconf 86' lang='lat' dir='ltr'>uindictae</span> <span class='ocrx_word' id='word_1_43' title='bbox 972 707 1005 768; x_wconf 91' lang='lat' dir='ltr'>et</span> <span class='ocrx_word' id='word_1_44' title='bbox 1019 705 1134 768; x_wconf 73' lang='lat' dir='ltr'>uariae</span> 
     </span>
     <span class='ocr_line' id='line_1_7' title="bbox 137 788 1109 876; baseline -0.001 -22"><span class='ocrx_word' id='word_1_45' title='bbox 137 811 314 876; x_wconf 89' lang='lat' dir='ltr'>poenarum</span> <span class='ocrx_word' id='word_1_46' title='bbox 337 810 457 874; x_wconf 85' lang='lat' dir='ltr'>genera</span> <span class='ocrx_word' id='word_1_47' title='bbox 478 789 515 852; x_wconf 93' lang='lat' dir='ltr'>in</span> <span class='ocrx_word' id='word_1_48' title='bbox 535 788 674 874; x_wconf 86' lang='lat' dir='ltr'>medium</span> <span class='ocrx_word' id='word_1_49' title='bbox 694 793 900 873; x_wconf 89' lang='lat' dir='ltr'>procurrent,</span> <span class='ocrx_word' id='word_1_50' title='bbox 925 788 1017 853; x_wconf 86' lang='lat' dir='ltr'>utilia</span> <span class='ocrx_word' id='word_1_51' title='bbox 1042 788 1109 873; x_wconf 87' lang='lat' dir='ltr'>qui·</span> 
     </span>
     <span class='ocr_line' id='line_1_8' title="bbox 135 871 1109 960; baseline -0.002 -20"><span class='ocrx_word' id='word_1_52' title='bbox 135 871 212 940; x_wconf 86' lang='lat' dir='ltr'>deni</span> <span class='ocrx_word' id='word_1_53' title='bbox 238 874 346 960; x_wconf 82' lang='lat' dir='ltr'>legum</span> <span class='ocrx_word' id='word_1_54' title='bbox 374 874 589 954; x_wconf 87' lang='lat' dir='ltr'>munimenta,</span> <span class='ocrx_word' id='word_1_55' title='bbox 618 872 674 937; x_wconf 90' lang='lat' dir='ltr'>sed</span> <span class='ocrx_word' id='word_1_56' title='bbox 701 875 832 938; x_wconf 89' lang='lat' dir='ltr'>minime</span> <span class='ocrx_word' id='word_1_57' title='bbox 861 875 895 938; x_wconf 91' lang='lat' dir='ltr'>in</span> <span class='ocrx_word' id='word_1_58' title='bbox 922 873 1048 957; x_wconf 89' lang='lat' dir='ltr'>placido</span> <span class='ocrx_word' id='word_1_59' title='bbox 1077 877 1109 938; x_wconf 88' lang='lat' dir='ltr'>ot</span> 
     </span>
     <span class='ocr_line' id='line_1_9' title="bbox 137 958 834 1044; baseline -0.001 -21"><span class='ocrx_word' id='word_1_60' title='bbox 137 960 246 1044; x_wconf 88' lang='lat' dir='ltr'>quieto</span> <span class='ocrx_word' id='word_1_61' title='bbox 268 959 462 1042; x_wconf 86' lang='lat' dir='ltr'>paginarum</span> <span class='ocrx_word' id='word_1_62' title='bbox 484 979 618 1022; x_wconf 88' lang='lat' dir='ltr'>numero</span> <span class='ocrx_word' id='word_1_63' title='bbox 641 958 834 1042; x_wconf 89' lang='lat' dir='ltr'>reponenda.</span> 
     </span>
    </p>

    <p class='ocr_par' dir='ltr' id='par_1_4' title="bbox 136 1041 1149 1870">
     <span class='ocr_line' id='line_1_10' title="bbox 205 1041 1109 1126; baseline -0.002 -19"><span class='ocrx_word' id='word_1_64' title='bbox 205 1045 259 1107; x_wconf 87' lang='lat' dir='ltr'>la.</span> <span class='ocrx_word' id='word_1_65' title='bbox 282 1043 328 1106; x_wconf 90' lang='lat' dir='ltr'>M.</span> <span class='ocrx_word' id='word_1_66' title='bbox 344 1041 502 1124; x_wconf 87' lang='lat' dir='ltr'>Manlius,</span> <span class='ocrx_word' id='word_1_67' title='bbox 525 1042 610 1106; x_wconf 89' lang='lat' dir='ltr'>unde</span> <span class='ocrx_word' id='word_1_68' title='bbox 627 1041 736 1106; x_wconf 81' lang='lat' dir='ltr'>Gallos</span> <span class='ocrx_word' id='word_1_69' title='bbox 751 1044 926 1126; x_wconf 87' lang='lat' dir='ltr'>depulerat,</span> <span class='ocrx_word' id='word_1_70' title='bbox 948 1042 1024 1106; x_wconf 91' lang='lat' dir='ltr'>inde</span> <span class='ocrx_word' id='word_1_71' title='bbox 1039 1041 1109 1124; x_wconf 87' lang='lat' dir='ltr'>ipso</span> 
     </span>
     <span class='ocr_line' id='line_1_11' title="bbox 136 1126 1148 1213; baseline -0.007 -21"><span class='ocrx_word' id='word_1_72' title='bbox 136 1127 367 1213; x_wconf 88' lang='lat' dir='ltr'>praecipitatus</span> <span class='ocrx_word' id='word_1_73' title='bbox 390 1129 455 1208; x_wconf 89' lang='lat' dir='ltr'>est,</span> <span class='ocrx_word' id='word_1_74' title='bbox 484 1128 559 1210; x_wconf 88' lang='lat' dir='ltr'>quia</span> <span class='ocrx_word' id='word_1_75' title='bbox 579 1127 709 1192; x_wconf 88' lang='lat' dir='ltr'>fortiter</span> <span class='ocrx_word' id='word_1_76' title='bbox 738 1126 901 1192; x_wconf 86' lang='lat' dir='ltr'>defensam</span> <span class='ocrx_word' id='word_1_77' title='bbox 927 1127 1109 1191; x_wconf 87' lang='lat' dir='ltr'>libertatem</span> <span class='ocrx_word' id='word_1_78' title='bbox 1123 1146 1148 1186; x_wconf 85' lang='lat' dir='ltr'>lo</span> 
     </span>
     <span class='ocr_line' id='line_1_12' title="bbox 138 1210 1109 1295; baseline -0.003 -18"><span class='ocrx_word' id='word_1_79' title='bbox 138 1213 263 1278; x_wconf 88' lang='lat' dir='ltr'>nefarie</span> <span class='ocrx_word' id='word_1_80' title='bbox 285 1211 465 1295; x_wconf 81' lang='lat' dir='ltr'>opprimere</span> <span class='ocrx_word' id='word_1_81' title='bbox 488 1214 623 1276; x_wconf 90' lang='lat' dir='ltr'>conatus</span> <span class='ocrx_word' id='word_1_82' title='bbox 644 1210 759 1276; x_wconf 86' lang='lat' dir='ltr'>fuerat.</span> <span class='ocrx_word' id='word_1_83' title='bbox 791 1213 880 1277; x_wconf 90' lang='lat' dir='ltr'>cuius</span> <span class='ocrx_word' id='word_1_84' title='bbox 894 1213 999 1276; x_wconf 88' lang='lat' dir='ltr'>iustae</span> <span class='ocrx_word' id='word_1_85' title='bbox 1014 1211 1109 1274; x_wconf 93' lang='lat' dir='ltr'>ultio·</span> 
     </span>
     <span class='ocr_line' id='line_1_13' title="bbox 138 1294 1109 1380; baseline -0.002 -19"><span class='ocrx_word' id='word_1_86' title='bbox 138 1299 189 1361; x_wconf 89' lang='lat' dir='ltr'>nis</span> <span class='ocrx_word' id='word_1_87' title='bbox 210 1297 364 1361; x_wconf 88' lang='lat' dir='ltr'>nimirum</span> <span class='ocrx_word' id='word_1_88' title='bbox 388 1297 466 1360; x_wconf 88' lang='lat' dir='ltr'>haec</span> <span class='ocrx_word' id='word_1_89' title='bbox 487 1295 645 1380; x_wconf 87' lang='lat' dir='ltr'>praefatio</span> <span class='ocrx_word' id='word_1_90' title='bbox 660 1295 737 1359; x_wconf 90' lang='lat' dir='ltr'>fuit:</span> <span class='ocrx_word' id='word_1_91' title='bbox 763 1294 921 1361; x_wconf 72' lang='lat' dir='ltr'>‘Manlius</span> <span class='ocrx_word' id='word_1_92' title='bbox 937 1317 1006 1360; x_wconf 86' lang='lat' dir='ltr'>eras</span> <span class='ocrx_word' id='word_1_93' title='bbox 1020 1295 1109 1377; x_wconf 91' lang='lat' dir='ltr'>mihi,</span> 
     </span>
     <span class='ocr_line' id='line_1_14' title="bbox 137 1379 1111 1465; baseline -0.004 -18"><span class='ocrx_word' id='word_1_94' title='bbox 137 1404 212 1447; x_wconf 91' lang='lat' dir='ltr'>cum</span> <span class='ocrx_word' id='word_1_95' title='bbox 238 1381 430 1465; x_wconf 87' lang='lat' dir='ltr'>praecipites</span> <span class='ocrx_word' id='word_1_96' title='bbox 458 1381 575 1465; x_wconf 87' lang='lat' dir='ltr'>agebas</span> <span class='ocrx_word' id='word_1_97' title='bbox 598 1379 758 1446; x_wconf 80' lang='lat' dir='ltr'>Senonas:</span> <span class='ocrx_word' id='word_1_98' title='bbox 792 1385 962 1464; x_wconf 89' lang='lat' dir='ltr'>postquam</span> <span class='ocrx_word' id='word_1_99' title='bbox 989 1381 1111 1444; x_wconf 89' lang='lat' dir='ltr'>imitari</span> 
     </span>
     <span class='ocr_line' id='line_1_15' title="bbox 137 1464 1110 1610; baseline -0.004 -79"><span class='ocrx_word' id='word_1_100' title='bbox 137 1466 285 1550; x_wconf 90' lang='lat' dir='ltr'>coepisti,</span> <span class='ocrx_word' id='word_1_101' title='bbox 309 1487 392 1530; x_wconf 91' lang='lat' dir='ltr'>unus</span> <span class='ocrx_word' id='word_1_102' title='bbox 413 1465 520 1529; x_wconf 87' lang='lat' dir='ltr'>factus</span> <span class='ocrx_word' id='word_1_103' title='bbox 542 1485 574 1530; x_wconf 85' lang='lat' dir='ltr'>es</span> <span class='ocrx_word' id='word_1_104' title='bbox 588 1487 627 1529; x_wconf 85' lang='lat' dir='ltr'>ex</span> <span class='ocrx_word' id='word_1_105' title='bbox 641 1465 853 1530; x_wconf 81' lang='lat' dir='ltr'>Senonibus&#39;.</span> <span class='ocrx_word' id='word_1_106' title='bbox 880 1465 975 1529; x_wconf 90' lang='lat' dir='ltr'>huius</span> <span class='ocrx_word' id='word_1_107' title='bbox 990 1464 1110 1610; x_wconf 89' lang='lat' dir='ltr'>suppli-</span> 
     </span>
     <span class='ocr_line' id='line_1_16' title="bbox 139 1548 1149 1632; baseline -0.007 -17"><span class='ocrx_word' id='word_1_108' title='bbox 139 1552 190 1616; x_wconf 89' lang='lat' dir='ltr'>eio</span> <span class='ocrx_word' id='word_1_109' title='bbox 206 1554 355 1614; x_wconf 85' lang='lat' dir='ltr'>aeternae</span> <span class='ocrx_word' id='word_1_110' title='bbox 370 1550 543 1614; x_wconf 87' lang='lat' dir='ltr'>memoriae</span> <span class='ocrx_word' id='word_1_111' title='bbox 558 1552 638 1614; x_wconf 89' lang='lat' dir='ltr'>nota</span> <span class='ocrx_word' id='word_1_112' title='bbox 651 1551 773 1613; x_wconf 87' lang='lat' dir='ltr'>inserta</span> <span class='ocrx_word' id='word_1_113' title='bbox 787 1551 850 1614; x_wconf 87' lang='lat' dir='ltr'>est:</span> <span class='ocrx_word' id='word_1_114' title='bbox 872 1553 1004 1632; x_wconf 87' lang='lat' dir='ltr'>propter</span> <span class='ocrx_word' id='word_1_115' title='bbox 1018 1549 1028 1612; x_wconf 93' lang='lat' dir='ltr'>i</span> <span class='ocrx_word' id='word_1_116' title='bbox 1044 1548 1110 1612; x_wconf 89' lang='lat' dir='ltr'>lum</span> <span class='ocrx_word' id='word_1_117' title='bbox 1124 1567 1149 1608; x_wconf 85' lang='lat'>15</span> 
     </span>
     <span class='ocr_line' id='line_1_17' title="bbox 138 1633 1111 1720; baseline -0.005 -20"><span class='ocrx_word' id='word_1_118' title='bbox 138 1636 228 1700; x_wconf 91' lang='lat' dir='ltr'>enim</span> <span class='ocrx_word' id='word_1_119' title='bbox 250 1635 320 1720; x_wconf 85' lang='lat' dir='ltr'>lege</span> <span class='ocrx_word' id='word_1_120' title='bbox 343 1635 460 1698; x_wconf 89' lang='lat' dir='ltr'>sanciri</span> <span class='ocrx_word' id='word_1_121' title='bbox 475 1634 650 1718; x_wconf 89' lang='lat' dir='ltr'>placuitne</span> <span class='ocrx_word' id='word_1_122' title='bbox 666 1634 736 1717; x_wconf 91' lang='lat' dir='ltr'>quis</span> <span class='ocrx_word' id='word_1_123' title='bbox 751 1633 903 1716; x_wconf 89' lang='lat' dir='ltr'>patricius</span> <span class='ocrx_word' id='word_1_124' title='bbox 918 1633 953 1696; x_wconf 93' lang='lat' dir='ltr'>in</span> <span class='ocrx_word' id='word_1_125' title='bbox 969 1653 1041 1696; x_wconf 87' lang='lat' dir='ltr'>arce</span> <span class='ocrx_word' id='word_1_126' title='bbox 1056 1635 1111 1697; x_wconf 88' lang='lat' dir='ltr'>aut</span> 
     </span>
     <span class='ocr_line' id='line_1_18' title="bbox 140 1717 1110 1804; baseline -0.006 -18"><span class='ocrx_word' id='word_1_127' title='bbox 140 1719 299 1804; x_wconf 82' lang='lat' dir='ltr'>Capitolio</span> <span class='ocrx_word' id='word_1_128' title='bbox 329 1718 503 1801; x_wconf 82' lang='lat' dir='ltr'>habitaret,</span> <span class='ocrx_word' id='word_1_129' title='bbox 533 1720 608 1803; x_wconf 87' lang='lat' dir='ltr'>quia</span> <span class='ocrx_word' id='word_1_130' title='bbox 634 1721 763 1783; x_wconf 88' lang='lat' dir='ltr'>domum</span> <span class='ocrx_word' id='word_1_131' title='bbox 790 1738 827 1796; x_wconf 90' lang='lat' dir='ltr'>eo</span> <span class='ocrx_word' id='word_1_132' title='bbox 854 1717 918 1782; x_wconf 91' lang='lat' dir='ltr'>loci</span> <span class='ocrx_word' id='word_1_133' title='bbox 945 1717 1110 1800; x_wconf 84' lang='lat' dir='ltr'>habuerat,</span> 
     </span>
     <span class='ocr_line' id='line_1_19' title="bbox 139 1802 788 1870; baseline -0.006 0"><span class='ocrx_word' id='word_1_134' title='bbox 139 1806 195 1870; x_wconf 92' lang='lat' dir='ltr'>ubi</span> <span class='ocrx_word' id='word_1_135' title='bbox 217 1825 305 1869; x_wconf 87' lang='lat' dir='ltr'>nunc</span> <span class='ocrx_word' id='word_1_136' title='bbox 327 1802 438 1867; x_wconf 87' lang='lat' dir='ltr'>aedem</span> <span class='ocrx_word' id='word_1_137' title='bbox 461 1803 611 1868; x_wconf 88' lang='lat' dir='ltr'>Monetae</span> <span class='ocrx_word' id='word_1_138' title='bbox 634 1802 788 1868; x_wconf 89' lang='lat' dir='ltr'>uidemus.</span> 
     </span>
    </p>

    <p class='ocr_par' dir='ltr' id='par_1_5' title="bbox 138 1884 1151 2651">
     <span class='ocr_line' id='line_1_20' title="bbox 206 1884 1112 1976; baseline -0.003 -25"><span class='ocrx_word' id='word_1_139' title='bbox 206 1891 263 1952; x_wconf 88' lang='lat' dir='ltr'>lh.</span> <span class='ocrx_word' id='word_1_140' title='bbox 287 1888 350 1952; x_wconf 87' lang='lat' dir='ltr'>Par</span> <span class='ocrx_word' id='word_1_141' title='bbox 364 1889 546 1976; x_wconf 85' lang='lat' dir='ltr'>indignatio</span> <span class='ocrx_word' id='word_1_142' title='bbox 566 1888 707 1953; x_wconf 89' lang='lat' dir='ltr'>ciuitatis</span> <span class='ocrx_word' id='word_1_143' title='bbox 729 1888 880 1952; x_wconf 81' lang='lat' dir='ltr'>aduersus</span> <span class='ocrx_word' id='word_1_144' title='bbox 895 1885 948 1970; x_wconf 83' lang='lat' dir='ltr'>Sp.</span> <span class='ocrx_word' id='word_1_145' title='bbox 965 1884 1112 1950; x_wconf 80' lang='lat' dir='ltr'>Cassium</span> 
     </span>
     <span class='ocr_line' id='line_1_21' title="bbox 139 1969 1151 2058; baseline -0.008 -19"><span class='ocrx_word' id='word_1_146' title='bbox 139 1974 257 2058; x_wconf 90' lang='lat' dir='ltr'>erupit,</span> <span class='ocrx_word' id='word_1_147' title='bbox 282 1973 334 2036; x_wconf 91' lang='lat' dir='ltr'>cui</span> <span class='ocrx_word' id='word_1_148' title='bbox 355 1971 427 2057; x_wconf 90' lang='lat' dir='ltr'>plus</span> <span class='ocrx_word' id='word_1_149' title='bbox 449 1973 590 2058; x_wconf 90' lang='lat' dir='ltr'>suspicio</span> <span class='ocrx_word' id='word_1_150' title='bbox 607 1973 795 2057; x_wconf 88' lang='lat' dir='ltr'>concupitae</span> <span class='ocrx_word' id='word_1_151' title='bbox 811 1969 1038 2036; x_wconf 86' lang='lat' dir='ltr'>dominationis</span> <span class='ocrx_word' id='word_1_152' title='bbox 1053 1991 1112 2033; x_wconf 91' lang='lat' dir='ltr'>no·</span> <span class='ocrx_word' id='word_1_153' title='bbox 1126 1991 1151 2030; x_wconf 85' lang='lat' dir='ltr'>ao</span> 
     </span>
     <span class='ocr_line' id='line_1_22' title="bbox 140 2055 1112 2144; baseline -0.006 -20"><span class='ocrx_word' id='word_1_154' title='bbox 140 2059 209 2124; x_wconf 87' lang='lat' dir='ltr'>cuit</span> <span class='ocrx_word' id='word_1_155' title='bbox 230 2079 328 2141; x_wconf 90' lang='lat' dir='ltr'>quam</span> <span class='ocrx_word' id='word_1_156' title='bbox 349 2061 415 2121; x_wconf 90' lang='lat' dir='ltr'>tres</span> <span class='ocrx_word' id='word_1_157' title='bbox 437 2059 602 2144; x_wconf 82' lang='lat' dir='ltr'>magnifici</span> <span class='ocrx_word' id='word_1_158' title='bbox 616 2058 800 2124; x_wconf 87' lang='lat' dir='ltr'>consulatus</span> <span class='ocrx_word' id='word_1_159' title='bbox 815 2078 853 2122; x_wconf 88' lang='lat' dir='ltr'>ac</span> <span class='ocrx_word' id='word_1_160' title='bbox 869 2057 931 2120; x_wconf 91' lang='lat' dir='ltr'>duo</span> <span class='ocrx_word' id='word_1_161' title='bbox 946 2055 1112 2140; x_wconf 86' lang='lat' dir='ltr'>speciosis-</span> 
     </span>
     <span class='ocr_line' id='line_1_23' title="bbox 138 2139 1112 2226; baseline -0.005 -18"><span class='ocrx_word' id='word_1_162' title='bbox 138 2143 214 2208; x_wconf 85' lang='lat' dir='ltr'>simi</span> <span class='ocrx_word' id='word_1_163' title='bbox 236 2142 393 2226; x_wconf 89' lang='lat' dir='ltr'>triumphi</span> <span class='ocrx_word' id='word_1_164' title='bbox 414 2143 622 2226; x_wconf 88' lang='lat' dir='ltr'>profuerunt:</span> <span class='ocrx_word' id='word_1_165' title='bbox 650 2148 781 2208; x_wconf 86' lang='lat' dir='ltr'>senatus</span> <span class='ocrx_word' id='word_1_166' title='bbox 804 2142 891 2206; x_wconf 89' lang='lat' dir='ltr'>enim</span> <span class='ocrx_word' id='word_1_167' title='bbox 912 2139 1112 2225; x_wconf 87' lang='lat' dir='ltr'>populusque</span> 
     </span>
     <span class='ocr_line' id='line_1_24' title="bbox 140 2225 1112 2312; baseline -0.005 -20"><span class='ocrx_word' id='word_1_168' title='bbox 140 2228 303 2292; x_wconf 83' lang='lat' dir='ltr'>Romanus</span> <span class='ocrx_word' id='word_1_169' title='bbox 326 2247 393 2290; x_wconf 93' lang='lat' dir='ltr'>non</span> <span class='ocrx_word' id='word_1_170' title='bbox 416 2231 586 2292; x_wconf 87' lang='lat' dir='ltr'>contentus</span> <span class='ocrx_word' id='word_1_171' title='bbox 613 2227 743 2312; x_wconf 88' lang='lat' dir='ltr'>capitali</span> <span class='ocrx_word' id='word_1_172' title='bbox 772 2249 845 2291; x_wconf 93' lang='lat' dir='ltr'>eum</span> <span class='ocrx_word' id='word_1_173' title='bbox 873 2225 1030 2310; x_wconf 88' lang='lat' dir='ltr'>supplicio</span> <span class='ocrx_word' id='word_1_174' title='bbox 1059 2225 1112 2288; x_wconf 87' lang='lat' dir='ltr'>ad·</span> 
     </span>
     <span class='ocr_line' id='line_1_25' title="bbox 138 2312 1113 2395; baseline -0.003 -19"><span class='ocrx_word' id='word_1_175' title='bbox 138 2313 233 2377; x_wconf 88' lang='lat' dir='ltr'>ficere</span> <span class='ocrx_word' id='word_1_176' title='bbox 248 2313 443 2394; x_wconf 88' lang='lat' dir='ltr'>interempto</span> <span class='ocrx_word' id='word_1_177' title='bbox 459 2312 588 2376; x_wconf 89' lang='lat' dir='ltr'>domum</span> <span class='ocrx_word' id='word_1_178' title='bbox 604 2312 785 2395; x_wconf 80' lang='lat' dir='ltr'>superiacit,</span> <span class='ocrx_word' id='word_1_179' title='bbox 801 2315 839 2375; x_wconf 92' lang='lat' dir='ltr'>ut</span> <span class='ocrx_word' id='word_1_180' title='bbox 852 2313 1019 2394; x_wconf 91' lang='lat' dir='ltr'>penatium</span> <span class='ocrx_word' id='word_1_181' title='bbox 1034 2330 1113 2394; x_wconf 92' lang='lat' dir='ltr'>quo·</span> 
     </span>
     <span class='ocr_line' id='line_1_26' title="bbox 140 2394 1151 2481; baseline -0.007 -20"><span class='ocrx_word' id='word_1_182' title='bbox 140 2418 202 2481; x_wconf 88' lang='lat' dir='ltr'>que</span> <span class='ocrx_word' id='word_1_183' title='bbox 224 2400 332 2481; x_wconf 85' lang='lat' dir='ltr'>strage</span> <span class='ocrx_word' id='word_1_184' title='bbox 353 2396 537 2480; x_wconf 87' lang='lat' dir='ltr'>puniretur:</span> <span class='ocrx_word' id='word_1_185' title='bbox 561 2397 596 2460; x_wconf 92' lang='lat' dir='ltr'>in</span> <span class='ocrx_word' id='word_1_186' title='bbox 618 2397 688 2460; x_wconf 89' lang='lat' dir='ltr'>solo</span> <span class='ocrx_word' id='word_1_187' title='bbox 710 2399 818 2459; x_wconf 90' lang='lat' dir='ltr'>autem</span> <span class='ocrx_word' id='word_1_188' title='bbox 840 2395 950 2460; x_wconf 86' lang='lat' dir='ltr'>aedem</span> <span class='ocrx_word' id='word_1_189' title='bbox 974 2394 1112 2458; x_wconf 84' lang='lat' dir='ltr'>Telluris</span> <span class='ocrx_word' id='word_1_190' title='bbox 1125 2413 1151 2454; x_wconf 79' lang='lat' dir='ltr'>aa</span> 
     </span>
     <span class='ocr_line' id='line_1_27' title="bbox 140 2478 1113 2566; baseline -0.005 -20"><span class='ocrx_word' id='word_1_191' title='bbox 140 2482 227 2546; x_wconf 85' lang='lat' dir='ltr'>fecit.</span> <span class='ocrx_word' id='word_1_192' title='bbox 269 2483 377 2564; x_wconf 87' lang='lat' dir='ltr'>itaque</span> <span class='ocrx_word' id='word_1_193' title='bbox 401 2481 486 2566; x_wconf 92' lang='lat' dir='ltr'>quod</span> <span class='ocrx_word' id='word_1_194' title='bbox 508 2481 597 2564; x_wconf 89' lang='lat' dir='ltr'>prius</span> <span class='ocrx_word' id='word_1_195' title='bbox 620 2478 818 2545; x_wconf 89' lang='lat' dir='ltr'>domicilium</span> <span class='ocrx_word' id='word_1_196' title='bbox 844 2479 1023 2561; x_wconf 89' lang='lat' dir='ltr'>inpotentis</span> <span class='ocrx_word' id='word_1_197' title='bbox 1049 2479 1113 2542; x_wconf 87' lang='lat' dir='ltr'>uiri</span> 
     </span>
     <span class='ocr_line' id='line_1_28' title="bbox 139 2564 1112 2651; baseline -0.005 -21"><span class='ocrx_word' id='word_1_198' title='bbox 139 2567 248 2630; x_wconf 85' lang='lat' dir='ltr'>fuerat</span> <span class='ocrx_word' id='word_1_199' title='bbox 268 2586 356 2630; x_wconf 91' lang='lat' dir='ltr'>nuno</span> <span class='ocrx_word' id='word_1_200' title='bbox 382 2566 552 2651; x_wconf 87' lang='lat' dir='ltr'>religiosae</span> <span class='ocrx_word' id='word_1_201' title='bbox 574 2564 756 2629; x_wconf 86' lang='lat' dir='ltr'>seueritatis</span> <span class='ocrx_word' id='word_1_202' title='bbox 782 2566 1027 2627; x_wconf 89' lang='lat' dir='ltr'>monumentum</span> <span class='ocrx_word' id='word_1_203' title='bbox 1055 2569 1112 2627; x_wconf 90' lang='lat' dir='ltr'>est.</span> 
     </span>
    </p>

    <p class='ocr_par' dir='ltr' id='par_1_6' title="bbox 141 2646 1115 2820">
     <span class='ocr_line' id='line_1_29' title="bbox 207 2646 1115 2732; baseline -0.006 -18"><span class='ocrx_word' id='word_1_204' title='bbox 207 2653 260 2715; x_wconf 88' lang='lat' dir='ltr'>le.</span> <span class='ocrx_word' id='word_1_205' title='bbox 298 2649 420 2714; x_wconf 91' lang='lat' dir='ltr'>Eadem</span> <span class='ocrx_word' id='word_1_206' title='bbox 449 2672 562 2714; x_wconf 89' lang='lat' dir='ltr'>ausum</span> <span class='ocrx_word' id='word_1_207' title='bbox 585 2648 639 2732; x_wconf 81' lang='lat' dir='ltr'>Sp.</span> <span class='ocrx_word' id='word_1_208' title='bbox 660 2647 813 2713; x_wconf 85' lang='lat' dir='ltr'>Maelium</span> <span class='ocrx_word' id='word_1_209' title='bbox 842 2646 1003 2711; x_wconf 89' lang='lat' dir='ltr'>consimili</span> <span class='ocrx_word' id='word_1_210' title='bbox 1026 2647 1115 2710; x_wconf 87' lang='lat' dir='ltr'>exitu</span> 
     </span>
     <span class='ocr_line' id='line_1_30' title="bbox 141 2731 1115 2820; baseline -0.007 -20"><span class='ocrx_word' id='word_1_211' title='bbox 141 2736 246 2820; x_wconf 79' lang='lat' dir='ltr'>patria</span> <span class='ocrx_word' id='word_1_212' title='bbox 267 2735 428 2803; x_wconf 88' lang='lat' dir='ltr'>multauit.</span> <span class='ocrx_word' id='word_1_213' title='bbox 467 2755 541 2798; x_wconf 87' lang='lat' dir='ltr'>area</span> <span class='ocrx_word' id='word_1_214' title='bbox 562 2754 639 2797; x_wconf 91' lang='lat' dir='ltr'>uero</span> <span class='ocrx_word' id='word_1_215' title='bbox 663 2733 775 2797; x_wconf 88' lang='lat' dir='ltr'>domus</span> <span class='ocrx_word' id='word_1_216' title='bbox 799 2733 881 2814; x_wconf 89' lang='lat' dir='ltr'>eius,</span> <span class='ocrx_word' id='word_1_217' title='bbox 905 2753 968 2815; x_wconf 92' lang='lat' dir='ltr'>quo</span> <span class='ocrx_word' id='word_1_218' title='bbox 990 2731 1115 2795; x_wconf 87' lang='lat' dir='ltr'>iustitia</span> 
     </span>
    </p>
   </div>
   <div class='ocr_carea' id='block_1_4' title="bbox 211 2882 1116 3005">
    <p class='ocr_par' dir='ltr' id='par_1_7' title="bbox 211 2882 1116 3005">
     <span class='ocr_line' id='line_1_31' title="bbox 211 2882 1116 3005; baseline -0.002 -67"><span class='ocrx_word' id='word_1_219' title='bbox 211 2893 226 2938; x_wconf 80' lang='lat'><strong>2</strong></span> <span class='ocrx_word' id='word_1_220' title='bbox 246 2885 351 2938; x_wconf 72' lang='lat' dir='ltr'>duritia</span> <span class='ocrx_word' id='word_1_221' title='bbox 366 2887 403 2939; x_wconf 82' lang='grc' dir='ltr'>Α1</span> <span class='ocrx_word' id='word_1_222' title='bbox 417 2886 444 3005; x_wconf 54' lang='lat' dir='ltr'>p,</span> <span class='ocrx_word' id='word_1_223' title='bbox 458 2884 568 2938; x_wconf 85' lang='lat' dir='ltr'>orridae</span> <span class='ocrx_word' id='word_1_224' title='bbox 585 2885 623 2937; x_wconf 76' lang='grc' dir='ltr'>Α1</span> <span class='ocrx_word' id='word_1_225' title='bbox 641 2885 651 2953; x_wconf 92' lang='lat' dir='ltr'>l</span> <span class='ocrx_word' id='word_1_226' title='bbox 673 2891 688 2938; x_wconf 88' lang='lat'><strong>3</strong></span> <span class='ocrx_word' id='word_1_227' title='bbox 707 2884 784 2937; x_wconf 90' lang='lat' dir='ltr'>omni</span> <span class='ocrx_word' id='word_1_228' title='bbox 801 2883 913 2938; x_wconf 89' lang='lat' dir='ltr'>mitiore</span> <span class='ocrx_word' id='word_1_229' title='bbox 931 2897 1025 2952; x_wconf 79' lang='lat' dir='ltr'>murpo</span> <span class='ocrx_word' id='word_1_230' title='bbox 1044 2882 1116 2936; x_wconf 75' lang='lat' dir='ltr'>LA’</span> 
     </span>
    </p>
   </div>
   <div class='ocr_carea' id='block_1_5' title="bbox 142 2949 1119 3632">
    <p class='ocr_par' dir='ltr' id='par_1_8' title="bbox 142 2949 1119 3632">
     <span class='ocr_line' id='line_1_32' title="bbox 145 2949 1114 3018; baseline -0.002 -12"><span class='ocrx_word' id='word_1_231' title='bbox 145 2951 247 3017; x_wconf 82' lang='lat' dir='ltr'>OEF,</span> <span class='ocrx_word' id='word_1_232' title='bbox 274 2952 399 3006; x_wconf 87' lang='lat' dir='ltr'>omniore</span> <span class='ocrx_word' id='word_1_233' title='bbox 447 2953 508 3017; x_wconf 84' lang='lat' dir='ltr'>¹A¹‚</span> <span class='ocrx_word' id='word_1_234' title='bbox 538 2952 651 3006; x_wconf 87' lang='lat' dir='ltr'>mitiore</span> <span class='ocrx_word' id='word_1_235' title='bbox 672 2952 741 3018; x_wconf 80' lang='lat' dir='ltr'>DF,</span> <span class='ocrx_word' id='word_1_236' title='bbox 768 2949 933 3005; x_wconf 87' lang='lat' dir='ltr'>humaniore</span> <span class='ocrx_word' id='word_1_237' title='bbox 956 2966 1025 3007; x_wconf 77' lang='lat' dir='ltr'>corr.</span> <span class='ocrx_word' id='word_1_238' title='bbox 1050 2950 1077 3004; x_wconf 99' lang='lat' dir='ltr'><strong><em>L</em></strong></span> <span class='ocrx_word' id='word_1_239' title='bbox 1102 2950 1114 3018; x_wconf 77' lang='lat' dir='ltr'>ll</span> 
     </span>
     <span class='ocr_line' id='line_1_33' title="bbox 142 3018 1115 3089; baseline -0.004 -14"><span class='ocrx_word' id='word_1_240' title='bbox 142 3027 159 3075; x_wconf 84' lang='lat'><strong>5</strong></span> <span class='ocrx_word' id='word_1_241' title='bbox 177 3019 222 3072; x_wconf 85' lang='lat' dir='ltr'>ira</span> <span class='ocrx_word' id='word_1_242' title='bbox 239 3019 315 3072; x_wconf 90' lang='lat' dir='ltr'>enim</span> <span class='ocrx_word' id='word_1_243' title='bbox 333 3020 380 3084; x_wconf 82' lang='lat' dir='ltr'>L¹,</span> <span class='ocrx_word' id='word_1_244' title='bbox 404 3020 446 3073; x_wconf 88' lang='lat' dir='ltr'>ita</span> <span class='ocrx_word' id='word_1_245' title='bbox 469 3020 544 3072; x_wconf 91' lang='lat' dir='ltr'>enim</span> <span class='ocrx_word' id='word_1_246' title='bbox 562 3021 647 3081; x_wconf 59' lang='grc' dir='ltr'>ΕΒΑ,</span> <span class='ocrx_word' id='word_1_247' title='bbox 671 3020 745 3089; x_wconf 76' lang='lat' dir='ltr'>quod</span> <span class='ocrx_word' id='word_1_248' title='bbox 767 3018 837 3087; x_wconf 69' lang='lat' dir='ltr'>quid</span> <span class='ocrx_word' id='word_1_249' title='bbox 858 3020 912 3073; x_wconf 77' lang='lat' dir='ltr'>eibi</span> <span class='ocrx_word' id='word_1_250' title='bbox 928 3019 1115 3084; x_wconf 68' lang='lat' dir='ltr'>lectitassem,</span> 
     </span>
     <span class='ocr_line' id='line_1_34' title="bbox 143 3084 1117 3207; baseline -0.006 -63"><span class='ocrx_word' id='word_1_251' title='bbox 143 3104 184 3144; x_wconf 75' lang='lat' dir='ltr'>aa</span> <span class='ocrx_word' id='word_1_252' title='bbox 200 3086 258 3140; x_wconf 82' lang='lat' dir='ltr'>iem</span> <span class='ocrx_word' id='word_1_253' title='bbox 277 3084 375 3144; x_wconf 79' lang='lat' dir='ltr'>enim?</span> <span class='ocrx_word' id='word_1_254' title='bbox 393 3088 403 3155; x_wconf 84' lang='grc' dir='ltr'>ΙΙ</span> <span class='ocrx_word' id='word_1_255' title='bbox 420 3087 603 3141; x_wconf 85' lang='lat' dir='ltr'>inexorabilis</span> <span class='ocrx_word' id='word_1_256' title='bbox 621 3088 692 3142; x_wconf 85' lang='lat' dir='ltr'>L¹A</span> <span class='ocrx_word' id='word_1_257' title='bbox 708 3089 718 3156; x_wconf 88' lang='grc' dir='ltr'>ΙΙ</span> <span class='ocrx_word' id='word_1_258' title='bbox 735 3088 815 3158; x_wconf 74' lang='lat' dir='ltr'>uarie</span> <span class='ocrx_word' id='word_1_259' title='bbox 834 3086 949 3207; x_wconf 60' lang='lat' dir='ltr'>L¹A¹p</span> <span class='ocrx_word' id='word_1_260' title='bbox 965 3091 980 3138; x_wconf 84' lang='grc'><strong>6</strong></span> <span class='ocrx_word' id='word_1_261' title='bbox 998 3086 1030 3138; x_wconf 89' lang='lat' dir='ltr'>ut</span> <span class='ocrx_word' id='word_1_262' title='bbox 1047 3085 1117 3138; x_wconf 86' lang='lat' dir='ltr'>uilia</span> 
     </span>
     <span class='ocr_line' id='line_1_35' title="bbox 142 3155 1117 3226; baseline -0.004 -16"><span class='ocrx_word' id='word_1_263' title='bbox 142 3157 182 3210; x_wconf 71' lang='lat' dir='ltr'>A*</span> <span class='ocrx_word' id='word_1_264' title='bbox 195 3157 204 3223; x_wconf 88' lang='grc' dir='ltr'>ΙΙ</span> <span class='ocrx_word' id='word_1_265' title='bbox 219 3161 233 3208; x_wconf 82' lang='grc'><strong>7</strong></span> <span class='ocrx_word' id='word_1_266' title='bbox 251 3155 425 3208; x_wconf 87' lang='lat' dir='ltr'>monimenta</span> <span class='ocrx_word' id='word_1_267' title='bbox 443 3155 481 3209; x_wconf 86' lang='lat' dir='ltr'>L¹</span> <span class='ocrx_word' id='word_1_268' title='bbox 493 3157 532 3224; x_wconf 77' lang='grc'>119</span> <span class='ocrx_word' id='word_1_269' title='bbox 550 3155 642 3226; x_wconf 82' lang='lat' dir='ltr'>gallus</span> <span class='ocrx_word' id='word_1_270' title='bbox 659 3159 698 3209; x_wconf 80' lang='lat' dir='ltr'>A¹</span> <span class='ocrx_word' id='word_1_271' title='bbox 711 3157 721 3225; x_wconf 86' lang='grc' dir='ltr'>ΙΙ</span> <span class='ocrx_word' id='word_1_272' title='bbox 735 3162 767 3210; x_wconf 88' lang='grc'>13</span> <span class='ocrx_word' id='word_1_273' title='bbox 786 3170 904 3208; x_wconf 87' lang='lat' dir='ltr'>senones</span> <span class='ocrx_word' id='word_1_274' title='bbox 949 3157 960 3189; x_wconf 79' lang='lat'><em>²</em></span> <span class='ocrx_word' id='word_1_275' title='bbox 977 3155 981 3222; x_wconf 85' lang='grc' dir='ltr'>Ι</span> <span class='ocrx_word' id='word_1_276' title='bbox 1005 3159 1037 3207; x_wconf 85' lang='grc'>14</span> <span class='ocrx_word' id='word_1_277' title='bbox 1055 3169 1117 3207; x_wconf 89' lang='lat' dir='ltr'>coe·</span> 
     </span>
     <span class='ocr_line' id='line_1_36' title="bbox 142 3221 1118 3302; baseline -0.002 -26"><span class='ocrx_word' id='word_1_278' title='bbox 142 3224 187 3292; x_wconf 91' lang='lat' dir='ltr'>pit</span> <span class='ocrx_word' id='word_1_279' title='bbox 204 3223 286 3276; x_wconf 90' lang='lat' dir='ltr'>iunus</span> <span class='ocrx_word' id='word_1_280' title='bbox 309 3222 401 3276; x_wconf 86' lang='lat' dir='ltr'>factus</span> <span class='ocrx_word' id='word_1_281' title='bbox 419 3223 569 3288; x_wconf 79' lang='lat' dir='ltr'>erenonib3</span> <span class='ocrx_word' id='word_1_282' title='bbox 588 3224 669 3277; x_wconf 86' lang='lat' dir='ltr'>L¹A¹</span> <span class='ocrx_word' id='word_1_283' title='bbox 694 3225 704 3302; x_wconf 75' lang='grc' dir='ltr'>Ι]</span> <span class='ocrx_word' id='word_1_284' title='bbox 730 3229 761 3277; x_wconf 85' lang='grc'>16</span> <span class='ocrx_word' id='word_1_285' title='bbox 778 3222 856 3292; x_wconf 84' lang='lat' dir='ltr'>leges</span> <span class='ocrx_word' id='word_1_286' title='bbox 874 3222 955 3276; x_wconf 86' lang='lat' dir='ltr'>L¹A¹</span> <span class='ocrx_word' id='word_1_287' title='bbox 985 3222 990 3289; x_wconf 84' lang='grc'>1</span> <span class='ocrx_word' id='word_1_288' title='bbox 1015 3227 1046 3275; x_wconf 76' lang='lat'>17</span> <span class='ocrx_word' id='word_1_289' title='bbox 1069 3221 1118 3274; x_wconf 90' lang='lat' dir='ltr'>lici</span> 
     </span>
     <span class='ocr_line' id='line_1_37' title="bbox 143 3289 1118 3360; baseline -0.003 -15"><span class='ocrx_word' id='word_1_290' title='bbox 143 3292 182 3345; x_wconf 72' lang='grc' dir='ltr'>Αί</span> <span class='ocrx_word' id='word_1_291' title='bbox 194 3292 204 3359; x_wconf 86' lang='grc'>11</span> <span class='ocrx_word' id='word_1_292' title='bbox 224 3297 255 3345; x_wconf 85' lang='grc'>19</span> <span class='ocrx_word' id='word_1_293' title='bbox 273 3308 315 3360; x_wconf 88' lang='lat' dir='ltr'>sp.</span> <span class='ocrx_word' id='word_1_294' title='bbox 332 3291 438 3344; x_wconf 88' lang='lat' dir='ltr'>casium</span> <span class='ocrx_word' id='word_1_295' title='bbox 450 3291 503 3358; x_wconf 91' lang='lat' dir='ltr'>L¹,</span> <span class='ocrx_word' id='word_1_296' title='bbox 521 3292 618 3360; x_wconf 70' lang='lat' dir='ltr'>spurio</span> <span class='ocrx_word' id='word_1_297' title='bbox 633 3307 755 3345; x_wconf 79' lang='lat' dir='ltr'>cassium</span> <span class='ocrx_word' id='word_1_298' title='bbox 772 3291 813 3354; x_wconf 87' lang='lat' dir='ltr'>A,</span> <span class='ocrx_word' id='word_1_299' title='bbox 833 3289 861 3344; x_wconf 82' lang='lat' dir='ltr'>G.</span> <span class='ocrx_word' id='word_1_300' title='bbox 875 3289 985 3344; x_wconf 83' lang='lat' dir='ltr'>Cassius</span> <span class='ocrx_word' id='word_1_301' title='bbox 1003 3294 1042 3344; x_wconf 78' lang='lat' dir='ltr'>est</span> <span class='ocrx_word' id='word_1_302' title='bbox 1059 3289 1118 3343; x_wconf 87' lang='lat' dir='ltr'>Po·</span> 
     </span>
     <span class='ocr_line' id='line_1_38' title="bbox 144 3357 1116 3428; baseline -0.001 -16"><span class='ocrx_word' id='word_1_303' title='bbox 144 3359 207 3413; x_wconf 77' lang='lat' dir='ltr'>ridi</span> <span class='ocrx_word' id='word_1_304' title='bbox 223 3361 233 3428; x_wconf 90' lang='grc' dir='ltr'>ΙΙ</span> <span class='ocrx_word' id='word_1_305' title='bbox 250 3365 282 3412; x_wconf 75' lang='lat'>21</span> <span class='ocrx_word' id='word_1_306' title='bbox 301 3358 445 3428; x_wconf 82' lang='lat' dir='ltr'>magnifici</span> <span class='ocrx_word' id='word_1_307' title='bbox 461 3359 500 3427; x_wconf 87' lang='lat' dir='ltr'>(ci</span> <span class='ocrx_word' id='word_1_308' title='bbox 516 3363 583 3415; x_wconf 61' lang='grc' dir='ltr'><em>Μ</em></span> <span class='ocrx_word' id='word_1_309' title='bbox 599 3377 619 3415; x_wconf 83' lang='lat' dir='ltr'>s.</span> <span class='ocrx_word' id='word_1_310' title='bbox 639 3360 667 3427; x_wconf 83' lang='lat' dir='ltr'>l.)</span> <span class='ocrx_word' id='word_1_311' title='bbox 687 3359 714 3413; x_wconf 99' lang='lat' dir='ltr'><strong><em>L</em></strong></span> <span class='ocrx_word' id='word_1_312' title='bbox 734 3360 744 3427; x_wconf 83' lang='grc'>11</span> <span class='ocrx_word' id='word_1_313' title='bbox 761 3364 794 3411; x_wconf 84' lang='lat'>24</span> <span class='ocrx_word' id='word_1_314' title='bbox 811 3357 958 3427; x_wconf 84' lang='lat' dir='ltr'>penatium</span> <span class='ocrx_word' id='word_1_315' title='bbox 977 3358 1018 3426; x_wconf 88' lang='lat' dir='ltr'>(at</span> <span class='ocrx_word' id='word_1_316' title='bbox 1035 3359 1116 3424; x_wconf 84' lang='lat' dir='ltr'>corr.)</span> 
     </span>
     <span class='ocr_line' id='line_1_39' title="bbox 145 3425 1119 3548; baseline 0 -68"><span class='ocrx_word' id='word_1_317' title='bbox 145 3426 180 3492; x_wconf 87' lang='lat' dir='ltr'>L,</span> <span class='ocrx_word' id='word_1_318' title='bbox 198 3427 339 3504; x_wconf 88' lang='lat' dir='ltr'>penitium</span> <span class='ocrx_word' id='word_1_319' title='bbox 357 3428 395 3481; x_wconf 82' lang='grc' dir='ltr'>Α1</span> <span class='ocrx_word' id='word_1_320' title='bbox 413 3429 423 3495; x_wconf 83' lang='grc' dir='ltr'>ΙΙ</span> <span class='ocrx_word' id='word_1_321' title='bbox 440 3433 473 3480; x_wconf 84' lang='lat'>25</span> <span class='ocrx_word' id='word_1_322' title='bbox 489 3427 599 3480; x_wconf 89' lang='lat' dir='ltr'>tolleris</span> <span class='ocrx_word' id='word_1_323' title='bbox 617 3427 685 3548; x_wconf 53' lang='lat' dir='ltr'>Mi,</span> <span class='ocrx_word' id='word_1_324' title='bbox 696 3431 729 3480; x_wconf 80' lang='lat'>26</span> <span class='ocrx_word' id='word_1_325' title='bbox 747 3425 938 3495; x_wconf 88' lang='lat' dir='ltr'>potentissimi</span> <span class='ocrx_word' id='word_1_326' title='bbox 956 3427 1037 3491; x_wconf 75' lang='lat' dir='ltr'>(corr.</span> <span class='ocrx_word' id='word_1_327' title='bbox 1053 3428 1119 3502; x_wconf 66' lang='lat' dir='ltr'>aad</span> 
     </span>
     <span class='ocr_line' id='line_1_40' title="bbox 144 3493 1118 3564; baseline -0.003 -16"><span class='ocrx_word' id='word_1_328' title='bbox 144 3511 179 3548; x_wconf 77' lang='lat' dir='ltr'>eu</span> <span class='ocrx_word' id='word_1_329' title='bbox 197 3495 364 3563; x_wconf 85' lang='lat' dir='ltr'>rnpotentis)</span> <span class='ocrx_word' id='word_1_330' title='bbox 383 3495 537 3564; x_wconf 66' lang='lat' dir='ltr'>L1128sp.</span> <span class='ocrx_word' id='word_1_331' title='bbox 557 3493 645 3549; x_wconf 82' lang='lat' dir='ltr'>mehir</span> <span class='ocrx_word' id='word_1_332' title='bbox 689 3535 695 3557; x_wconf 82' lang='lat'>‚</span> <span class='ocrx_word' id='word_1_333' title='bbox 717 3513 738 3553; x_wconf 80' lang='lat' dir='ltr'>s,</span> <span class='ocrx_word' id='word_1_334' title='bbox 756 3511 784 3563; x_wconf 88' lang='lat' dir='ltr'>p.</span> <span class='ocrx_word' id='word_1_335' title='bbox 802 3493 910 3548; x_wconf 86' lang='lat' dir='ltr'>milium</span> <span class='ocrx_word' id='word_1_336' title='bbox 930 3494 967 3549; x_wconf 82' lang='lat' dir='ltr'>A¹</span> <span class='ocrx_word' id='word_1_337' title='bbox 981 3494 991 3563; x_wconf 87' lang='grc' dir='ltr'>ΙΙ</span> <span class='ocrx_word' id='word_1_338' title='bbox 1009 3493 1118 3548; x_wconf 84' lang='lat' dir='ltr'>consilir</span> 
     </span>
     <span class='ocr_line' id='line_1_41' title="bbox 144 3561 700 3632; baseline -0.002 -16"><span class='ocrx_word' id='word_1_339' title='bbox 144 3562 180 3615; x_wconf 92' lang='lat' dir='ltr'>L¹</span> <span class='ocrx_word' id='word_1_340' title='bbox 195 3562 205 3629; x_wconf 86' lang='grc' dir='ltr'>ΙΙ</span> <span class='ocrx_word' id='word_1_341' title='bbox 218 3569 251 3616; x_wconf 80' lang='lat'>29</span> <span class='ocrx_word' id='word_1_342' title='bbox 268 3563 393 3616; x_wconf 64' lang='lat' dir='ltr'>iustiti*</span> <span class='ocrx_word' id='word_1_343' title='bbox 410 3561 543 3632; x_wconf 87' lang='lat' dir='ltr'>supplicii</span> <span class='ocrx_word' id='word_1_344' title='bbox 560 3562 659 3617; x_wconf 76' lang='lat' dir='ltr'>notio*</span> <span class='ocrx_word' id='word_1_345' title='bbox 673 3563 700 3615; x_wconf 89' lang='lat' dir='ltr'><strong><em>A</em></strong></span> 
     </span>
    </p>
   </div>
   <div class='ocr_carea' id='block_1_6' title="bbox 0 0 1320 3952">
    <p class='ocr_par' dir='ltr' id='par_1_9' title="bbox 0 0 1320 3952">
     <span class='ocr_line' id='line_1_42' title="bbox 0 0 1320 3952; baseline 0 0"><span class='ocrx_word' id='word_1_346' title='bbox 0 0 1320 3952; x_wconf 95' lang='lat' dir='ltr'> </span> 
     </span>
    </p>
   </div>
  </div>
 </body>
</html>
