2590 3948
189 141 281 196 XXVI
562 137 779 193 PRAEFATIO.

252 294 365 378 Itaque
387 296 501 356 neuter
517 291 616 356 codex
632 292 723 375 quasi
738 312 853 374 parens
869 293 919 355 est
940 291 1081 366 alterius,
1098 290 1156 354 sed

188 382 321 463 uterque
349 378 403 442 uel
432 377 466 441 in
496 376 627 440 minutis
656 375 751 440 rebus
779 376 860 442 adeo
883 375 997 440 similis
1020 375 1157 440 alterius

168 437 226 528 lut
253 485 291 527 ax
324 463 434 526 eadem
463 462 563 544 stirpe
596 464 628 524 et
661 481 780 545 genere
807 461 871 526 orti
900 460 1018 526 fratres
1050 480 1158 543 paene

189 547 320 632 gemelli
342 549 408 611 sint
429 545 580 610 habendi.
627 545 731 609 elucet
753 549 859 610 autem
886 567 926 609 ex
947 565 1066 630 magno
1089 566 1157 608 me-

188 632 394 698 morabilium
417 632 449 694 et
471 632 667 713 optimarum
693 629 884 711 lectionum,
915 651 994 714 quas
1017 650 1157 712 suprae

188 717 408 782 Laurentiano
432 716 586 797 excerpsi,
610 735 743 778 numero
765 735 834 780 non
855 718 964 779 tamen
987 717 1093 789 tanto,
1118 717 1157 777 ut

187 824 253 866 non
287 801 391 885 possit
422 799 591 882 permultis
624 799 749 882 augeri,
784 799 870 864 hunc
903 798 1043 864 codicem
1076 819 1157 880 prae

188 885 346 950 Beruensi
367 906 434 948 non
450 883 544 948 modo
560 905 626 948 non
642 885 868 966 spernendum,
893 885 947 949 sed
963 888 1019 949 aut
1033 883 1156 948 maiore

190 974 246 1034 aut
269 973 354 1035 certe
376 968 447 1052 pari
461 968 524 1032 fide
540 968 675 1052 dignum
690 989 758 1032 esse
781 972 876 1052 atque
899 969 1000 1037 illurn.
1030 967 1157 1033 accedit

188 1060 296 1119 autern
318 1054 381 1118 alia
403 1075 503 1136 eaque
526 1053 665 1116 maxima
692 1053 788 1117 huius
811 1053 887 1117 libri
908 1053 1048 1118 utilitas:
1077 1074 1155 1117 nam

189 1161 261 1203 cum
284 1140 318 1202 in
341 1137 498 1202 Beruensi
520 1158 602 1221 quae
624 1137 741 1201 uitiosa
769 1138 955 1202 uiderentur
983 1138 1154 1202 correctori

189 1223 376 1308 saepissime
405 1243 496 1287 erasa
521 1223 601 1299 sint,
631 1221 677 1286 ita
705 1224 742 1301 ut
768 1223 875 1305 prisca
902 1223 1059 1305 scriptura
1086 1223 1156 1287 erui
1276 1243 1277 1254 ³

187 1308 253 1372 iam
275 1307 476 1372 nullomodo
492 1306 603 1390 possit,
627 1310 868 1390 peropportune
884 1307 1010 1386 accidit,
1027 1306 1155 1391 utquid

188 1394 265 1456 olim
293 1393 338 1456 ibi
374 1390 449 1456 ante
479 1412 608 1456 rasuras
640 1391 793 1475 scriptum
828 1391 928 1456 fuerit
959 1413 1025 1456 non
1059 1391 1156 1456 modo

187 1478 354 1560 auspicari,
378 1478 433 1541 sed
455 1477 490 1542 in
512 1481 605 1542 tanta
627 1476 756 1542 illorum
772 1476 926 1540 librorum
942 1476 1155 1541 similitudine

187 1563 363 1627 certissime
385 1562 537 1646 colligere
567 1562 736 1645 possimus.
782 1561 935 1625 edebatur
962 1561 1026 1626 huc
1054 1582 1155 1645 usque
1276 1633 1277 1636 Ἴ

188 1649 217 1726 1,
233 1648 298 1714 6.9
321 1649 366 1731 (p.
382 1647 434 1726 29,
453 1646 507 1732 16)
529 1667 594 1711 aoa
610 1647 736 1728 placere
757 1647 818 1710 sibi
840 1651 922 1726 eata,
946 1647 1024 1728 qaia
1045 1647 1154 1728 prima

186 1737 308 1809 banca,
325 1733 462 1797 secanda
477 1733 575 1795 aimis
590 1731 673 1794 laeta
689 1733 921 1811 apparuissent.
949 1751 1030 1814 quae
1046 1730 1154 1794 omnia

187 1837 287 1899 usque
310 1817 350 1880 ad
372 1817 509 1887 secanda
530 1816 629 1879 nimis
655 1814 689 1878 in
718 1835 829 1878 rasura
857 1837 899 1878 m.
922 1816 942 1878 2
973 1815 1093 1897 scripta
1120 1815 1155 1878 in

189 1900 348 1964 Bernensi
369 1899 604 1964 Laurentianus
630 1898 677 1962 ita
706 1899 850 1964 exhibet:
878 1901 958 1981 qaia
985 1901 1155 1964 secandam
1276 1919 1277 1958 2

189 1989 340 2050 truncata
367 1982 463 2070 (corr.
486 1989 600 2048 traaca
622 1984 668 2067 ta)
698 1984 782 2050 laeta
810 1986 1034 2068 apparuissent
1058 1988 1155 2068 atque

188 2068 273 2133 hanc
295 2090 405 2147 ueram
428 2068 621 2151 scripturam
645 2089 714 2132 esse
730 2068 816 2131 Liuii
839 2070 926 2133 locus
943 2069 1005 2151 (27,
1017 2069 1068 2133 26.
1087 2070 1153 2152 14),

187 2175 203 2217 a
226 2175 289 2237 quo
305 2153 453 2218 Valerius
476 2153 555 2217 haec
573 2153 749 2236 exscripsit,
774 2153 945 2218 manifesto
967 2154 1118 2219 declarat.
1128 2153 1154 2240 ¹)

186 2239 263 2302 item
280 2240 308 2321 7,
325 2238 355 2302 3.
372 2243 436 2302 ext.
453 2239 472 2302 3
490 2241 533 2320 (p.
549 2237 621 2314 341,
639 2237 702 2324 11),
726 2259 820 2322 quem
843 2238 948 2302 locum
969 2259 1067 2322 supra
1089 2239 1154 2303 iam
1276 2273 1277 2296 ι

186 2323 298 2407 attigi,
327 2323 426 2386 codex
448 2323 474 2386 L
503 2325 535 2386 et
563 2323 639 2406 quid
667 2322 809 2387 radendo
837 2322 871 2386 in
894 2325 925 2386 A
947 2323 1087 2388 deletum
1111 2323 1155 2387 sit
1276 2319 1277 2328 ’

185 2406 341 2503 patefacit
363 2411 395 2471 et
417 2407 633 2471 emendandae
661 2407 860 2490 corruptelae
883 2411 1002 2472 certam
1029 2407 1153 2472 indicat

185 2513 280 2556 uram.
311 2492 413 2556 multa
427 2492 570 2556 eiusdem
585 2492 712 2575 generis
736 2492 883 2575 exempla
904 2492 998 2556 facile
1013 2493 1048 2555 in
1066 2513 1151 2557 com·
1242 2539 1245 2544 ,
1276 2489 1277 2492 ’

185 2577 343 2640 mentario
366 2598 438 2641 meo
461 2578 571 2641 critico
593 2578 802 2660 reperientur.
833 2597 893 2641 nec
916 2577 1048 2640 omnino
1070 2578 1150 2641 adeo

185 2661 305 2725 multae
334 2664 458 2725 restant
485 2662 521 2726 in
550 2682 586 2725 ao
616 2661 724 2726 codice
753 2682 900 2745 rasurae,
938 2662 1053 2742 quibus
1085 2681 1152 2726 non

185 2742 282 2810 liceat
297 2746 391 2811 nobis
407 2745 523 2810 adiutis
539 2745 754 2810 Laurentiano
770 2745 942 2829 pristinam
959 2745 1152 2828 scripturam

186 2830 327 2898 reddere.

250 2913 338 2990 Quae
362 2936 433 2979 cum
455 2915 501 2978 ita
523 2915 605 2994 sint,
635 2914 780 2984 neutrius
802 2915 915 2978 horum
940 2913 1085 2978 codicum
1106 2918 1153 2978 te·

188 3001 339 3064 stimonio
373 3000 408 3064 in
435 2998 641 3062 restituendis
671 2997 792 3064 Valerii
819 2999 910 3064 libris
938 3020 1046 3063 carere
1078 3020 1151 3082 pos.-

186 3106 306 3149 aumus.
320 3085 371 3148 his
384 3087 491 3149 autem
503 3082 656 3147 adhibitis
667 3084 884 3150 recentiorum
892 3105 969 3148 usus
980 3083 1151 3148 admodum

185 3170 318 3267 exiguus
341 3172 406 3233 est:
438 3172 563 3233 scatent
592 3168 679 3231 enim
705 3168 852 3250 plurimis
878 3168 1081 3233 librariorum
1105 3189 1153 3232 er-

185 3254 310 3318 ronbus
333 3256 366 3317 et
388 3253 580 3318 coniecturis
603 3253 774 3316 maximam
797 3258 919 3335 partem
935 3253 1064 3336 ineptis,
1080 3273 1150 3336 per·

254 3461 278 3516 ll
306 3454 403 3509 Malim
426 3456 522 3509 tamen
546 3471 619 3508 nunc
642 3469 693 3524 pro
717 3468 766 3522 eo,
790 3454 864 3523 quod
887 3455 994 3523 recepi,
1016 3461 1150 3512 truncata

185 3541 248 3578 cum
265 3524 299 3577 L²
317 3524 410 3590 legere
428 3527 529 3577 traaca
546 3528 612 3577 tam.
