2606 3952
221 167 283 232 106
641 163 708 218 ne.
728 162 762 218 11.

282 318 312 384 6.
337 318 372 387 0.
388 318 484 383 etiam
504 317 624 382 Marius
646 317 681 381 in
703 316 898 400 profundum
919 316 1105 382 ultimarum
1127 319 1187 382 mi·

220 404 373 469 seriarum
397 404 541 468 abiectus
563 424 602 467 ex
624 402 694 486 ipso
715 403 802 466 uitae
824 400 1007 466 discrimine
1031 403 1187 468 beneficio

219 489 394 554 maiestatis
418 487 562 553 emersit:
584 487 701 554 missus
724 487 809 552 enim
831 487 870 550 ad
891 507 965 551 eum
979 487 1187 552 occidendum

1287 303 1296 368 l

220 574 255 638 iu
276 574 405 657 priuata
427 574 522 637 domo
544 571 718 637 Minturnis
739 571 883 650 clausum
906 591 1017 636 seruus
1038 573 1187 656 publicus
1293 601 1294 606 ¹

195 659 353 723 unctione
370 657 499 724 Cimber
518 661 551 722 ct
572 677 682 722 senem
696 661 729 721 et
742 657 900 721 inermem
922 659 955 720 et
968 657 1115 740 squalore
1131 661 1187 721 ob·

220 744 317 808 situm
340 743 487 807 strictum
509 741 651 826 gladium
673 745 787 806 tenens
802 740 935 826 adgredi
952 762 1019 804 non
1035 742 1188 806 sustinuit

220 831 253 892 et
281 827 426 892 claritate
454 827 517 891 uiri
544 827 733 891 obcaecatus
762 826 888 890 abiecto
915 825 1002 890 ferro
1030 828 1187 892 attonitus

219 911 295 978 rbde
317 934 355 977 ec
376 916 517 976 tremens
539 911 633 994 fugit.
668 910 828 976 Cimbrica
849 910 1001 975 nimirum
1020 910 1186 976 calamitas

220 997 330 1062 oculos
352 996 492 1061 hominis
508 996 731 1079 praestrinxit,
754 995 960 1079 deuictaeque
979 996 1087 1080 gentis
1110 1016 1187 1060 suae

181 1101 207 1140 ro
221 1081 370 1146 interitus
393 1081 535 1145 animum
559 1080 756 1162 comminuit,
779 1080 876 1144 etiam
898 1081 946 1144 dis
961 1080 1186 1146 inmortalibus

220 1166 389 1250 indignum
411 1165 489 1229 ratis
505 1166 544 1229 ab
560 1187 625 1230 uno
641 1165 708 1229 eius
729 1163 869 1229 nationis
884 1165 1023 1229 interfici
1038 1163 1186 1242 Marium,

220 1271 317 1333 quam
345 1255 446 1314 totam
473 1249 642 1314 deleuerat.
687 1249 925 1314 Minturnenses
954 1253 1062 1314 autem
1087 1251 1186 1314 maie·

220 1337 303 1400 state
325 1335 411 1399 illius
439 1335 527 1418 capti
554 1334 810 1417 conprehensum
831 1335 894 1398 iam
922 1337 955 1398 et
977 1335 1187 1400 constrictum

221 1420 290 1484 dire
317 1421 379 1485 fati
407 1421 598 1485 necessitate
620 1419 816 1484 ineolumem
842 1418 1083 1501 praestiterunt.
1126 1440 1187 1485 nec

183 1520 209 1561 1⁵
222 1503 285 1569 fuit
307 1505 352 1570 eis
373 1505 481 1570 timori
504 1506 679 1588 asperrima
701 1501 808 1569 Sullae
831 1503 978 1581 uictoria,
1002 1525 1075 1568 cum
1096 1525 1187 1587 prae·

221 1591 332 1654 sertim
354 1591 423 1673 ipse
446 1590 566 1654 Marius
589 1610 643 1654 eos
665 1610 684 1652 a
706 1587 925 1653 conseruando
942 1586 1046 1652 Mario
1067 1589 1187 1654 abster-

220 1696 292 1740 rere
313 1678 431 1759 posset.

285 1761 312 1826 7.
338 1759 381 1824 M.
405 1779 532 1843 quoque
553 1757 702 1823 Porcium
725 1756 878 1822 Catonem
900 1757 1069 1822 admiratio
1091 1755 1187 1822 fortis

221 1864 258 1906 ac
286 1845 429 1908 sincerae
462 1844 550 1908 uitae
581 1843 660 1907 adeo
693 1841 909 1907 uenerabilem
942 1843 1066 1906 senatui
1099 1842 1187 1924 fecit,

182 1934 270 2007 aut,
299 1950 372 1992 oum
394 1928 497 1993 inuito
521 1925 555 1995 O.
580 1927 715 1992 Caesare
743 1926 871 1992 consule
899 1925 1052 1991 aduersus
1081 1927 1187 2011 publi-

215 2033 317 2077 -oanos
340 2013 473 2077 dicendo
496 2013 530 2076 in
553 2013 641 2077 ouria
664 2011 746 2077 diem
768 2011 911 2076 traheret
933 2016 961 2078 et
980 2012 1020 2075 ob
1043 2010 1075 2074 id
1096 2012 1187 2076 iussu

221 2098 289 2162 eius
312 2119 331 2160 a
353 2097 464 2162 lictore
484 2097 520 2162 in
536 2117 694 2162 carcerem
710 2097 888 2174 duceretur,
911 2096 1081 2160 uniuersus
1096 2118 1186 2161 sena·
1295 2149 1296 2152 ,

221 2184 272 2245 tus
295 2182 384 2245 illum
407 2182 498 2264 sequi
520 2202 585 2245 non
601 2182 772 2246 dubitaret.
806 2202 888 2264 quae
902 2202 953 2244 res
969 2181 1072 2246 diuini
1087 2182 1186 2246 animi

223 2266 494 2350 perseuerantiam
516 2266 615 2334 flexit.

183 2367 209 2406 2⁵
286 2351 315 2416 8.
354 2350 475 2415 Eodem
504 2351 596 2416 ludos
618 2349 778 2428 Florales,
807 2369 888 2433 quos
910 2349 1047 2414 Messius
1075 2349 1187 2416 aedilis

220 2434 368 2520 faciebat,
392 2439 558 2519 spectante
580 2435 715 2519 populus
736 2439 774 2499 ut
788 2435 904 2498 mimae
920 2435 1118 2499 nudarentur
1133 2456 1187 2519 po·

290 2561 301 2607 1
322 2553 497 2607 miseriarum
516 2552 679 2608 ultimarum
699 2551 776 2620 Lllt
794 2551 937 2606 discrimin
973 2552 1001 2604 A
1013 2553 1052 2620 117
1071 2554 1100 2606 et
1117 2551 1144 2606 L
1162 2557 1188 2608 et
1293 2537 1294 2556 i

222 2623 285 2676 cett.
303 2622 357 2676 ma
373 2635 459 2686 ema,
482 2620 531 2675 aad
548 2622 582 2674 iu
598 2636 654 2678 ros.
672 2620 699 2674 A
723 2621 733 2688 ΙΙ
758 2620 908 2675 obcecatus
976 2621 986 2688 ΙΙ
1009 2627 1026 2675 8
1044 2620 1187 2674 calamites

221 2689 301 2743 L²A¹
315 2690 353 2757 119
371 2688 555 2758 praestrinxit
572 2689 672 2755 Halm,
689 2689 851 2756 perstriuxit
867 2688 919 2754 L¹‚
958 2687 1071 2742 strinxit
1082 2688 1153 2742 L²A
1173 2690 1185 2758 ll

223 2763 254 2810 12
273 2758 370 2826 quam]
395 2758 444 2824 qui
468 2771 531 2811 aem
553 2771 648 2826 murpo
664 2756 692 2810 A
708 2757 734 2878 p
749 2753 917 2825 deleguerat
934 2705 1014 2810 b¹A¹
1070 2762 1189 2836 13,con·

220 2825 390 2893 prehensum
412 2839 476 2890 uos,
505 2840 685 2893 conpressum
738 2824 780 2890 A,
807 2839 992 2892 conprensum
1045 2824 1134 2894 odrae
1150 2823 1192 2876 ΙΙ

219 2895 279 2957 318,
299 2898 328 2948 ot
350 2892 411 2949 Vol.
431 2892 581 2948 breuiorem
598 2891 717 2958 somam
734 2905 792 2946 aon
808 2892 902 2956 uouit,
920 2892 956 2958 cs.
975 2891 1066 2958 1113,
1086 2896 1141 2949 eat.
1153 2895 1187 2957 7,·

223 2959 315 3016 V112
332 2964 450 3026 eet.15;
471 2959 571 3013 VIIII
586 2963 663 3023 13,3
680 2965 727 3015 etc,
751 2960 775 3082 lp]
787 2965 818 3013 14
839 2958 920 3012 dira*
934 2961 962 3013 A
986 2960 995 3027 ΙΙ
1019 2959 1188 3013 incolomem

219 3027 300 3082 L¹A¹
313 3030 323 3097 ΙΙ
338 3034 369 3083 15
387 3029 427 3084 eis
445 3028 520 3095 dett,
540 3028 567 3081 ei
584 3028 643 3081 LA
661 3028 671 3095 ΙΙ
690 3033 721 3082 16
739 3043 757 3081 a
777 3028 851 3081 atera
863 3027 911 3094 L¹,
930 3028 1085 3081 absterrere
1104 3055 1137 3066 -
1157 3030 1188 3080 18

219 3095 370 3151 admiratio
389 3111 439 3153 om.
453 3095 490 3161 A,
509 3096 557 3150 sed
574 3112 610 3148 m.
629 3095 755 3165 porcium
775 3095 904 3150 catonem
921 3093 1031 3162 supplet
1047 3108 1143 3164 murpc
1160 3094 1189 3148 A

220 3164 335 3231 ePur.,
357 3181 427 3234 quae
445 3163 548 3218 lacuna
564 3177 621 3218 two
639 3169 677 3218 eet
694 3164 726 3218 ia
744 3162 771 3216 L
790 3168 814 3218 et
832 3162 897 3217 dett.
920 3165 930 3231 ΙΙ
957 3169 987 3216 19
1005 3161 1186 3233 sincaereL¹

224 3233 234 3298 ll
247 3239 280 3286 ’20
296 3232 404 3286 inuicto
416 3231 629 3354 A¹ppcersurea
648 3234 730 3299 (corr.
749 3234 832 3296 erae)
848 3230 875 3284 L
887 3230 897 3298 ΙΙ
910 3237 940 3284 21
961 3230 1068 3283 curium
1081 3229 1153 3284 L¹A
1172 3231 1186 3298 ll

219 3299 346 3354 traheret
363 3313 412 3355 uos
431 3316 444 3354 e
486 3315 541 3364 aa,
565 3299 743 3353 abstraheret
760 3298 835 3365 LA,
861 3297 1024 3352 extraheret
1041 3297 1102 3352 edd.
1121 3303 1189 3352 uett.

231 3367 233 3377 ¹
255 3366 284 3419 et
300 3381 351 3423 om.
370 3367 430 3420 LA
442 3368 451 3435 {l
469 3373 501 3420 25
520 3365 620 3420 eodem
637 3367 719 3431 Pur„
744 3365 857 3421 eosdem
875 3365 946 3420 LA¹
968 3365 977 3433 ΙΙ
1001 3370 1033 3418 26
1051 3364 1185 3435 faciebat]

234 3479 240 3490 .
258 3432 289 3486 P.
308 3433 413 3514 ciebat
434 3448 528 3502 mcrryo
546 3433 573 3488 A
591 3449 605 3487 e
621 3436 691 3490 Pur.
709 3435 721 3512 ΙΙΙ
735 3432 858 3513 populus
871 3464 902 3474 -
915 3439 930 3488 5
944 3449 974 3501 p.
991 3446 1044 3556 seg.
1063 3433 1188 3513 priscum

219 3501 534 3569 morem1olcuras.10
551 3517 682 3556 uacuum
700 3502 800 3556 litterae
816 3517 848 3555 eu
866 3501 977 3571 lorcyum
990 3501 1020 3554 dc
1041 3505 1113 3558 umes
1125 3501 1152 3554 A
1172 3501 1184 3570 ll

219 3566 335 3620 minime
354 3569 489 3621 darentur
507 3568 564 3636 (sed
581 3568 610 3620 ni
627 3585 662 3622 m.
680 3571 699 3622 2
716 3584 737 3628 s.
755 3569 785 3638 l.)
798 3568 825 3622 L
