2550 3958
286 175 362 236 CAP.
374 175 466 242 XIIII,
486 181 537 242 §A
551 183 576 232 5.
595 177 657 231 Ext.
676 181 691 243 ξ
711 183 785 237 1-3.
810 179 872 248 XV,
892 185 944 245 §L
1035 182 1099 246 469

131 328 329 394 liniamentis
363 329 427 394 oris
458 333 490 394 et
523 331 666 394 omnium
699 332 915 397 membrorum
943 354 1099 418 conpares

131 417 233 479 erant.

194 499 225 564 3.
257 497 317 562 Ille
338 519 432 580 uero,
457 520 553 583 quem
574 499 610 564 in
632 498 742 566 Sicilia
763 501 950 585 prouinciae
970 503 1099 568 rectoris

131 582 299 649 admodum
324 583 460 648 similem
482 584 581 649 fuisse
604 589 747 663 constat,
775 585 951 670 petulantis
980 587 1096 651 animi:

129 681 188 752 pro
217 668 348 733 consule
376 669 461 733 enim
490 668 617 734 dicente
639 671 750 735 mirari
773 692 807 734 se
829 674 1025 754 quapropter
1046 673 1095 736 sui
1124 692 1137 732 s

129 755 196 817 tum
219 752 332 818 similis
359 757 456 836 esset,
492 775 564 818 cum
590 757 683 838 pater
710 777 787 820 auus
815 755 850 820 in
873 777 945 820 eam
989 757 1098 821 rouin-

131 838 215 902 ciam
230 859 404 921 numquam
422 839 617 917 accessisset,
641 845 688 904 ‘at
702 846 803 905 meus'
826 841 933 924 inquit
948 778 1097 906 ‘Romam

131 923 294 987 accessit':
316 925 387 986 ioco
409 944 549 1007 namque
570 923 750 990 lacessitam
772 927 884 989 matris
906 947 983 990 suae
1007 925 1097 1009 pudi-

131 1007 239 1071 citiam
266 1007 404 1072 inuicem
436 1007 617 1106 suspicione
645 1010 680 1073 in
713 1011 847 1074 matrem
882 1011 950 1074 eius
978 1011 1098 1074 reiecta

130 1091 281 1241 {udacilps
304 1113 400 1240 quqm
422 1113 522 1177 uirgis
537 1095 570 1156 et
591 1095 753 1158 securibus
768 1095 911 1160 subiecto
928 1094 1095 1160 conuenie-
1111 1113 1136 1153 ιο

156 1197 175 1239 a
213 1197 232 1239 u
260 1197 298 1240 us
320 1196 379 1240 es.

223 1309 296 1376 XV.
330 1309 389 1374 DE
412 1309 467 1376 IIS
490 1309 566 1387 cvl
588 1311 745 1378 INFIMO
769 1313 880 1380 LOCO
903 1315 1012 1380 NATI

194 1409 430 1477 MENDACIO
460 1411 511 1477 SE
541 1412 809 1480 CLARISSIMIS
838 1413 1030 1480 FAMILIIS

335 1511 556 1596 INSERERE
579 1513 743 1580 CONATI
766 1513 889 1580 SVNT.

194 1628 256 1695 Sed
277 1629 455 1696 tolerabilis
478 1632 557 1696 haec
580 1636 612 1696 et
634 1633 690 1696 uni
711 1636 842 1698 tantum
858 1633 952 1699 modo
975 1655 1054 1708 auce
1078 1652 1133 1698 sis

129 1716 301 1780 tementes.
345 1715 430 1801 quod
453 1717 596 1801 sequitur
604 1717 824 1806 ,inpudentiae
846 1739 948 1803 genus
970 1740 1031 1783 neo
1053 1655 1097 1783 Ic-

130 1799 266 1865 rendum
295 1799 362 1864 ullo
394 1802 490 1866 modo
518 1801 716 1887 periculique
745 1825 818 1868 oum
847 1803 1000 1887 priuatim
1028 1806 1098 1868 tum

131 1885 228 1950 etiam
250 1885 377 1970 publica
400 1885 463 1950 late
485 1887 636 1970 patentis.

194 1971 224 2035 1.
246 1969 332 2036 Nam
353 1974 390 2035 ut
405 1970 569 2055 Equitium
586 1971 693 2036 Firmo
708 1971 827 2036 Piceno
846 1974 1024 2036 monstrum
1045 1993 1098 2036 ue-

129 2055 231 2138 niens,
254 2056 390 2120 relatum
413 2056 477 2120 iam
504 2057 539 2121 in
561 2056 692 2122 huiusce
714 2056 790 2121 libri
811 2057 972 2141 superiore
994 2059 1096 2140 parte,
1110 2075 1136 2115 ao

128 2142 343 2224 praeteream,
367 2141 457 2204 cuius
477 2141 511 2206 in
531 2141 754 2225 amplectendo
775 2141 824 2205 Ti.
841 2141 986 2206 Graccho
1007 2145 1098 2226 patre

130 2224 261 2288 euidens
281 2224 484 2289 mendacium
506 2226 691 2291 turbulento
713 2227 803 2312 uulgi
827 2247 944 2309 errore,
967 2226 1097 2310 amplis·

131 2308 211 2372 sima
233 2309 416 2373 tribunatus
439 2313 599 2392 potestate
627 2310 785 2376 uallatum
807 2313 870 2390 est,
900 2311 1097 2395 Herophilus

131 2392 288 2457 ocularius
317 2393 457 2458 medicus
486 2393 522 2459 C.
547 2395 684 2459 Marium
711 2395 775 2459 VII
806 2394 970 2460 consulem
1000 2417 1097 2460 auum

130 2477 192 2542 sibi
214 2476 407 2543 uindicando
431 2479 490 2563 [ita
505 2478 554 2564 se]
571 2479 706 2559 extudit,
729 2483 765 2544 ut
781 2483 813 2544 et
828 2480 971 2544 coloniae
987 2501 1020 2543 se
1042 2501 1096 2543 ue·
1109 2496 1136 2538 ²⁵

202 2611 408 2666 lliniamentis
427 2613 506 2676 (corr.
528 2613 616 2681 otiis)
635 2614 663 2667 L
681 2617 706 2666 et
724 2629 737 2666 e
754 2617 821 2668 Μ
838 2613 904 2668 add.
922 2613 1099 2682 AllsorIsA

130 2681 169 2747 lb
193 2679 313 2734 siciliam
336 2680 406 2734 LA¹
430 2680 440 2747 ΙΙ
464 2680 537 2750 piae
559 2682 590 2750 (ι’.
613 2697 635 2739 e.
659 2681 832 2750 prouinciae)
855 2680 987 2746 rectoris,
1016 2680 1098 2734 Gertz

153 2789 158 2800 .
177 2749 243 2808 297.
262 2748 413 2816 praetoriis
429 2749 516 2814 LA¹,
541 2747 627 2802 Surae
645 2749 820 2817 proconsulis
839 2749 909 2818 (coll.
927 2748 1008 2804 Ptin.
1024 2764 1053 2801 a.
1071 2748 1097 2802 lc.

156 2814 259 2881 1112,
278 2816 322 2882 55)
340 2815 535 2882 Kellerbauer,
559 2814 733 2883 proconsulis
751 2815 796 2879 D,
839 2816 958 2869 rectoris
980 2815 1069 2869 Halm

129 2882 373 2961 bproconsulem.
388 2882 428 2944 L.
458 2883 597 2953 [procons.
620 2882 707 2951 enim]
731 2886 760 2936 A
782 2833 956 2962 l'riicentem
980 2882 1085 2951 L¹A¹l

131 2949 197 3018 [qua
218 2953 315 3028 rcpter
332 2967 376 3004 sur
393 2953 554 3020 tamAssb
587 2967 782 3019 suna-prou
796 2967 898 3004 meram
914 2951 942 3004 A
977 2951 1097 3019 7[at-

129 2967 260 3096 accesssit
276 3033 337 3071 roco
356 3034 419 3071 nam
457 3035 492 3072 ue
504 3050 537 3060 -
550 3035 567 3071 u
580 3021 626 3071 tus
645 3017 705 3138 md
717 3019 745 3072 A
757 3018 796 3088 119
814 3020 927 3088 regesta
989 3023 1014 3096 et
1032 3018 1097 3072 dett.

123 3085 300 3221 Mlti,
317 3084 588 3232 lescle-,tl
605 3083 1097 3233 necessetatebus

128 3218 208 3271 L¹A¹
231 3221 240 3288 ΙΙ
264 3226 294 3274 19
312 3222 468 3288 aequrtrum
487 3222 546 3276 LA
566 3224 576 3290 ΙΙ
597 3227 630 3275 20
647 3221 781 3275 retlatum
798 3221 837 3274 A¹
859 3221 870 3289 11
891 3221 972 3274 huius
990 3219 1096 3274 celebri

127 3287 199 3340 LA¹
212 3288 222 3356 ΙΙ
234 3289 347 3356 partem
365 3289 470 3358 L¹A¹ll
488 3296 520 3342 22
539 3287 646 3357 errore]
666 3288 788 3343 addend.
808 3289 868 3342 uid.
888 3291 918 3342 et
929 3290 940 3356 ΙΙ
953 3294 986 3342 24
1004 3287 1097 3342 ocula-

126 3356 186 3408 rius
213 3355 298 3418 Par..
326 3361 352 3410 ct
373 3371 466 3426 marpo
492 3358 534 3416 A.
563 3356 713 3424 aequarius
740 3355 767 3409 L
795 3361 820 3410 et
837 3356 926 3424 prior.
949 3355 1095 3410 stodeat.

126 3424 154 3477 A
176 3422 186 3490 ΙΙ
207 3422 262 3477 Vll
285 3426 316 3492 (a.
338 3423 356 3481 l.
382 3440 416 3477 m.
434 3427 454 3477 2
475 3424 543 3478 add.
563 3425 602 3491 es)
626 3423 684 3491 ΑΙΙ
710 3430 743 3478 ‘25
761 3424 803 3490 Ita
826 3439 855 3478 se
882 3422 1019 3489 CDEF,
1044 3437 1096 3477 om.

126 3491 167 3554 L,
191 3506 249 3545 reon
267 3496 374 3546 condat
390 3497 485 3546 utram
506 3491 615 3557 saeriat
635 3507 720 3546 necne
737 3491 769 3545 ia
786 3492 814 3545 A
834 3492 844 3560 l
866 3491 968 3546 extulit
988 3490 1096 3557 LDF,

127 3572 178 3612 orn.
204 3560 245 3616 L.
275 3559 389 3614 excudit
408 3558 477 3621 OE,
503 3575 551 3614 em.
577 3557 683 3612 Gertz*
706 3559 765 3617 coll.
783 3574 814 3627 p.
838 3563 904 3628 231,
925 3563 959 3614 13
982 3565 1007 3614 et
1023 3559 1097 3613 Por.
