2604 3960
222 193 286 259 206
633 191 701 248 ure.
720 190 783 249 1111.

222 344 408 430 splendidae
430 343 566 409 militiae
589 343 748 428 stipendia
768 343 805 407 P.
829 341 917 409 Caeli
942 343 1099 408 beneficio
1122 366 1198 428 per-

221 433 363 496 uenerat.
397 429 449 494 cui
471 433 600 513 gratum
621 429 781 508 animum,
804 429 880 512 quia
902 428 986 493 laeta
1007 429 1042 492 in
1057 431 1198 518 materia

223 514 372 580 exhibere
394 535 462 580 non
476 514 667 599 contigerat,
690 513 725 577 in
740 534 786 596 ea,
810 534 906 596 quam
920 513 1039 578 inicam
1057 513 1198 580 fortuna

222 621 290 665 esse
313 599 431 678 uoluit,
455 619 526 663 oum
549 597 650 662 multa
671 597 734 661 fide
748 597 919 682 praestitit.
954 603 1022 662 erat
1037 597 1080 662 ob
1096 596 1198 664 Oeta-

196 686 275 750 auio
304 683 435 750 consule
457 682 642 748 Placentiae
670 683 872 767 praepositus
895 682 1030 748 Caelius.
1076 703 1143 766 qua
1173 706 1196 750 a

220 769 370 836 Cinnano
393 768 536 833 exercitu
558 771 654 851 capta
675 770 708 831 et
728 767 837 833 senior
856 768 921 831 iam
944 771 977 832 et
997 769 1091 852 graui
1109 768 1196 832 uali-

220 854 333 920 tudine
355 853 515 934 adfectus,
544 873 586 916 ne
607 851 643 916 in
665 854 857 936 potestatem
886 850 1028 916 hostium
1051 851 1194 936 ueniret,
1281 899 1282 972 1

221 940 260 1004 ad
283 938 436 1003 auxilium
459 936 607 1002 dexterae
630 936 762 1002 Petroni
786 935 942 1020 confugit
980 937 1125 1020 quomis
1150 938 1196 1002 ab

220 1025 350 1108 incepto
373 1020 507 1088 oonsilio
529 1021 650 1086 frustra
673 1024 808 1086 conatus
823 1020 1007 1085 abstrahere
1030 1021 1065 1085 in
1086 1020 1194 1087 isdem

182 1130 207 1169 ιο
220 1111 478 1192 perseuerantem
499 1106 646 1190 precibus
661 1106 826 1170 interemit
847 1104 999 1191 caedique
1015 1107 1082 1170 eius
1099 1126 1193 1173 suam

219 1193 338 1276 iunxit,
361 1213 403 1256 ne
425 1212 463 1256 eo
485 1193 625 1274 iacente,
648 1211 706 1274 per
721 1210 816 1274 quem
832 1190 940 1255 omnia
956 1190 1127 1274 dignitatis
1142 1191 1195 1255 in·

219 1280 382 1342 crementa
403 1276 571 1342 adsecutus
598 1274 717 1354 fuerat,
746 1278 937 1358 superesset.
980 1276 1027 1339 ita
1056 1275 1193 1341 alterius

218 1361 286 1426 fato
308 1361 516 1439 uerecundia,
542 1359 673 1425 alterius
696 1358 799 1444 pietas
822 1380 951 1424 oausam
972 1359 1132 1444 praebuit.
1282 1357 1283 1432 i

282 1445 311 1512 6.
341 1445 527 1532 Iungendus
549 1444 704 1510 Petronio
720 1442 786 1510 Ser.
803 1443 973 1508 Terentius
988 1447 1052 1527 est,
1076 1465 1191 1528 quam-

180 1553 204 1594 15
219 1551 315 1616 quam
338 1531 383 1615 ei,
413 1531 497 1595 siout
518 1530 675 1613 cupierat,
702 1550 762 1614 pro
785 1529 888 1594 amico
912 1549 969 1593 suo
995 1528 1101 1612 perire
1123 1549 1191 1596 nou

217 1615 373 1701 contigit:
396 1615 525 1699 incepto
540 1635 679 1698 namque
694 1613 841 1700 egregio,
864 1634 932 1679 non
951 1614 1051 1678 inrito
1067 1617 1190 1679 euentu

203 1701 381 1766 aestimari
404 1699 514 1782 debet,
538 1699 631 1783 quia,
655 1699 866 1783 quantumin
889 1697 945 1762 illo
959 1697 1038 1781 fuit,
1063 1698 1190 1782 etipse

217 1786 377 1851 extinctus
399 1788 448 1849 est
470 1788 502 1849 et
524 1784 564 1847 D.
588 1782 707 1849 Brutus
728 1783 907 1867 periculum
935 1783 1039 1848 euasit
1064 1783 1189 1850 mortis.
1282 1745 1284 1862 i

217 1871 272 1954 qui
294 1870 424 1955 fugiens
440 1889 459 1932 a
474 1868 612 1951 Mutina,
635 1871 673 1933 ut
686 1868 726 1932 ad
741 1889 775 1933 se
790 1867 1046 1932 interficiendum
1062 1868 1104 1931 ab
1119 1869 1189 1932 An·
1283 1887 1284 1890 ’

178 1975 203 2015 ao
216 1954 305 2020 tonio
327 1954 440 2019 missos
462 1952 585 2037 equites
608 1952 774 2018 aduenisse
797 1952 963 2037 cognouit,
990 1951 1128 2036 quodam
1151 1953 1189 2017 in

217 2040 287 2105 loco
310 2039 414 2103 iustae
436 2057 560 2121 poenae
583 2036 723 2103 debiturn
747 2037 896 2121 spiritum
918 2036 1062 2102 tenebris
1083 2037 1188 2102 furari

217 2122 402 2204 conabatur,
421 2143 523 2205 eoque
540 2122 605 2187 iam
617 2122 705 2187 facta
719 2123 902 2206 inruptione
912 2120 1082 2186 Terentius
1097 2121 1187 2187 fideli

215 2207 383 2272 mendacio
400 2207 596 2272 obscuritate
611 2207 681 2291 ipsa
695 2207 892 2293 suffragante
907 2204 1045 2270 Brutum
1065 2227 1099 2270 se
1115 2227 1188 2272 esse
1283 2193 1285 2284 l

216 2291 380 2357 simulauit
394 2295 426 2356 et
443 2313 557 2376 corpus
572 2312 664 2357 sunm
680 2291 904 2356 trucidandum
920 2291 1082 2376 equitibus
1098 2291 1185 2356 obie-

177 2394 201 2434 25
215 2376 269 2441 eit.
292 2397 404 2441 uerum
429 2377 579 2462 cognitus
599 2398 618 2441 a
638 2376 744 2459 Furio,
774 2377 824 2441 oui
852 2374 1026 2441 Brutianae
1053 2375 1185 2441 ultionis

214 2460 357 2526 officium
371 2462 559 2528 mandatum
574 2462 694 2541 fuerat,
716 2482 796 2526 nece
809 2482 867 2526 sua
881 2461 976 2526 amici
991 2460 1181 2544 supplicium

215 2545 372 2612 discutere
387 2567 452 2611 non
467 2546 584 2631 potuit.
598 2545 645 2611 sio
657 2547 780 2612 inuitus
794 2546 928 2611 fortuna
942 2550 1076 2631 cogente
1091 2545 1185 2612 uixit.

284 2697 396 2767 lpubli
419 2697 492 2752 coeli
509 2697 588 2764 LA',
637 2697 780 2769 ublicoleli
798 2697 845 2761 Αἱ,
893 2695 1040 2768 ublieosle
1059 2697 1110 2764 Β,
1139 2697 1182 2752 Ti.

214 2764 324 2822 Coelius
341 2766 497 2844 ostPondi
508 2766 546 2834 la
565 2767 600 2820 sai
615 2713 698 2819 dm
717 2765 837 2834 {inicam
878 2770 933 2820 orta
946 2779 977 2832 p.
989 2767 1051 2832 278,
1071 2765 1184 2819 unicam

214 2833 283 2888 LA¹
295 2833 391 2900 Halm,
403 2835 530 2902 iniquam
542 2833 581 2887 A*
594 2835 604 2903 tt
616 2833 758 2887 fortunam
768 2834 806 2886 A¹
820 2834 830 2902 {l
842 2839 858 2887 4
870 2832 906 2886 ab
914 2833 1046 2888 *cotardo
1060 2831 1089 2901 (h
1102 2832 1183 2900 erae.)

214 2901 249 2968 L,
268 2900 400 2955 bootauio
409 2901 446 2955 Α1
460 2902 470 2970 ΙΙ
483 2906 499 2958 5
511 2918 528 2955 a
540 2900 602 2956 edd.
614 2905 691 2965 nott,
706 2900 789 2956 Gertz
801 2901 819 2960 t.
832 2916 863 2964 c,
876 2915 927 2954 om.
940 2901 999 2955 LA
1034 2905 1049 2953 6
1062 2899 1183 2955 cinnano

216 2968 341 3023 exercitu
352 2968 393 3031 A,
412 2985 429 3021 a
447 2968 577 3023 cassianis
595 2967 731 3021 militibus
749 2968 818 3023 Par.
837 2973 863 3022 et
880 2968 945 3023 odd.
966 2969 986 3022 l.
1030 3007 1037 3024 .
1056 2967 1185 3021 cassiano

212 3050 308 3106 margo
325 3036 352 3090 A
376 3038 386 3106 ΙΙ
411 3034 583 3089 tahostium
603 3036 630 3089 L
650 3036 660 3104 ΙΙ
684 3041 700 3090 8
717 3035 842 3104 petronis
860 3036 907 3100 ΑΙ,
947 3035 1048 3090 etronii
1066 3034 1147 3088 L²A²
1169 3035 1183 3105 ΙΙ

213 3110 229 3158 9
233 3104 382 3227 ddweliw·
394 3102 457 3225 A²ffl
464 3109 502 3224 tta
520 3102 638 3181 alterius
652 3102 900 3226 faggsuergoolrgdia
948 3103 1052 3183 'm’
1076 3117 1127 3160 osu.
1145 3103 1185 3169 A,

212 3188 240 3292 t
261 3187 326 3308 „nl
343 3185 698 3316 §iniuriosus
711 3173 1184 3317 1ta5‘1fnnnoottnc

211 3307 435 3394 Par-¹]l1511011
453 3321 503 3362 om.
521 3305 660 3375 LA11116
677 3307 808 3375 incoepto
826 3306 990 3374 A¹unnr1to
1009 3307 1035 3374 (o
1053 3305 1136 3374 corr.)
1154 3304 1183 3358 L

213 3375 225 3442 ΙΙ
249 3380 282 3429 18
321 3375 411 3428 euasit
431 3371 538 3429 'mortis
561 3375 659 3444 (aguis
680 3374 963 3442 transpositioniarm.
981 3376 1001 3429 2
1018 3371 1095 3440 odd.)
1114 3372 1142 3425 A
1167 3373 1180 3440 tt

210 3447 242 3496 21
261 3457 335 3519 pene
353 3443 390 3493 A¹
405 3441 514 3560 Uareni
531 3457 566 3500 m.
586 3441 647 3519 1(?)
666 3455 761 3511 margo
779 3441 859 3507 Lm,
882 3442 1008 3519 funerari
1026 3438 1105 3506 LA¹,
1124 3441 1183 3494 loe-

210 3523 304 3562 neren
322 3509 391 3562 coni.
439 3509 536 3574 puae,
555 3510 643 3562 tutan
660 3509 1021 3578 Novatuwtessrentius
1040 3508 1183 3576 (neone.)
1283 3505 1285 3522 ¹

211 3575 239 3628 L
251 3575 260 3641 ΙΙ
273 3578 307 3628 24
325 3574 445 3640 equibus
462 3575 498 3626 ΑΙ
514 3577 523 3642 ΙΙ
537 3580 570 3630 26
588 3575 683 3631 officio
701 3576 738 3630 L¹
