2550 3958
217 137 285 200 484
527 133 597 189 LIB.
614 133 637 186 1.
671 132 750 190 csP.
770 137 884 199 s,1-4.

218 295 300 368 erat,
328 291 406 351 uidit
433 291 464 350 in
491 291 604 351 somnis
632 291 772 352 comitem
800 308 887 348 snum
909 293 1056 351 orantem
1087 297 1125 352 ut
1149 294 1197 351 sibi

219 377 343 451 coponis
368 376 486 435 insidiis
514 377 717 434 circumuento
739 374 923 435 subueniret.
968 395 1032 451 quo
1058 377 1138 436 uisu
1160 397 1199 436 ex-

218 462 327 520 citatus
348 461 491 536 prosiluit
522 464 554 518 et
573 460 612 518 iit
631 460 669 518 ad
690 461 855 520 tabernam.
899 478 966 518 cum
992 463 1110 520 omnia
1133 463 1200 522 circa

218 565 285 606 eam
306 545 408 621 quiete
429 544 568 616 uidisset,
590 543 703 603 lectum
726 563 760 604 ac
782 562 920 602 somnum
941 545 1086 620 repetiit.
1136 550 1201 605 tnnc

217 630 299 690 idem
319 631 436 690 sancius
458 630 583 689 obortus
604 629 695 703 petiit
715 633 751 687 ut
772 629 877 688 saltem
898 631 1007 687 mortis
1024 647 1110 688 suae
1127 632 1216 689 ultore

219 715 388 774 exsisteret:
426 731 536 789 corpus
572 713 652 771 enim
684 732 773 772 suum
804 732 823 772 a
855 731 968 788 copone
1007 715 1204 774 trucidatum
1251 761 1252 778 ,

219 799 355 876 plaustro
386 803 450 858 tum
479 798 606 858 maxims
632 797 705 856 ferri
733 799 817 856 extra
844 802 963 873 portam
986 801 1139 859 stercore
1162 799 1205 856 ad·
1251 779 1252 806 ¹

220 887 366 960 opertum.
394 886 493 942 motus
516 883 562 941 his
584 883 701 942 iuuenis
722 883 859 957 protinus
874 881 912 940 ad
925 885 1051 958 portam
1071 883 1206 943 cucurrit

219 971 251 1028 et
262 969 370 1029 scelere
381 967 528 1042 deprenso
544 983 687 1042 coponem
702 966 740 1024 ad
755 966 883 1041 capitale
899 965 1099 1042 supplicium
1112 968 1204 1027 duxit.

609 1135 663 1193 Dn
686 1134 801 1195 VISIS.
1216 1146 1229 1184 a

172 1245 220 1310 8,1
286 1236 359 1298 Cum
382 1237 461 1312 apud
483 1237 582 1297 lacum
595 1235 747 1312 Regillum
762 1236 799 1295 A.
814 1235 985 1296 Postumius
1010 1236 1161 1298 dictator
1182 1242 1207 1294 et

222 1322 281 1382 dux
308 1322 545 1382 Tusculanorum
573 1321 724 1379 Mamilius
753 1319 899 1380 Octauius
930 1321 1051 1396 magnis
1087 1322 1206 1381 uiribus

222 1409 302 1468 inter
337 1426 368 1467 se
400 1408 626 1480 concurrerent,
656 1404 763 1464 Castor
793 1424 828 1464 ac
855 1404 963 1464 Pollux
990 1405 1206 1466 Romanarum

222 1494 353 1569 partium
374 1494 612 1568 propugnatores
634 1490 693 1548 uisi
715 1491 787 1549 sunt
808 1489 933 1548 hostiles
949 1490 1051 1564 copias
1072 1492 1205 1550 fudisse.

286 1574 467 1640 P.Vatinius
489 1575 569 1635 bello
591 1574 798 1646 Macedonico,
821 1573 964 1633 Reatinae
986 1575 1229 1648 praefecturam*

223 1661 285 1740 uir,
314 1661 419 1720 urbem
441 1664 531 1721 noctu
551 1662 658 1735 petens
679 1658 862 1719 existimauit
885 1658 958 1718 duos
979 1658 1117 1720 iuuenes
1143 1677 1207 1719 cum

224 1747 308 1824 equis
331 1746 406 1806 albis
429 1745 534 1805 obuios
557 1745 613 1804 sibi
635 1743 730 1803 factos
751 1744 890 1801 nuntiare
912 1742 970 1818 die,
992 1743 1047 1817 qui
1062 1749 1204 1818 praeter·

224 1831 307 1906 ierit,
330 1831 441 1891 Persen
463 1849 480 1889 a
500 1828 592 1888 Paulo
615 1830 743 1903 captum.
787 1827 867 1902 quod
889 1845 957 1886 cum
978 1829 1107 1888 senatui
1132 1847 1205 1888 nun·

224 1917 344 1990 tiesset,
373 1917 406 1975 in
428 1913 562 1975 custodia
583 1912 704 1971 habitus
727 1913 788 1986 est,
812 1912 906 1971 donec
926 1930 944 1971 a
965 1910 1062 1972 Paulo
1088 1913 1205 1974 indices

227 2004 352 2061 euentus
373 2000 494 2059 litterae
518 1998 719 2057 mitterentur.
1212 2007 1226 2046 a·

191 2097 207 2145 2
291 2083 338 2144 Ob
360 2082 563 2158 pestilentiam
586 2081 756 2141 continuam
774 2082 812 2139 ab
827 2079 981 2155 Epidauro
996 2080 1205 2159 Aesculapius

226 2168 403 2238 accersitus,
428 2185 495 2226 cum
516 2167 678 2225 immensae
700 2164 917 2242 magnitudinis
939 2183 1062 2240 serpens
1085 2165 1204 2245 legato

225 2270 292 2311 rum
314 2268 422 2310 nauem
443 2253 599 2324 intrasset,
628 2250 755 2309 Romam
777 2268 833 2324 pro
856 2249 912 2308 deo
934 2249 1081 2308 aduectus
1109 2253 1149 2311 in
1171 2251 1205 2309 n‘·

225 2355 296 2413 pam
310 2335 426 2396 Tiberis
450 2352 586 2412 egressus
608 2337 655 2394 est
676 2337 707 2393 et
728 2333 875 2393 ininsula
897 2334 1064 2393 continenti
1080 2335 1204 2396 dicatus

225 2421 287 2481 illic
308 2438 420 2479 numen
442 2439 528 2480 suum
550 2420 661 2495 posuit.
1214 2427 1229 2469 a

194 2517 211 2567 t
293 2503 397 2582 Captis
418 2525 436 2564 a
458 2505 549 2565 Furio
566 2502 692 2562 Camillo
704 2501 777 2562 Veis
798 2502 921 2564 Iunonis
943 2501 1084 2562 Monetae
1111 2507 1205 2564 simu-

226 2591 354 2664 lacrum,
378 2608 444 2650 cum
466 2608 519 2665 per
540 2591 636 2648 iocum
658 2607 675 2645 a
696 2587 792 2646 milite
813 2588 1033 2664 interrogatum
1056 2593 1146 2650 esset
1169 2583 1205 2650 'an

231 2674 356 2734 Romam
377 2673 469 2733 uellet
491 2672 661 2745 transferri,
684 2671 763 2730 uelle
786 2690 817 2731 se
839 2671 1003 2747 respondit.

194 2769 211 2818 4
293 2759 444 2818 Fortunae
466 2757 670 2833 simulacrum,
694 2756 774 2832 quod
797 2759 844 2815 est
865 2756 914 2814 uia
928 2753 1036 2813 Latina
1056 2755 1097 2815 ad
1113 2777 1204 2834 quar·

228 2844 294 2901 tum
316 2841 477 2900 miliarium
500 2840 696 2900 constitutum
718 2860 735 2899 a
757 2842 851 2900 matre
872 2838 1037 2913 Coriolani,
1061 2840 1229 2904 locutusne

229 2925 325 2984 sertim
348 2923 415 2983 ‘rite
437 2941 499 2997 me,
522 2928 690 2999 matronae,
719 2924 846 2986 dedistis
868 2924 985 3001 riteque
1007 2925 1164 2989 dicastis’.

297 3107 315 3156 4
333 3117 397 3156 eum
415 3101 425 3170 ΙΙ
442 3105 458 3156 t
476 3101 592 3157 aborsus
610 3120 645 3162 m,
657 3107 683 3166 1,
702 3103 818 3158 aborsus
834 3119 870 3158 m.
884 3106 912 3172 2,
931 3119 980 3162 cm.
992 3103 1204 3177 Kellerbauer!

232 3173 265 3225 ut
281 3183 332 3226 om.
350 3167 415 3225 Mai
433 3170 443 3240 l
459 3175 475 3224 6
494 3171 651 3225 exsisteret
663 3173 701 3239 ll
718 3171 844 3240 plaustro
862 3185 913 3229 om.
930 3171 1018 3226 Halm
1031 3174 1041 3240 ΙΙ
1054 3188 1123 3227 cum
1143 3193 1204 3230 ma-

231 3238 307 3293 xime
320 3238 330 3308 ΙΙ
343 3243 374 3294 12
393 3237 534 3292 mamilius
553 3238 614 3307 (sic,
627 3253 685 3293 crore
696 3238 861 3308 maniliusll
878 3245 909 3293 17
927 3239 1017 3294 factas
1038 3241 1049 3317 ῃ
1071 3247 1105 3296 18
1125 3245 1204 3312 qnod

228 3309 296 3364 aa
322 3319 392 3374 quos
409 3307 538 3374 m.1l21
558 3306 799 3361 aesculatiusm.1
812 3307 822 3374 ΙΙ
835 3312 867 3360 27
886 3323 949 3360 cum
967 3323 1019 3376 per
1035 3323 1134 3363 iocum
1154 3329 1204 3368 aar

229 3345 312 3429 Ναὶ.
331 3377 356 3428 et
372 3372 471 3429 Novae
489 3373 573 3444 In'oty
591 3373 622 3428 X
633 3377 694 3439 396,
720 3376 886 3442 conpertum
905 3391 969 3428 cum
985 3375 1044 3430 cod.
1063 3380 1089 3430 et
1102 3377 1201 3446 Halm,

229 3454 336 3571 gpqerp
356 3439 570 3560 lffluffifflm
582 3442 593 3509 ΙΙ
606 3447 638 3495 29
655 3439 806 3510 Fortunae]
824 3457 864 3497 aa
881 3442 987 3498 reddit
1003 3441 1198 3516 Muliebristl
