2590 3948
184 139 227 204 24
613 134 680 194 na.
699 135 721 188 1.

230 286 317 354 oillei
339 310 381 372 με
403 289 505 371 Μοῖρ’
529 282 608 370 ὀλοὴ
631 287 687 351 καὶ
710 287 842 370 Λητοῦς
864 287 1005 350 ἔκτανεν
1028 285 1111 368 υἱός,

209 375 241 439 ui
265 373 341 438 deus
357 373 558 456 Philippensi
580 371 648 435 acie
664 393 683 435 a
701 369 836 436 Caesare
853 374 885 435 et
899 371 1044 436 Antonio
1059 371 1157 456 signo

187 396 281 524 datus
303 460 338 523 in
360 479 432 522 eum
454 457 519 522 tela
542 457 711 524 conuertit.

250 543 278 608 8.
315 543 540 610 Consentaneo
576 541 666 606 uocis
702 540 788 604 iactu
829 537 866 605 (l.
904 539 1007 605 Oassii
1044 557 1156 605 aurem

159 628 318 693 sfortuna
340 627 500 712 poruellit,
526 647 619 710 quem
642 625 808 690 orantibus
831 623 967 690 Rhodiis
989 646 1031 689 ne
1053 626 1093 690 ab
1116 646 1155 689 eo

185 715 308 778 cunctis
331 715 464 778 deorum
487 711 668 775 simulacris
689 709 919 794 spoliarentur,
949 709 1056 774 Solem
1079 733 1098 774 a
1120 731 1155 774 se

184 797 324 882 relinqui
346 795 540 881 respondere
562 795 682 876 uoluit,
719 798 757 859 ut
788 794 988 878 rapacissimi
1020 795 1156 860 uictoris

184 883 389 948 insolentiam
426 880 503 945 dicti
534 883 660 944 tumore
695 877 898 963 protraheret
931 879 1155 964 abiectumque

185 967 394 1032 Macedonica
409 987 519 1049 pugna
533 985 599 1029 non
621 965 763 1050 effigiem
778 962 872 1048 Solia,
894 984 991 1047 quarn
1010 967 1155 1029 tantum-

148 1067 173 1108 10
186 1052 281 1117 modo
305 1050 502 1134 supplicibus
526 1050 674 1132 cesserat,
697 1048 752 1114 sed
774 1048 879 1132 ipsum
902 1049 1003 1114 solem
1025 1070 1059 1113 re
1078 1070 1156 1114 uera

185 1135 367 1219 relinquero
390 1137 526 1217 cogeret.

249 1219 278 1284 9.
302 1219 467 1283 Adnotatu
482 1219 616 1304 dignum
639 1217 719 1281 illud
734 1236 860 1301 quoque
881 1237 985 1294 omen,
1009 1217 1068 1281 sub
1091 1239 1154 1301 quo

185 1303 322 1368 Petilius
345 1305 455 1368 consul
484 1304 518 1367 in
541 1303 674 1388 Liguria
696 1302 815 1367 ballum
838 1322 954 1387 gerens
984 1301 1154 1367 occiderit:

102 1457 108 1463 N
185 1411 263 1452 nam
285 1410 358 1456 cum
380 1391 538 1469 montem,
568 1387 619 1452 cui
642 1386 720 1451 Leto
743 1407 921 1470 cognomen
945 1390 1024 1469 crat,
1052 1407 1154 1470 oppu-

147 1491 172 1532 15
184 1478 302 1558 gnaret
323 1474 469 1558 interque
493 1471 752 1537 adhortationem
773 1471 912 1536 militum
928 1470 1062 1536 dixisset
1085 1473 1153 1536 ‘ho-

188 1559 238 1624 die
261 1580 322 1644 ego
339 1558 451 1623 Letum
466 1559 576 1642 utique
599 1557 749 1640 capiam’‚
772 1556 1040 1644 inconsideratius
1062 1577 1155 1639 proe-

186 1643 295 1709 liando
315 1643 486 1709 fortuitum
510 1645 629 1707 iactum
652 1641 742 1706 uocis
764 1639 829 1705 leto
852 1662 909 1706 suo
939 1641 1154 1705 confirmauit.

248 1761 324 1826 Eat.
343 1765 370 1824 1.
395 1761 489 1826 Adici
510 1759 630 1823 nostris
648 1759 710 1822 duo
733 1759 874 1823 eiusdem
890 1760 1018 1842 generis
1040 1759 1154 1824 alieni-

185 1866 271 1929 gena
286 1846 432 1928 exempla
446 1866 512 1910 non
528 1844 665 1909 absurde
687 1847 829 1927 possunt.
868 1844 955 1909 Sami
972 1843 1155 1908 Prienensi·

147 1951 174 1991 ao
187 1930 246 1993 bus
280 1929 434 1994 auxilium
468 1927 621 1992 aduersus
662 1926 759 1994 (laras
792 1928 1030 2012 inplorantibus
1063 1928 1156 1994 adro·

209 2015 296 2078 antia
318 2013 463 2078 instincti
487 2034 546 2097 pro
570 2012 671 2078 classe
697 2018 730 2077 et
759 2014 899 2078 exercitu
928 2013 1077 2077 sibullam
1107 2013 1155 2078 cis

185 2034 309 2164 derisus
334 2099 441 2182 gratia
468 2098 636 2162 miserunt.
682 2118 777 2181 quam
804 2097 853 2161 illi
881 2097 971 2162 uelut
998 2097 1156 2164 diuinitus

186 2183 295 2248 datum
332 2182 527 2267 praesidium
568 2182 772 2266 interpretati
815 2182 953 2247 libenter
991 2185 1156 2266 receptam

185 2289 263 2332 uera
289 2267 678 2351 fatorumpraedictionc
711 2267 866 2331 uictoriae
895 2265 1009 2332 ducem
1037 2266 1154 2332 habue-

148 2372 173 2414 ἢ
186 2356 281 2502 muti.
304 2435 355 2502 Ne
367 2434 598 2519 Apolloniatae
614 2435 742 2519 quidem
758 2437 990 2519 paenitentiam
1006 2439 1155 2520 egerunt,

186 2520 287 2606 quod,
315 2540 388 2585 cum
410 2519 494 2584 bello
516 2519 646 2604 Illyrico
668 2522 769 2604 pressi
791 2519 1001 2604 Epidamnios
1029 2523 1066 2584 ut
1091 2520 1155 2584 sibi

256 2712 269 2760 1
290 2706 393 2762 ΑΜΟΑ
414 2705 744 2761 ΜΕΜΟΓΡΟΑΟΗΚΑΙΑ
760 2705 1156 2761 ΗΤΟΥΕΕΚΤΑΝΕΝΟΥΙΟΤ

185 2773 267 2843 LAll
286 2781 301 2827 2
320 2773 369 2840 qui
388 2773 469 2842 deus]
491 2771 612 2850 acideo
636 2772 711 2850 enim
734 2772 780 2826 die
825 2789 859 2826 uo
885 2772 971 2842 periit
997 2772 1027 2826 in
1055 2773 1155 2826 castris

185 2842 305 2896 caesaria
331 2840 434 2895 militib
441 2861 452 2907 ε,
476 2857 587 2919 signum
620 2841 751 2910 apollinis
773 2842 788 2893 ὃ
803 2791 879 2894 batt
890 2856 985 2910 marqo
997 2841 1024 2895 A
1037 2857 1050 2894 e
1061 2841 1131 2894 Par.

185 2909 264 2987 aciae
282 2909 319 2963 L¹
339 2910 349 2978 ΙΙ
367 2915 382 2963 5
400 2907 591 2987 peruellrtquc
611 2907 774 2972 morantib,
794 2907 936 3031 2121ῑὲ*
947 2922 962 2961 a
973 2907 1078 2961 rhodiis
1096 2907 1123 2961 L

184 2982 201 3030 8
219 2979 289 3030 u1cti
307 2976 376 3031 LA¹
396 2977 406 3045 ΙΙ
427 2983 457 3031 13
478 2976 608 3044 petrshus
625 2977 709 3044 Pon,
732 2975 861 3030 Petillius
910 2977 978 3042 alm,
1002 2982 1033 3030 ot
1054 2976 1091 3041 cf.
1115 2993 1133 3030 a

184 3045 207 3098 I
220 3049 247 3110 1,
264 3048 300 3099 12
312 3047 322 3114 ΙΙ
338 3051 368 3098 14
382 3043 459 3123 laeto
470 3043 511 3122 4¹
525 3045 535 3113 [Ι
548 3045 715 3113 cognomen]
735 3044 870 3099 scotland.
889 3045 950 3125 oid.
967 3059 1079 3107 nomen,
1097 3043 1153 3098 litt.

184 3113 309 3245 {tlt
322 3111 1154 3259 {attriti{abactis}itttitiis

184 3249 245 3300 tum
263 3246 335 3308 LA,
363 3247 450 3326 letam
472 3249 542 3326 Bor.
560 3249 570 3316 ΙΙ
590 3254 619 3302 17
642 3245 719 3300 locto
738 3247 765 3300 A
782 3249 842 3369 lklss
865 3247 973 3301 arc1L¹
993 3247 998 3316 Ι
1023 3251 1053 3300 19
1072 3261 1155 3300 samu

184 3315 297 3372 A'Pcr.
311 3315 321 3382 ll
333 3318 547 3382 pananensrbus
558 3316 595 3368 A¹
610 3315 619 3382 ΙΙ
632 3320 666 3369 20
677 3330 771 3369 carras
815 3316 843 3368 A
855 3317 864 3384 ss
878 3322 909 3370 21
923 3315 965 3370 sib
1010 3330 1056 3369 am
1065 3313 1152 3382 3¹0¹,

185 3381 342 3451 symbolam
354 3381 419 3448 LA,
431 3383 529 3436 svsbul
547 3383 681 3451 (reliquae
693 3382 746 3437 litt.
758 3399 820 3438 cam
832 3389 916 3450 parte
927 3383 1063 3452 marciatis
1073 3397 1153 3451 prac-

185 3450 270 3573 ogsae)
288 3462 385 3569 iffi
400 3449 446 3569 LA
466 3450 597 3519 sibyllam
620 3463 715 3520 marco
736 3451 764 3504 A
785 3453 885 3508 cPor.
903 3451 912 3519 [Ι
931 3457 962 3504 22
985 3448 1071 3504 uelud
1088 3451 1125 3503 A¹
1139 3452 1152 3519 Η

184 3525 199 3572 2
236 3532 291 3586 apo
343 3531 401 3586 rae
