<?xml version="1.0" encoding="UTF-8"?>
<!DOCTYPE html PUBLIC "-//W3C//DTD XHTML 1.0 Transitional//EN"
    "http://www.w3.org/TR/xhtml1/DTD/xhtml1-transitional.dtd">
<html xmlns="http://www.w3.org/1999/xhtml" xml:lang="en" lang="en">
 <head>
  <title>
</title>
<meta http-equiv="Content-Type" content="text/html;charset=utf-8" />
  <meta name='ocr-system' content='tesseract 3.04.00' />
  <meta name='ocr-capabilities' content='ocr_page ocr_carea ocr_par ocr_line ocrx_word'/>
</head>
<body>
  <div class='ocr_page' id='page_1' title='image "./valeriimaximifa00nepogoog_0272.png"; bbox 0 0 2604 3960; ppageno 0'>
   <div class='ocr_carea' id='block_1_1' title="bbox 475 121 1126 241">
    <p class='ocr_par' dir='ltr' id='par_1_1' title="bbox 475 121 1126 241">
     <span class='ocr_line' id='line_1_1' title="bbox 475 121 1126 241; baseline 0.018 -13"><span class='ocrx_word' id='word_1_1' title='bbox 475 173 553 228; x_wconf 75' lang='lat' dir='ltr'><strong>cac.</strong></span> <span class='ocrx_word' id='word_1_2' title='bbox 567 173 607 241; x_wconf 89' lang='lat'><strong>11,</strong></span> <span class='ocrx_word' id='word_1_3' title='bbox 628 177 643 240; x_wconf 70' lang='lat' dir='ltr'><strong>e</strong></span> <span class='ocrx_word' id='word_1_4' title='bbox 663 179 755 229; x_wconf 81' lang='lat' dir='ltr'><strong>a-ro.</strong></span> <span class='ocrx_word' id='word_1_5' title='bbox 1038 174 1099 240; x_wconf 85' lang='lat'><strong>231</strong></span> <span class='ocrx_word' id='word_1_6' title='bbox 1124 121 1126 127; x_wconf 15' lang='lat' dir='ltr'>V</span> 
     </span>
    </p>
   </div>
   <div class='ocr_carea' id='block_1_2' title="bbox 125 325 1138 2352">
    <p class='ocr_par' dir='ltr' id='par_1_2' title="bbox 127 325 1124 834">
     <span class='ocr_line' id='line_1_2' title="bbox 127 325 1100 410; baseline 0.001 -19"><span class='ocrx_word' id='word_1_7' title='bbox 127 325 296 392; x_wconf 86' lang='lat' dir='ltr'><strong>descendit</strong></span> <span class='ocrx_word' id='word_1_8' title='bbox 318 347 419 408; x_wconf 90' lang='lat' dir='ltr'><strong>eaque</strong></span> <span class='ocrx_word' id='word_1_9' title='bbox 442 347 476 389; x_wconf 86' lang='lat' dir='ltr'><strong>se</strong></span> <span class='ocrx_word' id='word_1_10' title='bbox 498 326 636 391; x_wconf 74' lang='lat' dir='ltr'>libenter</span> <span class='ocrx_word' id='word_1_11' title='bbox 657 326 761 394; x_wconf 88' lang='lat' dir='ltr'><strong>facere</strong></span> <span class='ocrx_word' id='word_1_12' title='bbox 783 328 818 390; x_wconf 93' lang='lat' dir='ltr'><strong>in</strong></span> <span class='ocrx_word' id='word_1_13' title='bbox 840 327 991 392; x_wconf 88' lang='lat' dir='ltr'><strong>contione</strong></span> <span class='ocrx_word' id='word_1_14' title='bbox 1010 347 1100 410; x_wconf 88' lang='lat' dir='ltr'><strong>prae·</strong></span> 
     </span>
     <span class='ocr_line' id='line_1_3' title="bbox 127 411 1100 495; baseline 0 -19"><span class='ocrx_word' id='word_1_15' title='bbox 127 411 266 490; x_wconf 79' lang='lat' dir='ltr'><strong>dicauit,</strong></span> <span class='ocrx_word' id='word_1_16' title='bbox 289 411 474 476; x_wconf 88' lang='lat' dir='ltr'><strong>memorab</strong></span> <span class='ocrx_word' id='word_1_17' title='bbox 497 432 534 476; x_wconf 94' lang='lat' dir='ltr'><strong>eo</strong></span> <span class='ocrx_word' id='word_1_18' title='bbox 558 411 621 474; x_wconf 94' lang='lat' dir='ltr'><strong>duo</strong></span> <span class='ocrx_word' id='word_1_19' title='bbox 643 411 682 476; x_wconf 93' lang='lat' dir='ltr'><strong>de</strong></span> <span class='ocrx_word' id='word_1_20' title='bbox 704 428 754 474; x_wconf 85' lang='lat' dir='ltr'><strong>xx</strong></span> <span class='ocrx_word' id='word_1_21' title='bbox 776 432 879 476; x_wconf 90' lang='lat' dir='ltr'><strong>annos</strong></span> <span class='ocrx_word' id='word_1_22' title='bbox 900 417 976 476; x_wconf 88' lang='lat' dir='ltr'><strong>nato</strong></span> <span class='ocrx_word' id='word_1_23' title='bbox 992 415 1100 495; x_wconf 84' lang='lat' dir='ltr'><strong>partes</strong></span> 
     </span>
     <span class='ocr_line' id='line_1_4' title="bbox 127 496 1100 580; baseline -0.001 -19"><span class='ocrx_word' id='word_1_24' title='bbox 127 517 206 561; x_wconf 90' lang='lat' dir='ltr'><strong>suas</strong></span> <span class='ocrx_word' id='word_1_25' title='bbox 229 496 370 560; x_wconf 85' lang='lat' dir='ltr'><strong>exercitu</strong></span> <span class='ocrx_word' id='word_1_26' title='bbox 391 498 527 578; x_wconf 90' lang='lat' dir='ltr'><strong>paterno</strong></span> <span class='ocrx_word' id='word_1_27' title='bbox 549 496 683 564; x_wconf 87' lang='lat' dir='ltr'><strong>adiutas.</strong></span> <span class='ocrx_word' id='word_1_28' title='bbox 717 496 820 560; x_wconf 90' lang='lat' dir='ltr'><strong>multa</strong></span> <span class='ocrx_word' id='word_1_29' title='bbox 842 496 984 580; x_wconf 83' lang='lat' dir='ltr'><strong>insignia</strong></span> <span class='ocrx_word' id='word_1_30' title='bbox 1005 496 1100 560; x_wconf 91' lang='lat' dir='ltr'><strong>Pom·</strong></span> 
     </span>
     <span class='ocr_line' id='line_1_5' title="bbox 128 579 1101 666; baseline -0.001 -21"><span class='ocrx_word' id='word_1_31' title='bbox 128 581 221 666; x_wconf 89' lang='lat' dir='ltr'><strong>pei0‚</strong></span> <span class='ocrx_word' id='word_1_32' title='bbox 244 579 300 644; x_wconf 89' lang='lat' dir='ltr'><strong>sed</strong></span> <span class='ocrx_word' id='word_1_33' title='bbox 322 581 431 645; x_wconf 86' lang='lat' dir='ltr'><strong>nescio</strong></span> <span class='ocrx_word' id='word_1_34' title='bbox 454 601 496 644; x_wconf 83' lang='lat' dir='ltr'><strong>an</strong></span> <span class='ocrx_word' id='word_1_35' title='bbox 517 579 578 644; x_wconf 89' lang='lat' dir='ltr'><strong>hoe</strong></span> <span class='ocrx_word' id='word_1_36' title='bbox 601 580 770 664; x_wconf 90' lang='lat' dir='ltr'><strong>quicquam</strong></span> <span class='ocrx_word' id='word_1_37' title='bbox 792 579 1011 644; x_wconf 79' lang='lat' dir='ltr'><strong>admirabilius</strong></span> <span class='ocrx_word' id='word_1_38' title='bbox 1026 601 1101 644; x_wconf 93' lang='lat' dir='ltr'><strong>con-</strong></span> 
     </span>
     <span class='ocr_line' id='line_1_6' title="bbox 128 664 1124 750; baseline 0 -22"><span class='ocrx_word' id='word_1_39' title='bbox 128 666 257 748; x_wconf 83' lang='lat' dir='ltr'><strong>tigerit,</strong></span> <span class='ocrx_word' id='word_1_40' title='bbox 296 664 380 748; x_wconf 92' lang='lat' dir='ltr'><strong>quod</strong></span> <span class='ocrx_word' id='word_1_41' title='bbox 417 664 640 750; x_wconf 85' lang='lat' dir='ltr'><strong>magnitudine</strong></span> <span class='ocrx_word' id='word_1_42' title='bbox 676 665 823 730; x_wconf 84' lang='lat' dir='ltr'><strong>beneficii</strong></span> <span class='ocrx_word' id='word_1_43' title='bbox 868 664 917 728; x_wconf 91' lang='lat' dir='ltr'><strong>sui</strong></span> <span class='ocrx_word' id='word_1_44' title='bbox 954 664 1124 728; x_wconf 80' lang='lat' dir='ltr'><strong>obliuiscir</strong></span> 
     </span>
     <span class='ocr_line' id='line_1_7' title="bbox 128 749 395 834; baseline -0.011 -19"><span class='ocrx_word' id='word_1_45' title='bbox 128 749 254 815; x_wconf 78' lang='lat' dir='ltr'><strong>Sullam</strong></span> <span class='ocrx_word' id='word_1_46' title='bbox 277 749 395 834; x_wconf 81' lang='lat' dir='ltr'><strong>coegit.</strong></span> 
     </span>
    </p>

    <p class='ocr_par' dir='ltr' id='par_1_3' title="bbox 125 830 1138 1761">
     <span class='ocr_line' id='line_1_8' title="bbox 196 830 1100 917; baseline 0 -21"><span class='ocrx_word' id='word_1_47' title='bbox 196 833 247 897; x_wconf 92' lang='lat'><strong>10.</strong></span> <span class='ocrx_word' id='word_1_48' title='bbox 280 834 331 898; x_wconf 82' lang='lat' dir='ltr'><strong>Sit</strong></span> <span class='ocrx_word' id='word_1_49' title='bbox 352 833 467 916; x_wconf 90' lang='lat' dir='ltr'><strong>aliquis</strong></span> <span class='ocrx_word' id='word_1_50' title='bbox 487 834 524 898; x_wconf 94' lang='lat' dir='ltr'><strong>in</strong></span> <span class='ocrx_word' id='word_1_51' title='bbox 546 854 670 898; x_wconf 92' lang='lat' dir='ltr'><strong>summo</strong></span> <span class='ocrx_word' id='word_1_52' title='bbox 693 833 863 917; x_wconf 87' lang='lat' dir='ltr'><strong>splendore</strong></span> <span class='ocrx_word' id='word_1_53' title='bbox 885 833 982 897; x_wconf 88' lang='lat' dir='ltr'><strong>etiam</strong></span> <span class='ocrx_word' id='word_1_54' title='bbox 999 830 1100 896; x_wconf 90' lang='lat' dir='ltr'><strong>sordi-</strong></span> 
     </span>
     <span class='ocr_line' id='line_1_9' title="bbox 128 915 1100 1002; baseline -0.003 -19"><span class='ocrx_word' id='word_1_55' title='bbox 128 919 190 983; x_wconf 86' lang='lat' dir='ltr'><strong>bus</strong></span> <span class='ocrx_word' id='word_1_56' title='bbox 211 919 313 1002; x_wconf 83' lang='lat' dir='ltr'><strong>gratis</strong></span> <span class='ocrx_word' id='word_1_57' title='bbox 335 919 435 983; x_wconf 90' lang='lat' dir='ltr'><strong>locus.</strong></span> <span class='ocrx_word' id='word_1_58' title='bbox 479 916 524 981; x_wconf 89' lang='lat' dir='ltr'><strong>M.</strong></span> <span class='ocrx_word' id='word_1_59' title='bbox 549 917 692 982; x_wconf 75' lang='lat' dir='ltr'><strong>Cornuto</strong></span> <span class='ocrx_word' id='word_1_60' title='bbox 718 921 865 1000; x_wconf 88' lang='lat' dir='ltr'><strong>praetore</strong></span> <span class='ocrx_word' id='word_1_61' title='bbox 891 917 989 982; x_wconf 89' lang='lat' dir='ltr'><strong>funus</strong></span> <span class='ocrx_word' id='word_1_62' title='bbox 1011 915 1100 980; x_wconf 90' lang='lat' dir='ltr'><strong>Hirti</strong></span> 
     </span>
     <span class='ocr_line' id='line_1_10' title="bbox 128 1001 1099 1086; baseline -0.002 -20"><span class='ocrx_word' id='word_1_63' title='bbox 128 1007 163 1066; x_wconf 88' lang='lat' dir='ltr'><strong>et</strong></span> <span class='ocrx_word' id='word_1_64' title='bbox 185 1001 309 1066; x_wconf 85' lang='lat' dir='ltr'><strong>Pansae</strong></span> <span class='ocrx_word' id='word_1_65' title='bbox 331 1003 420 1066; x_wconf 92' lang='lat' dir='ltr'><strong>iussu</strong></span> <span class='ocrx_word' id='word_1_66' title='bbox 443 1005 572 1066; x_wconf 88' lang='lat' dir='ltr'><strong>senatus</strong></span> <span class='ocrx_word' id='word_1_67' title='bbox 594 1001 721 1066; x_wconf 86' lang='lat' dir='ltr'><strong>locante</strong></span> <span class='ocrx_word' id='word_1_68' title='bbox 748 1003 802 1086; x_wconf 94' lang='lat' dir='ltr'><strong>qui</strong></span> <span class='ocrx_word' id='word_1_69' title='bbox 830 1006 909 1067; x_wconf 88' lang='lat' dir='ltr'><strong>tunc</strong></span> <span class='ocrx_word' id='word_1_70' title='bbox 938 1002 1099 1066; x_wconf 76' lang='lat' dir='ltr'><strong>libitinam</strong></span> 
     </span>
     <span class='ocr_line' id='line_1_11' title="bbox 125 1086 1138 1152; baseline -0.003 0"><span class='ocrx_word' id='word_1_71' title='bbox 125 1087 322 1152; x_wconf 80' lang='lat' dir='ltr'><strong>exercebant</strong></span> <span class='ocrx_word' id='word_1_72' title='bbox 348 1108 420 1152; x_wconf 89' lang='lat' dir='ltr'><strong>eum</strong></span> <span class='ocrx_word' id='word_1_73' title='bbox 447 1107 553 1150; x_wconf 90' lang='lat' dir='ltr'><strong>rerum</strong></span> <span class='ocrx_word' id='word_1_74' title='bbox 582 1108 710 1151; x_wconf 89' lang='lat' dir='ltr'><strong>suarum</strong></span> <span class='ocrx_word' id='word_1_75' title='bbox 737 1108 830 1150; x_wconf 90' lang='lat' dir='ltr'><strong>usum</strong></span> <span class='ocrx_word' id='word_1_76' title='bbox 858 1090 927 1152; x_wconf 89' lang='lat' dir='ltr'><strong>tum</strong></span> <span class='ocrx_word' id='word_1_77' title='bbox 955 1086 1138 1150; x_wconf 73' lang='lat' dir='ltr'><strong>ministare</strong></span> 
     </span>
     <span class='ocr_line' id='line_1_12' title="bbox 128 1170 1100 1256; baseline 0.001 -21"><span class='ocrx_word' id='word_1_78' title='bbox 128 1173 213 1235; x_wconf 90' lang='lat' dir='ltr'><strong>rium</strong></span> <span class='ocrx_word' id='word_1_79' title='bbox 236 1192 328 1236; x_wconf 89' lang='lat' dir='ltr'><strong>suum</strong></span> <span class='ocrx_word' id='word_1_80' title='bbox 351 1171 529 1256; x_wconf 87' lang='lat' dir='ltr'><strong>gratuitum</strong></span> <span class='ocrx_word' id='word_1_81' title='bbox 550 1171 689 1254; x_wconf 81' lang='lat' dir='ltr'><strong>polliciti</strong></span> <span class='ocrx_word' id='word_1_82' title='bbox 710 1174 800 1253; x_wconf 88' lang='lat' dir='ltr'><strong>sunt,</strong></span> <span class='ocrx_word' id='word_1_83' title='bbox 830 1171 906 1255; x_wconf 90' lang='lat' dir='ltr'><strong>quia</strong></span> <span class='ocrx_word' id='word_1_84' title='bbox 927 1170 962 1235; x_wconf 92' lang='lat' dir='ltr'><strong>hi</strong></span> <span class='ocrx_word' id='word_1_85' title='bbox 983 1192 1042 1255; x_wconf 90' lang='lat' dir='ltr'><strong>pro</strong></span> <span class='ocrx_word' id='word_1_86' title='bbox 1065 1191 1100 1236; x_wconf 90' lang='lat' dir='ltr'><strong>re</strong></span> 
     </span>
     <span class='ocr_line' id='line_1_13' title="bbox 129 1254 1100 1340; baseline -0.001 -20"><span class='ocrx_word' id='word_1_87' title='bbox 129 1255 260 1340; x_wconf 88' lang='lat' dir='ltr'><strong>publica</strong></span> <span class='ocrx_word' id='word_1_88' title='bbox 286 1256 475 1320; x_wconf 84' lang='lat' dir='ltr'><strong>dimicantes</strong></span> <span class='ocrx_word' id='word_1_89' title='bbox 504 1254 702 1336; x_wconf 89' lang='lat' dir='ltr'><strong>occiderant,</strong></span> <span class='ocrx_word' id='word_1_90' title='bbox 731 1257 1013 1339; x_wconf 87' lang='lat' dir='ltr'><strong>perseuerantique</strong></span> <span class='ocrx_word' id='word_1_91' title='bbox 1043 1277 1100 1338; x_wconf 92' lang='lat' dir='ltr'><strong>po-</strong></span> 
     </span>
     <span class='ocr_line' id='line_1_14' title="bbox 130 1339 1100 1423; baseline -0.002 -19"><span class='ocrx_word' id='word_1_92' title='bbox 130 1340 305 1405; x_wconf 88' lang='lat' dir='ltr'><strong>stulatione</strong></span> <span class='ocrx_word' id='word_1_93' title='bbox 334 1339 526 1405; x_wconf 86' lang='lat' dir='ltr'><strong>extuderunt</strong></span> <span class='ocrx_word' id='word_1_94' title='bbox 553 1343 590 1403; x_wconf 90' lang='lat' dir='ltr'><strong>ut</strong></span> <span class='ocrx_word' id='word_1_95' title='bbox 622 1341 826 1422; x_wconf 85' lang='lat' dir='ltr'><strong>exequiarum</strong></span> <span class='ocrx_word' id='word_1_96' title='bbox 855 1343 1026 1423; x_wconf 89' lang='lat' dir='ltr'><strong>apparatus</strong></span> <span class='ocrx_word' id='word_1_97' title='bbox 1054 1361 1100 1403; x_wconf 88' lang='lat' dir='ltr'><strong>se-</strong></span> 
     </span>
     <span class='ocr_line' id='line_1_15' title="bbox 127 1423 1100 1508; baseline -0.002 -18"><span class='ocrx_word' id='word_1_98' title='bbox 127 1427 243 1490; x_wconf 87' lang='lat' dir='ltr'><strong>stertio</strong></span> <span class='ocrx_word' id='word_1_99' title='bbox 265 1445 398 1488; x_wconf 90' lang='lat' dir='ltr'><strong>nummo</strong></span> <span class='ocrx_word' id='word_1_100' title='bbox 412 1425 492 1508; x_wconf 86' lang='lat' dir='ltr'><strong>ipsis</strong></span> <span class='ocrx_word' id='word_1_101' title='bbox 507 1423 707 1506; x_wconf 89' lang='lat' dir='ltr'><strong>praebendus</strong></span> <span class='ocrx_word' id='word_1_102' title='bbox 721 1424 930 1488; x_wconf 86' lang='lat' dir='ltr'><strong>addiceretur.</strong></span> <span class='ocrx_word' id='word_1_103' title='bbox 964 1445 1100 1508; x_wconf 91' lang='lat' dir='ltr'><strong>quorum</strong></span> 
     </span>
     <span class='ocr_line' id='line_1_16' title="bbox 127 1508 1138 1593; baseline 0 -21"><span class='ocrx_word' id='word_1_104' title='bbox 127 1509 256 1573; x_wconf 88' lang='lat' dir='ltr'><strong>laudem</strong></span> <span class='ocrx_word' id='word_1_105' title='bbox 284 1509 440 1589; x_wconf 88' lang='lat' dir='ltr'><strong>†adiecta</strong></span> <span class='ocrx_word' id='word_1_106' title='bbox 468 1508 539 1593; x_wconf 87' lang='lat' dir='ltr'><strong>lege</strong></span> <span class='ocrx_word' id='word_1_107' title='bbox 567 1508 714 1573; x_wconf 87' lang='lat' dir='ltr'><strong>condicio</strong></span> <span class='ocrx_word' id='word_1_108' title='bbox 749 1511 846 1592; x_wconf 87' lang='lat' dir='ltr'><strong>auget</strong></span> <span class='ocrx_word' id='word_1_109' title='bbox 873 1509 976 1592; x_wconf 80' lang='lat' dir='ltr'><strong>magis</strong></span> <span class='ocrx_word' id='word_1_110' title='bbox 1004 1529 1099 1592; x_wconf 90' lang='lat' dir='ltr'><strong>quam</strong></span> <span class='ocrx_word' id='word_1_111' title='bbox 1114 1534 1138 1572; x_wconf 80' lang='lat' dir='ltr'><strong>n</strong></span> 
     </span>
     <span class='ocr_line' id='line_1_17' title="bbox 126 1592 1101 1678; baseline -0.004 -20"><span class='ocrx_word' id='word_1_112' title='bbox 126 1596 298 1676; x_wconf 86' lang='lat' dir='ltr'><strong>extenuat,</strong></span> <span class='ocrx_word' id='word_1_113' title='bbox 327 1592 478 1676; x_wconf 90' lang='lat' dir='ltr'><strong>quoniam</strong></span> <span class='ocrx_word' id='word_1_114' title='bbox 501 1593 628 1678; x_wconf 88' lang='lat' dir='ltr'><strong>quidem</strong></span> <span class='ocrx_word' id='word_1_115' title='bbox 651 1597 818 1676; x_wconf 86' lang='lat' dir='ltr'><strong>quaestum</strong></span> <span class='ocrx_word' id='word_1_116' title='bbox 840 1594 1101 1675; x_wconf 85' lang='lat' dir='ltr'><strong>contempserunt</strong></span> 
     </span>
     <span class='ocr_line' id='line_1_18' title="bbox 130 1677 826 1761; baseline -0.003 -19"><span class='ocrx_word' id='word_1_117' title='bbox 130 1677 216 1743; x_wconf 88' lang='lat' dir='ltr'><strong>nulli</strong></span> <span class='ocrx_word' id='word_1_118' title='bbox 238 1678 293 1743; x_wconf 87' lang='lat' dir='ltr'><strong>alii</strong></span> <span class='ocrx_word' id='word_1_119' title='bbox 315 1678 362 1742; x_wconf 90' lang='lat' dir='ltr'><strong>rei</strong></span> <span class='ocrx_word' id='word_1_120' title='bbox 384 1699 479 1760; x_wconf 92' lang='lat' dir='ltr'><strong>quam</strong></span> <span class='ocrx_word' id='word_1_121' title='bbox 502 1678 649 1761; x_wconf 86' lang='lat' dir='ltr'><strong>quaestui</strong></span> <span class='ocrx_word' id='word_1_122' title='bbox 671 1677 826 1741; x_wconf 90' lang='lat' dir='ltr'><strong>uiuentes.</strong></span> 
     </span>
    </p>

    <p class='ocr_par' dir='ltr' id='par_1_4' title="bbox 126 1761 1138 2352">
     <span class='ocr_line' id='line_1_19' title="bbox 193 1761 1100 1846; baseline -0.004 -20"><span class='ocrx_word' id='word_1_123' title='bbox 193 1762 276 1826; x_wconf 89' lang='lat' dir='ltr'><strong>Pace</strong></span> <span class='ocrx_word' id='word_1_124' title='bbox 305 1764 450 1827; x_wconf 89' lang='lat' dir='ltr'><strong>cinerum</strong></span> <span class='ocrx_word' id='word_1_125' title='bbox 476 1783 607 1826; x_wconf 88' lang='lat' dir='ltr'><strong>suorum</strong></span> <span class='ocrx_word' id='word_1_126' title='bbox 630 1783 723 1846; x_wconf 82' lang='lat' dir='ltr'><strong>reges</strong></span> <span class='ocrx_word' id='word_1_127' title='bbox 751 1761 897 1846; x_wconf 79' lang='lat' dir='ltr'><strong>gentium</strong></span> <span class='ocrx_word' id='word_1_128' title='bbox 919 1762 1100 1824; x_wconf 86' lang='lat' dir='ltr'><strong>exterarum</strong></span> 
     </span>
     <span class='ocr_line' id='line_1_20' title="bbox 126 1844 1100 1931; baseline -0.004 -19"><span class='ocrx_word' id='word_1_129' title='bbox 126 1847 305 1912; x_wconf 84' lang='lat' dir='ltr'><strong>seeundum</strong></span> <span class='ocrx_word' id='word_1_130' title='bbox 327 1845 414 1912; x_wconf 87' lang='lat' dir='ltr'><strong>hune</strong></span> <span class='ocrx_word' id='word_1_131' title='bbox 434 1850 502 1910; x_wconf 92' lang='lat' dir='ltr'><strong>tam</strong></span> <span class='ocrx_word' id='word_1_132' title='bbox 525 1850 746 1930; x_wconf 82' lang='lat' dir='ltr'><strong>contemptum</strong></span> <span class='ocrx_word' id='word_1_133' title='bbox 768 1866 900 1931; x_wconf 85' lang='lat' dir='ltr'><strong>gregem</strong></span> <span class='ocrx_word' id='word_1_134' title='bbox 927 1844 1041 1908; x_wconf 88' lang='lat' dir='ltr'><strong>referri</strong></span> <span class='ocrx_word' id='word_1_135' title='bbox 1066 1865 1100 1908; x_wconf 89' lang='lat' dir='ltr'><strong>se</strong></span> 
     </span>
     <span class='ocr_line' id='line_1_21' title="bbox 129 1929 1138 2015; baseline 0 -20"><span class='ocrx_word' id='word_1_136' title='bbox 129 1933 303 2015; x_wconf 89' lang='lat' dir='ltr'><strong>patientur,</strong></span> <span class='ocrx_word' id='word_1_137' title='bbox 328 1932 383 2014; x_wconf 92' lang='lat' dir='ltr'><strong>qui</strong></span> <span class='ocrx_word' id='word_1_138' title='bbox 405 1935 462 1996; x_wconf 89' lang='lat' dir='ltr'><strong>aut</strong></span> <span class='ocrx_word' id='word_1_139' title='bbox 483 1953 551 1995; x_wconf 91' lang='lat' dir='ltr'><strong>non</strong></span> <span class='ocrx_word' id='word_1_140' title='bbox 573 1930 787 2015; x_wconf 87' lang='lat' dir='ltr'><strong>adtingendus</strong></span> <span class='ocrx_word' id='word_1_141' title='bbox 809 1933 865 1995; x_wconf 87' lang='lat' dir='ltr'><strong>aut</strong></span> <span class='ocrx_word' id='word_1_142' title='bbox 882 1931 978 2013; x_wconf 89' lang='lat' dir='ltr'><strong>[non]</strong></span> <span class='ocrx_word' id='word_1_143' title='bbox 1002 1929 1037 1993; x_wconf 92' lang='lat' dir='ltr'><strong>in</strong></span> <span class='ocrx_word' id='word_1_144' title='bbox 1051 1929 1099 1992; x_wconf 91' lang='lat' dir='ltr'><strong>ul·</strong></span> <span class='ocrx_word' id='word_1_145' title='bbox 1113 1954 1138 1995; x_wconf 85' lang='lat' dir='ltr'><strong>ao</strong></span> 
     </span>
     <span class='ocr_line' id='line_1_22' title="bbox 128 2013 1099 2099; baseline -0.003 -19"><span class='ocrx_word' id='word_1_146' title='bbox 128 2017 210 2080; x_wconf 80' lang='lat' dir='ltr'><strong>tima</strong></span> <span class='ocrx_word' id='word_1_147' title='bbox 237 2019 328 2099; x_wconf 86' lang='lat' dir='ltr'><strong>parte</strong></span> <span class='ocrx_word' id='word_1_148' title='bbox 352 2015 598 2080; x_wconf 90' lang='lat' dir='ltr'><strong>domesticorum</strong></span> <span class='ocrx_word' id='word_1_149' title='bbox 632 2016 850 2098; x_wconf 85' lang='lat' dir='ltr'><strong>exemplorum</strong></span> <span class='ocrx_word' id='word_1_150' title='bbox 883 2013 1099 2080; x_wconf 85' lang='lat' dir='ltr'><strong>conlocandus</strong></span> 
     </span>
     <span class='ocr_line' id='line_1_23' title="bbox 126 2098 1101 2165; baseline -0.001 -1"><span class='ocrx_word' id='word_1_151' title='bbox 126 2101 202 2164; x_wconf 79' lang='lat' dir='ltr'><strong>fuit</strong></span> <span class='ocrx_word' id='word_1_152' title='bbox 247 2101 302 2163; x_wconf 90' lang='lat' dir='ltr'><strong>sed</strong></span> <span class='ocrx_word' id='word_1_153' title='bbox 331 2099 406 2164; x_wconf 91' lang='lat' dir='ltr'><strong>dum</strong></span> <span class='ocrx_word' id='word_1_154' title='bbox 434 2100 562 2165; x_wconf 88' lang='lat' dir='ltr'><strong>honesti</strong></span> <span class='ocrx_word' id='word_1_155' title='bbox 589 2102 685 2164; x_wconf 88' lang='lat' dir='ltr'><strong>etiam</strong></span> <span class='ocrx_word' id='word_1_156' title='bbox 713 2100 753 2164; x_wconf 85' lang='lat' dir='ltr'><strong>ab</strong></span> <span class='ocrx_word' id='word_1_157' title='bbox 780 2099 900 2164; x_wconf 90' lang='lat' dir='ltr'><strong>infimis</strong></span> <span class='ocrx_word' id='word_1_158' title='bbox 928 2099 999 2163; x_wconf 91' lang='lat' dir='ltr'><strong>istis</strong></span> <span class='ocrx_word' id='word_1_159' title='bbox 1023 2098 1101 2163; x_wconf 91' lang='lat' dir='ltr'><strong>editi</strong></span> 
     </span>
     <span class='ocr_line' id='line_1_24' title="bbox 128 2183 1101 2267; baseline -0.004 -17"><span class='ocrx_word' id='word_1_160' title='bbox 128 2185 284 2250; x_wconf 90' lang='lat' dir='ltr'><strong>memoria</strong></span> <span class='ocrx_word' id='word_1_161' title='bbox 305 2205 372 2248; x_wconf 92' lang='lat' dir='ltr'><strong>non</strong></span> <span class='ocrx_word' id='word_1_162' title='bbox 394 2183 579 2267; x_wconf 86' lang='lat' dir='ltr'><strong>intercidat,</strong></span> <span class='ocrx_word' id='word_1_163' title='bbox 602 2184 680 2248; x_wconf 91' lang='lat' dir='ltr'><strong>licet</strong></span> <span class='ocrx_word' id='word_1_164' title='bbox 694 2187 877 2267; x_wconf 86' lang='lat' dir='ltr'><strong>separatum</strong></span> <span class='ocrx_word' id='word_1_165' title='bbox 897 2183 1004 2248; x_wconf 89' lang='lat' dir='ltr'><strong>locum</strong></span> <span class='ocrx_word' id='word_1_166' title='bbox 1020 2183 1101 2248; x_wconf 90' lang='lat' dir='ltr'><strong>obli-</strong></span> 
     </span>
     <span class='ocr_line' id='line_1_25' title="bbox 128 2269 1100 2352; baseline -0.001 -18"><span class='ocrx_word' id='word_1_167' title='bbox 128 2273 239 2352; x_wconf 89' lang='lat' dir='ltr'><strong>neant,</strong></span> <span class='ocrx_word' id='word_1_168' title='bbox 262 2272 298 2332; x_wconf 90' lang='lat' dir='ltr'><strong>ut</strong></span> <span class='ocrx_word' id='word_1_169' title='bbox 318 2291 378 2334; x_wconf 90' lang='lat' dir='ltr'><strong>neo</strong></span> <span class='ocrx_word' id='word_1_170' title='bbox 400 2269 450 2334; x_wconf 90' lang='lat' dir='ltr'><strong>his</strong></span> <span class='ocrx_word' id='word_1_171' title='bbox 473 2269 590 2332; x_wconf 90' lang='lat' dir='ltr'><strong>adiecti</strong></span> <span class='ocrx_word' id='word_1_172' title='bbox 611 2290 672 2334; x_wconf 88' lang='lat' dir='ltr'><strong>nee</strong></span> <span class='ocrx_word' id='word_1_173' title='bbox 686 2269 750 2334; x_wconf 88' lang='lat' dir='ltr'><strong>illis</strong></span> <span class='ocrx_word' id='word_1_174' title='bbox 765 2269 901 2352; x_wconf 87' lang='lat' dir='ltr'><strong>praelati</strong></span> <span class='ocrx_word' id='word_1_175' title='bbox 921 2269 1100 2333; x_wconf 90' lang='lat' dir='ltr'><strong>uideantur.</strong></span> 
     </span>
    </p>
   </div>
   <div class='ocr_carea' id='block_1_3' title="bbox 124 2418 1124 3637">
    <p class='ocr_par' dir='ltr' id='par_1_5' title="bbox 124 2418 1124 3637">
     <span class='ocr_line' id='line_1_26' title="bbox 199 2418 1098 2488; baseline -0.004 -14"><span class='ocrx_word' id='word_1_176' title='bbox 199 2428 212 2474; x_wconf 93' lang='lat'>1</span> <span class='ocrx_word' id='word_1_177' title='bbox 232 2421 437 2488; x_wconf 56' lang='lat' dir='ltr'><strong>conmittens</strong></span> <span class='ocrx_word' id='word_1_178' title='bbox 456 2421 515 2488; x_wconf 89' lang='lat' dir='ltr'><strong>(ten</strong></span> <span class='ocrx_word' id='word_1_179' title='bbox 533 2435 603 2474; x_wconf 83' lang='lat' dir='ltr'><strong>eras.</strong></span> <span class='ocrx_word' id='word_1_180' title='bbox 622 2419 693 2487; x_wconf 79' lang='lat' dir='ltr'><strong>uid.)</strong></span> <span class='ocrx_word' id='word_1_181' title='bbox 712 2419 772 2473; x_wconf 98' lang='lat' dir='ltr'><strong>LA</strong></span> <span class='ocrx_word' id='word_1_182' title='bbox 792 2421 803 2487; x_wconf 75' lang='lat' dir='ltr'><strong>l</strong></span> <span class='ocrx_word' id='word_1_183' title='bbox 824 2425 839 2472; x_wconf 81' lang='lat'>2</span> <span class='ocrx_word' id='word_1_184' title='bbox 858 2419 938 2472; x_wconf 87' lang='lat' dir='ltr'><strong>annis</strong></span> <span class='ocrx_word' id='word_1_185' title='bbox 956 2418 1016 2472; x_wconf 91' lang='lat' dir='ltr'><strong>LA</strong></span> <span class='ocrx_word' id='word_1_186' title='bbox 1033 2418 1098 2474; x_wconf 77' lang='lat' dir='ltr'><strong>dett.</strong></span> 
     </span>
     <span class='ocr_line' id='line_1_27' title="bbox 156 2486 1100 2556; baseline -0.002 -14"><span class='ocrx_word' id='word_1_187' title='bbox 156 2495 172 2542; x_wconf 84' lang='lat'><strong>3</strong></span> <span class='ocrx_word' id='word_1_188' title='bbox 190 2487 280 2542; x_wconf 86' lang='lat' dir='ltr'><strong>multa</strong></span> <span class='ocrx_word' id='word_1_189' title='bbox 308 2504 377 2543; x_wconf 85' lang='lat' dir='ltr'><strong>corr.</strong></span> <span class='ocrx_word' id='word_1_190' title='bbox 395 2504 429 2542; x_wconf 79' lang='lat' dir='ltr'><strong>cx</strong></span> <span class='ocrx_word' id='word_1_191' title='bbox 447 2487 539 2546; x_wconf 88' lang='lat' dir='ltr'><strong>multil</strong></span> <span class='ocrx_word' id='word_1_192' title='bbox 558 2487 586 2540; x_wconf 88' lang='lat' dir='ltr'><strong><em>A</em></strong></span> <span class='ocrx_word' id='word_1_193' title='bbox 606 2487 616 2556; x_wconf 81' lang='grc' dir='ltr'><strong>ΙΙ</strong></span> <span class='ocrx_word' id='word_1_194' title='bbox 637 2493 654 2540; x_wconf 81' lang='grc'><strong>4</strong></span> <span class='ocrx_word' id='word_1_195' title='bbox 672 2487 829 2556; x_wconf 75' lang='lat' dir='ltr'><strong>contegent</strong></span> <span class='ocrx_word' id='word_1_196' title='bbox 846 2486 927 2540; x_wconf 81' lang='lat' dir='ltr'><strong>L¹A¹</strong></span> <span class='ocrx_word' id='word_1_197' title='bbox 950 2487 960 2555; x_wconf 83' lang='grc'><strong>11</strong></span> <span class='ocrx_word' id='word_1_198' title='bbox 982 2487 1100 2540; x_wconf 81' lang='lat' dir='ltr'><strong>bbene-</strong></span> 
     </span>
     <span class='ocr_line' id='line_1_28' title="bbox 151 2494 1099 2634; baseline -0.002 -26"><span class='ocrx_word' id='word_1_199' title='bbox 151 2555 241 2634; x_wconf 36' lang='lat' dir='ltr'><strong>&#39;ciilei</strong></span> <span class='ocrx_word' id='word_1_200' title='bbox 259 2573 280 2610; x_wconf 82' lang='lat' dir='ltr'><strong>s.</strong></span> <span class='ocrx_word' id='word_1_201' title='bbox 298 2494 328 2624; x_wconf 81' lang='lat' dir='ltr'><strong>i.)</strong></span> <span class='ocrx_word' id='word_1_202' title='bbox 346 2555 424 2624; x_wconf 75' lang='lat' dir='ltr'><strong>Lll8</strong></span> <span class='ocrx_word' id='word_1_203' title='bbox 442 2555 530 2624; x_wconf 83' lang='lat' dir='ltr'><strong>gratis</strong></span> <span class='ocrx_word' id='word_1_204' title='bbox 547 2561 612 2634; x_wconf 30' lang='lat' dir='ltr'><strong>(rus.</strong></span> <span class='ocrx_word' id='word_1_205' title='bbox 629 2555 658 2622; x_wconf 84' lang='lat' dir='ltr'><strong>l.)</strong></span> <span class='ocrx_word' id='word_1_206' title='bbox 677 2555 717 2620; x_wconf 86' lang='lat' dir='ltr'><strong>L,</strong></span> <span class='ocrx_word' id='word_1_207' title='bbox 771 2557 834 2608; x_wconf 86' lang='lat' dir='ltr'><strong>atus</strong></span> <span class='ocrx_word' id='word_1_208' title='bbox 852 2555 891 2607; x_wconf 87' lang='lat' dir='ltr'><strong>A²</strong></span> <span class='ocrx_word' id='word_1_209' title='bbox 903 2555 913 2622; x_wconf 78' lang='lat' dir='ltr'>ss</span> <span class='ocrx_word' id='word_1_210' title='bbox 930 2553 1020 2632; x_wconf 78' lang='lat' dir='ltr'><strong>furius</strong></span> <span class='ocrx_word' id='word_1_211' title='bbox 1038 2553 1076 2607; x_wconf 91' lang='lat' dir='ltr'><strong>L¹</strong></span> <span class='ocrx_word' id='word_1_212' title='bbox 1090 2555 1099 2622; x_wconf 88' lang='grc' dir='ltr'><strong>ΙΙ</strong></span> 
     </span>
     <span class='ocr_line' id='line_1_29' title="bbox 128 2621 1101 2690; baseline -0.003 -14"><span class='ocrx_word' id='word_1_213' title='bbox 128 2625 214 2676; x_wconf 80' lang='lat' dir='ltr'><strong>turno</strong></span> <span class='ocrx_word' id='word_1_214' title='bbox 232 2624 302 2678; x_wconf 83' lang='lat' dir='ltr'><strong>Pur.</strong></span> <span class='ocrx_word' id='word_1_215' title='bbox 320 2624 421 2689; x_wconf 84' lang='lat' dir='ltr'><strong>Halm,</strong></span> <span class='ocrx_word' id='word_1_216' title='bbox 446 2628 476 2677; x_wconf 84' lang='lat' dir='ltr'><strong>at</strong></span> <span class='ocrx_word' id='word_1_217' title='bbox 494 2639 522 2677; x_wconf 78' lang='lat' dir='ltr'><strong>a.</strong></span> <span class='ocrx_word' id='word_1_218' title='bbox 544 2623 600 2677; x_wconf 84' lang='lat' dir='ltr'><strong>Orc.</strong></span> <span class='ocrx_word' id='word_1_219' title='bbox 623 2621 700 2675; x_wconf 84' lang='lat' dir='ltr'><strong>Verr.</strong></span> <span class='ocrx_word' id='word_1_220' title='bbox 752 2624 867 2687; x_wconf 76' lang='lat'><em>45,120</em></span> <span class='ocrx_word' id='word_1_221' title='bbox 888 2623 897 2690; x_wconf 88' lang='grc' dir='ltr'><strong>ΙΙ</strong></span> <span class='ocrx_word' id='word_1_222' title='bbox 918 2627 933 2674; x_wconf 86' lang='grc'>9</span> <span class='ocrx_word' id='word_1_223' title='bbox 951 2621 1101 2674; x_wconf 86' lang='lat' dir='ltr'><strong>hbrtanam</strong></span> 
     </span>
     <span class='ocr_line' id='line_1_30' title="bbox 128 2689 1124 2758; baseline -0.004 -14"><span class='ocrx_word' id='word_1_224' title='bbox 128 2691 169 2752; x_wconf 89' lang='lat' dir='ltr'><strong>A,</strong></span> <span class='ocrx_word' id='word_1_225' title='bbox 189 2691 255 2744; x_wconf 85' lang='lat' dir='ltr'><strong>add.</strong></span> <span class='ocrx_word' id='word_1_226' title='bbox 275 2692 295 2748; x_wconf 90' lang='lat' dir='ltr'><strong>I.</strong></span> <span class='ocrx_word' id='word_1_227' title='bbox 314 2691 345 2745; x_wconf 88' lang='lat' dir='ltr'><strong>P.</strong></span> <span class='ocrx_word' id='word_1_228' title='bbox 363 2691 524 2744; x_wconf 87' lang='lat' dir='ltr'><strong>libertinam</strong></span> <span class='ocrx_word' id='word_1_229' title='bbox 542 2689 709 2758; x_wconf 80' lang='lat' dir='ltr'><strong>praestabat</strong></span> <span class='ocrx_word' id='word_1_230' title='bbox 725 2703 820 2758; x_wconf 77' lang='lat' dir='ltr'><strong>morpo</strong></span> <span class='ocrx_word' id='word_1_231' title='bbox 831 2689 859 2741; x_wconf 95' lang='lat' dir='ltr'><strong><em>A</em></strong></span> <span class='ocrx_word' id='word_1_232' title='bbox 870 2705 884 2742; x_wconf 85' lang='lat' dir='ltr'><strong>e</strong></span> <span class='ocrx_word' id='word_1_233' title='bbox 896 2689 966 2742; x_wconf 84' lang='lat' dir='ltr'><strong>Pur.</strong></span> <span class='ocrx_word' id='word_1_234' title='bbox 979 2689 990 2756; x_wconf 76' lang='grc' dir='ltr'><em>η</em></span> <span class='ocrx_word' id='word_1_235' title='bbox 1004 2694 1034 2740; x_wconf 85' lang='grc'><strong>13</strong></span> <span class='ocrx_word' id='word_1_236' title='bbox 1054 2704 1099 2740; x_wconf 83' lang='lat' dir='ltr'><strong>ex·</strong></span> <span class='ocrx_word' id='word_1_237' title='bbox 1121 2740 1124 2748; x_wconf 84' lang='grc'><em>,</em></span> 
     </span>
     <span class='ocr_line' id='line_1_31' title="bbox 126 2755 1100 2825; baseline -0.004 -13"><span class='ocrx_word' id='word_1_238' title='bbox 126 2758 263 2812; x_wconf 88' lang='lat' dir='ltr'><strong>tuderunt</strong></span> <span class='ocrx_word' id='word_1_239' title='bbox 283 2759 317 2824; x_wconf 82' lang='lat'><strong>0,</strong></span> <span class='ocrx_word' id='word_1_240' title='bbox 336 2758 496 2812; x_wconf 85' lang='lat' dir='ltr'><strong>extulerant</strong></span> <span class='ocrx_word' id='word_1_241' title='bbox 512 2757 559 2821; x_wconf 86' lang='lat' dir='ltr'><strong>A¹‚</strong></span> <span class='ocrx_word' id='word_1_242' title='bbox 579 2756 741 2810; x_wconf 86' lang='lat' dir='ltr'><strong>extulerunt</strong></span> <span class='ocrx_word' id='word_1_243' title='bbox 757 2756 827 2810; x_wconf 82' lang='lat' dir='ltr'><strong>LA²</strong></span> <span class='ocrx_word' id='word_1_244' title='bbox 845 2757 854 2825; x_wconf 86' lang='grc' dir='ltr'><strong>ΙΙ</strong></span> <span class='ocrx_word' id='word_1_245' title='bbox 878 2761 909 2809; x_wconf 86' lang='grc'><strong>14</strong></span> <span class='ocrx_word' id='word_1_246' title='bbox 926 2755 1043 2809; x_wconf 77' lang='lat' dir='ltr'><strong>nummii</strong></span> <span class='ocrx_word' id='word_1_247' title='bbox 1062 2755 1100 2808; x_wconf 80' lang='lat' dir='ltr'><strong>A²</strong></span> 
     </span>
     <span class='ocr_line' id='line_1_32' title="bbox 131 2822 1099 2896; baseline -0.001 -18"><span class='ocrx_word' id='word_1_248' title='bbox 131 2829 135 2896; x_wconf 81' lang='grc' dir='ltr'>Ι</span> <span class='ocrx_word' id='word_1_249' title='bbox 158 2825 340 2896; x_wconf 87' lang='lat' dir='ltr'><strong>praebentib;</strong></span> <span class='ocrx_word' id='word_1_250' title='bbox 353 2826 420 2888; x_wconf 85' lang='lat' dir='ltr'><strong>LA,</strong></span> <span class='ocrx_word' id='word_1_251' title='bbox 435 2842 483 2882; x_wconf 85' lang='lat' dir='ltr'><strong>em.</strong></span> <span class='ocrx_word' id='word_1_252' title='bbox 492 2825 659 2878; x_wconf 70' lang='lat' dir='ltr'><strong>Perizonius</strong></span> <span class='ocrx_word' id='word_1_253' title='bbox 671 2825 681 2893; x_wconf 81' lang='grc' dir='ltr'><strong>ΙΙ</strong></span> <span class='ocrx_word' id='word_1_254' title='bbox 694 2824 873 2878; x_wconf 88' lang='lat' dir='ltr'><strong>addiceretur</strong></span> <span class='ocrx_word' id='word_1_255' title='bbox 886 2824 976 2891; x_wconf 83' lang='lat' dir='ltr'><strong>(prior</strong></span> <span class='ocrx_word' id='word_1_256' title='bbox 988 2822 1007 2874; x_wconf 90' lang='lat' dir='ltr'><strong>d</strong></span> <span class='ocrx_word' id='word_1_257' title='bbox 1019 2828 1099 2885; x_wconf 81' lang='lat' dir='ltr'><strong>eras.)</strong></span> 
     </span>
     <span class='ocr_line' id='line_1_33' title="bbox 164 2890 1100 3011; baseline -0.003 -65"><span class='ocrx_word' id='word_1_258' title='bbox 164 2933 170 2955; x_wconf 83' lang='lat'>,</span> <span class='ocrx_word' id='word_1_259' title='bbox 189 2892 377 2946; x_wconf 83' lang='lat' dir='ltr'><strong>adduceretur</strong></span> <span class='ocrx_word' id='word_1_260' title='bbox 394 2893 422 2946; x_wconf 89' lang='lat' dir='ltr'><strong><em>A</em></strong></span> <span class='ocrx_word' id='word_1_261' title='bbox 448 2893 452 2960; x_wconf 82' lang='grc' dir='ltr'>Ι</span> <span class='ocrx_word' id='word_1_262' title='bbox 475 2899 506 2946; x_wconf 78' lang='lat'><strong>15</strong></span> <span class='ocrx_word' id='word_1_263' title='bbox 524 2891 609 2945; x_wconf 88' lang='lat' dir='ltr'><strong>lauda</strong></span> <span class='ocrx_word' id='word_1_264' title='bbox 622 2892 659 2946; x_wconf 86' lang='lat' dir='ltr'><strong>L¹</strong></span> <span class='ocrx_word' id='word_1_265' title='bbox 682 2894 691 2961; x_wconf 90' lang='grc' dir='ltr'><strong>ΙΙ</strong></span> <span class='ocrx_word' id='word_1_266' title='bbox 712 2891 825 2968; x_wconf 79' lang='lat' dir='ltr'><strong>adiecta</strong></span> <span class='ocrx_word' id='word_1_267' title='bbox 842 2891 906 2958; x_wconf 83' lang='lat' dir='ltr'><strong>lege</strong></span> <span class='ocrx_word' id='word_1_268' title='bbox 925 2890 1008 2952; x_wconf 83' lang='lat' dir='ltr'><strong>L1A,</strong></span> <span class='ocrx_word' id='word_1_269' title='bbox 1027 2891 1100 3011; x_wconf 55' lang='lat' dir='ltr'><em>W</em></span> 
     </span>
     <span class='ocr_line' id='line_1_34' title="bbox 127 2957 1098 3026; baseline -0.004 -12"><span class='ocrx_word' id='word_1_270' title='bbox 127 2975 188 3014; x_wconf 78' lang='lat' dir='ltr'><strong>reon</strong></span> <span class='ocrx_word' id='word_1_271' title='bbox 208 2965 278 3013; x_wconf 86' lang='lat' dir='ltr'><strong>recte</strong></span> <span class='ocrx_word' id='word_1_272' title='bbox 299 2965 395 3014; x_wconf 79' lang='lat' dir='ltr'><strong>tuctur</strong></span> <span class='ocrx_word' id='word_1_273' title='bbox 443 2959 500 3013; x_wconf 85' lang='lat' dir='ltr'><strong>alm</strong></span> <span class='ocrx_word' id='word_1_274' title='bbox 518 2976 569 3015; x_wconf 81' lang='lat' dir='ltr'><strong>erre.</strong></span> <span class='ocrx_word' id='word_1_275' title='bbox 585 2959 645 3014; x_wconf 85' lang='lat' dir='ltr'><strong>Vol.</strong></span> <span class='ocrx_word' id='word_1_276' title='bbox 660 2975 690 3026; x_wconf 79' lang='lat' dir='ltr'><strong>p.</strong></span> <span class='ocrx_word' id='word_1_277' title='bbox 702 2963 731 3026; x_wconf 85' lang='lat'><strong>9,</strong></span> <span class='ocrx_word' id='word_1_278' title='bbox 753 2959 864 3013; x_wconf 80' lang='lat' dir='ltr'><strong>abiecta</strong></span> <span class='ocrx_word' id='word_1_279' title='bbox 885 2958 950 3024; x_wconf 87' lang='lat' dir='ltr'><strong>lege</strong></span> <span class='ocrx_word' id='word_1_280' title='bbox 968 2957 1007 3010; x_wconf 81' lang='lat' dir='ltr'><strong>L²</strong></span> <span class='ocrx_word' id='word_1_281' title='bbox 1065 2973 1098 3024; x_wconf 82' lang='lat' dir='ltr'><strong>p-</strong></span> 
     </span>
     <span class='ocr_line' id='line_1_35' title="bbox 126 3025 1099 3096; baseline -0.004 -14"><span class='ocrx_word' id='word_1_282' title='bbox 126 3027 202 3094; x_wconf 77' lang='lat' dir='ltr'><strong>eiere,</strong></span> <span class='ocrx_word' id='word_1_283' title='bbox 227 3025 342 3080; x_wconf 87' lang='lat' dir='ltr'><strong>addicta</strong></span> <span class='ocrx_word' id='word_1_284' title='bbox 363 3027 441 3080; x_wconf 87' lang='lat' dir='ltr'><strong>luero</strong></span> <span class='ocrx_word' id='word_1_285' title='bbox 467 3027 586 3096; x_wconf 72' lang='lat' dir='ltr'><strong>Wemcy</strong></span> <span class='ocrx_word' id='word_1_286' title='bbox 603 3031 673 3082; x_wconf 77' lang='lat'><strong><em>1884</em></strong></span> <span class='ocrx_word' id='word_1_287' title='bbox 687 3043 717 3096; x_wconf 83' lang='lat' dir='ltr'><strong>p.</strong></span> <span class='ocrx_word' id='word_1_288' title='bbox 731 3031 799 3090; x_wconf 84' lang='grc'><em>786,</em></span> <span class='ocrx_word' id='word_1_289' title='bbox 824 3026 937 3080; x_wconf 87' lang='lat' dir='ltr'><strong>abiecta</strong></span> <span class='ocrx_word' id='word_1_290' title='bbox 955 3025 1017 3092; x_wconf 83' lang='lat' dir='ltr'><strong>(dcl.</strong></span> <span class='ocrx_word' id='word_1_291' title='bbox 1036 3025 1099 3093; x_wconf 83' lang='lat' dir='ltr'><strong>lege</strong></span> 
     </span>
     <span class='ocr_line' id='line_1_36' title="bbox 127 3092 1101 3162; baseline -0.004 -12"><span class='ocrx_word' id='word_1_292' title='bbox 127 3108 196 3150; x_wconf 78' lang='lat' dir='ltr'><strong>crece</strong></span> <span class='ocrx_word' id='word_1_293' title='bbox 217 3094 285 3147; x_wconf 81' lang='lat' dir='ltr'><strong>mibi</strong></span> <span class='ocrx_word' id='word_1_294' title='bbox 312 3109 418 3162; x_wconf 77' lang='lat' dir='ltr'><strong>quoque</strong></span> <span class='ocrx_word' id='word_1_295' title='bbox 443 3095 509 3149; x_wconf 80' lang='lat' dir='ltr'><strong>olim</strong></span> <span class='ocrx_word' id='word_1_296' title='bbox 530 3100 667 3162; x_wconf 79' lang='lat' dir='ltr'><strong>suspecta)</strong></span> <span class='ocrx_word' id='word_1_297' title='bbox 691 3095 814 3162; x_wconf 69' lang='lat' dir='ltr'><strong>Madaro</strong></span> <span class='ocrx_word' id='word_1_298' title='bbox 836 3095 876 3146; x_wconf 89' lang='lat'><strong>11</strong></span> <span class='ocrx_word' id='word_1_299' title='bbox 894 3095 962 3158; x_wconf 76' lang='lat'><em>324,</em></span> <span class='ocrx_word' id='word_1_300' title='bbox 989 3092 1101 3146; x_wconf 87' lang='lat' dir='ltr'><strong>abiecta</strong></span> 
     </span>
     <span class='ocr_line' id='line_1_37' title="bbox 127 3160 1101 3230; baseline -0.004 -14"><span class='ocrx_word' id='word_1_301' title='bbox 127 3160 222 3230; x_wconf 79' lang='lat' dir='ltr'><strong>adlegi</strong></span> <span class='ocrx_word' id='word_1_302' title='bbox 239 3161 422 3229; x_wconf 75' lang='lat' dir='ltr'><strong>probabiliter</strong></span> <span class='ocrx_word' id='word_1_303' title='bbox 442 3162 548 3218; x_wconf 79' lang='lat' dir='ltr'><strong>Binum</strong></span> <span class='ocrx_word' id='word_1_304' title='bbox 570 3163 602 3216; x_wconf 80' lang='lat' dir='ltr'><strong>ire</strong></span> <span class='ocrx_word' id='word_1_305' title='bbox 620 3162 757 3219; x_wconf 72' lang='lat' dir='ltr'><strong>Flecteris.</strong></span> <span class='ocrx_word' id='word_1_306' title='bbox 780 3164 933 3215; x_wconf 78' lang='lat' dir='ltr'><strong>aaa.1873</strong></span> <span class='ocrx_word' id='word_1_307' title='bbox 951 3175 981 3228; x_wconf 79' lang='lat' dir='ltr'><strong>p.</strong></span> <span class='ocrx_word' id='word_1_308' title='bbox 999 3164 1052 3214; x_wconf 82' lang='lat'><strong>116</strong></span> <span class='ocrx_word' id='word_1_309' title='bbox 1075 3165 1101 3214; x_wconf 79' lang='lat' dir='ltr'><strong>er</strong></span> 
     </span>
     <span class='ocr_line' id='line_1_38' title="bbox 130 3227 1100 3299; baseline -0.005 -15"><span class='ocrx_word' id='word_1_310' title='bbox 130 3230 233 3284; x_wconf 73' lang='lat' dir='ltr'><strong>Gertz*</strong></span> <span class='ocrx_word' id='word_1_311' title='bbox 251 3229 261 3298; x_wconf 77' lang='grc' dir='ltr'><strong>ΙΙ</strong></span> <span class='ocrx_word' id='word_1_312' title='bbox 279 3231 358 3283; x_wconf 86' lang='lat' dir='ltr'><strong>auset</strong></span> <span class='ocrx_word' id='word_1_313' title='bbox 375 3229 465 3297; x_wconf 82' lang='lat' dir='ltr'><strong><em>L¹A¹‚</em></strong></span> <span class='ocrx_word' id='word_1_314' title='bbox 484 3231 559 3284; x_wconf 83' lang='lat' dir='ltr'><strong>ausit</strong></span> <span class='ocrx_word' id='word_1_315' title='bbox 575 3229 614 3283; x_wconf 81' lang='lat' dir='ltr'><strong>L²</strong></span> <span class='ocrx_word' id='word_1_316' title='bbox 631 3231 641 3299; x_wconf 84' lang='grc' dir='ltr'><strong>ΙΙ</strong></span> <span class='ocrx_word' id='word_1_317' title='bbox 664 3235 695 3284; x_wconf 90' lang='grc'><strong>16</strong></span> <span class='ocrx_word' id='word_1_318' title='bbox 713 3228 801 3298; x_wconf 75' lang='lat' dir='ltr'><strong>quida</strong></span> <span class='ocrx_word' id='word_1_319' title='bbox 819 3228 887 3282; x_wconf 89' lang='lat' dir='ltr'><strong>LA¹</strong></span> <span class='ocrx_word' id='word_1_320' title='bbox 911 3229 921 3296; x_wconf 78' lang='grc' dir='ltr'><strong>ΙΙ</strong></span> <span class='ocrx_word' id='word_1_321' title='bbox 944 3235 974 3282; x_wconf 88' lang='grc'><strong>19</strong></span> <span class='ocrx_word' id='word_1_322' title='bbox 992 3227 1100 3297; x_wconf 73' lang='lat' dir='ltr'><strong>relferri</strong></span> 
     </span>
     <span class='ocr_line' id='line_1_39' title="bbox 129 3295 1100 3417; baseline -0.002 -65"><span class='ocrx_word' id='word_1_323' title='bbox 129 3298 190 3367; x_wconf 79' lang='lat' dir='ltr'><strong>(scd</strong></span> <span class='ocrx_word' id='word_1_324' title='bbox 206 3315 237 3352; x_wconf 90' lang='lat' dir='ltr'><strong>re</strong></span> <span class='ocrx_word' id='word_1_325' title='bbox 255 3314 290 3352; x_wconf 84' lang='lat' dir='ltr'><strong>m.</strong></span> <span class='ocrx_word' id='word_1_326' title='bbox 308 3300 328 3352; x_wconf 80' lang='lat'><strong><em>2</em></strong></span> <span class='ocrx_word' id='word_1_327' title='bbox 346 3303 425 3352; x_wconf 81' lang='lat' dir='ltr'><strong>cetra</strong></span> <span class='ocrx_word' id='word_1_328' title='bbox 442 3299 563 3378; x_wconf 69' lang='lat' dir='ltr'><strong>aereum)</strong></span> <span class='ocrx_word' id='word_1_329' title='bbox 581 3299 610 3351; x_wconf 91' lang='lat' dir='ltr'><strong><em>A</em></strong></span> <span class='ocrx_word' id='word_1_330' title='bbox 630 3301 640 3366; x_wconf 79' lang='grc'><strong>11</strong></span> <span class='ocrx_word' id='word_1_331' title='bbox 661 3304 694 3352; x_wconf 80' lang='lat'><strong>20</strong></span> <span class='ocrx_word' id='word_1_332' title='bbox 712 3297 780 3376; x_wconf 80' lang='lat' dir='ltr'><strong>quia</strong></span> <span class='ocrx_word' id='word_1_333' title='bbox 798 3298 847 3375; x_wconf 83' lang='lat' dir='ltr'><strong>aut</strong></span> <span class='ocrx_word' id='word_1_334' title='bbox 865 3295 934 3417; x_wconf 37' lang='lat' dir='ltr'><strong>A]</strong></span> <span class='ocrx_word' id='word_1_335' title='bbox 955 3311 1012 3349; x_wconf 92' lang='lat' dir='ltr'><strong>non</strong></span> <span class='ocrx_word' id='word_1_336' title='bbox 1029 3296 1057 3349; x_wconf 92' lang='lat' dir='ltr'><strong><em>L</em></strong></span> <span class='ocrx_word' id='word_1_337' title='bbox 1075 3301 1100 3350; x_wconf 80' lang='lat' dir='ltr'><strong>et</strong></span> 
     </span>
     <span class='ocr_line' id='line_1_40' title="bbox 128 3363 1099 3513; baseline -0.005 -25"><span class='ocrx_word' id='word_1_338' title='bbox 128 3363 1099 3513; x_wconf 50' lang='lat' dir='ltr'><strong>sitrecte„aaillucue:corruaturru:</strong></span> 
     </span>
     <span class='ocr_line' id='line_1_41' title="bbox 129 3499 1100 3568; baseline -0.002 -14"><span class='ocrx_word' id='word_1_339' title='bbox 129 3517 192 3555; x_wconf 90' lang='lat' dir='ltr'><strong>mae</strong></span> <span class='ocrx_word' id='word_1_340' title='bbox 217 3503 299 3556; x_wconf 79' lang='lat' dir='ltr'><strong>sorus</strong></span> <span class='ocrx_word' id='word_1_341' title='bbox 322 3501 455 3568; x_wconf 70' lang='lat' dir='ltr'><strong>lapsum,</strong></span> <span class='ocrx_word' id='word_1_342' title='bbox 483 3501 586 3554; x_wconf 81' lang='lat' dir='ltr'><strong>rnfimn</strong></span> <span class='ocrx_word' id='word_1_343' title='bbox 612 3501 696 3554; x_wconf 75' lang='lat' dir='ltr'><strong>aeota</strong></span> <span class='ocrx_word' id='word_1_344' title='bbox 722 3499 819 3554; x_wconf 84' lang='lat' dir='ltr'><strong>Heller</strong></span> <span class='ocrx_word' id='word_1_345' title='bbox 845 3515 878 3554; x_wconf 81' lang='lat' dir='ltr'><strong>ru</strong></span> <span class='ocrx_word' id='word_1_346' title='bbox 904 3500 1007 3554; x_wconf 81' lang='lat' dir='ltr'><strong>Pbrlol.</strong></span> <span class='ocrx_word' id='word_1_347' title='bbox 1030 3503 1100 3553; x_wconf 78' lang='lat'><em>1869</em></span> 
     </span>
     <span class='ocr_line' id='line_1_42' title="bbox 124 3569 562 3637; baseline -0.002 -14"><span class='ocrx_word' id='word_1_348' title='bbox 124 3583 156 3637; x_wconf 76' lang='lat' dir='ltr'><strong>p.</strong></span> <span class='ocrx_word' id='word_1_349' title='bbox 172 3572 239 3635; x_wconf 78' lang='lat'><strong><em>362,</em></strong></span> <span class='ocrx_word' id='word_1_350' title='bbox 260 3569 326 3622; x_wconf 84' lang='lat' dir='ltr'><strong>estis</strong></span> <span class='ocrx_word' id='word_1_351' title='bbox 344 3570 456 3624; x_wconf 81' lang='lat' dir='ltr'><strong>seclusit</strong></span> <span class='ocrx_word' id='word_1_352' title='bbox 474 3569 562 3623; x_wconf 83' lang='lat' dir='ltr'><strong>Halm</strong></span> 
     </span>
    </p>
   </div>
   <div class='ocr_carea' id='block_1_4' title="bbox 0 0 1306 3960">
    <p class='ocr_par' dir='ltr' id='par_1_6' title="bbox 0 0 1306 3960">
     <span class='ocr_line' id='line_1_43' title="bbox 0 0 1306 3960; baseline 0 0"><span class='ocrx_word' id='word_1_353' title='bbox 0 0 1306 3960; x_wconf 95' lang='lat' dir='ltr'><strong> </strong></span> 
     </span>
    </p>
   </div>
  </div>
 </body>
</html>
