2624 3950
250 143 314 206 498
453 138 520 192 orn.
533 139 568 194 11.
594 138 672 200 car,
691 145 789 208 use.
819 138 1042 204 osP.1o,r-a.

254 300 286 358 in
310 297 412 358 Sicilia
439 297 476 356 ad
507 297 706 356 munitionum
736 314 810 373 opus
833 298 1043 373 explicandum
1070 298 1114 358 ire
1142 299 1215 358 iussi

251 402 311 444 non
333 383 439 441 ierant.

217 471 235 521 8
318 467 358 528 M.
371 466 484 528 Atilius
499 467 632 542 Regulus
655 471 686 526 ct
707 466 741 526 L.
757 466 866 526 Furius
881 466 985 526 Philus
1007 467 1046 526 M.
1062 468 1217 528 Metellum

251 555 439 629 quaestorem
471 552 686 626 conpluresque
717 551 833 625 equites
866 550 1029 624 Romanos,
1063 553 1115 627 qni
1149 556 1218 628 post
1279 593 1280 612 ;

253 636 438 698 Cannensem
460 654 593 711 pugnam
615 635 749 694 abituros
771 653 803 694 se
818 635 906 694 Italia
927 636 1111 706 iurauerant,
1135 651 1239 695 aera-⁵

252 723 312 781 rios
334 721 479 782 fecerunt.
511 720 601 778 iidem
623 737 759 778 censores
782 723 810 778 et
833 737 884 779 eos
906 720 992 795 graui
1013 723 1086 779 nota
1101 721 1214 780 adiece-

253 810 334 878 runt,
358 805 418 880 qui,
441 805 562 862 cumin
584 807 766 878 potestatem
789 802 966 864 Hannibalis
990 805 1153 876 uenissent,
1176 805 1214 864 le·

252 891 317 969 gati
344 890 381 948 ab
411 907 445 947 eo
466 889 550 946 missi
573 888 611 947 ad
634 891 769 946 senatum
791 887 826 946 de
849 888 1054 963 permutandis
1077 890 1215 965 captiuis,

252 993 349 1049 neque
371 975 595 1048 impetrassent,
617 971 648 1031 in
670 973 744 1030 urbe
766 974 982 1031 remanserunt.

217 1065 234 1114 9
317 1056 350 1120 O.
372 1055 462 1128 Geta,
490 1075 557 1114 cum
579 1075 596 1114 a
617 1057 653 1114 L.
676 1056 797 1116 Metello
826 1059 857 1116 et
878 1053 932 1114 (ln.
957 1055 1090 1115 Domitio
1113 1074 1214 1116 censo·
1230 1071 1251 1110 ro

251 1143 335 1202 ribus
357 1146 462 1200 senatu
484 1143 585 1200 motus
607 1143 699 1213 esset,
720 1144 827 1216 postea
849 1159 954 1200 censor
975 1143 1022 1200 est
1044 1139 1152 1200 factus.
1176 1173 1217 1182 —

253 1227 293 1284 M.
305 1225 443 1284 Valerius
458 1223 598 1284 Messalla
619 1225 753 1284 censorie
773 1227 846 1284 nota
860 1225 1037 1300 perstrictus
1053 1225 1218 1284 censoriam
1280 1243 1281 1246 ¹

252 1308 446 1387 postmodum
467 1311 648 1384 potestatem
670 1309 844 1384 inpetrauit.

201 1531 241 1588 1⁰
575 1477 629 1535 Du
651 1474 893 1535 MAIESTATE.
1281 1424 1282 1510 l

220 1570 251 1652 1'
317 1581 352 1652 Q.
375 1578 513 1639 Metellus
542 1596 609 1637 cum
636 1595 754 1636 causam
783 1578 1016 1653 repetundarum
1043 1576 1157 1637 diceret
1184 1583 1216 1638 et
1231 1592 1251 1631 u

252 1665 369 1726 tabulae
391 1665 455 1724 eius
476 1663 514 1722 ab
536 1665 707 1722 accusatore
729 1658 766 1720 ad
781 1679 891 1720 nomen
905 1663 1124 1738 inspiciendum
1140 1663 1219 1723 circa

251 1750 365 1810 indices
388 1749 550 1818 ferrentur,
573 1749 670 1806 toturn
694 1745 852 1805 consilium
866 1746 903 1804 ab
919 1765 1020 1805 earum
1036 1747 1219 1823 contempla·

253 1836 333 1894 tione
355 1834 466 1892 auertit
488 1831 602 1892 oculos:
626 1830 783 1906 indignum
805 1830 884 1888 enim
900 1830 1075 1890 credebatur
1090 1831 1218 1906 integri-

254 1922 347 1979 tatem
369 1918 448 1977 tanti
471 1916 529 1975 uiri
551 1915 659 1991 exigua
680 1932 747 1973 cera
769 1916 800 1973 et
819 1915 920 1989 paucis
934 1915 1044 1974 litteris
1060 1915 1217 1991 perpendi.

218 2009 235 2058 2
316 2003 380 2062 Rex
403 2000 567 2060 Antiochus
595 1999 689 2072 bello,
717 1998 797 2074 quod
824 2016 891 2058 cum
913 1999 1054 2059 Romanis
1082 2000 1254 2076 gerebatur

253 2087 348 2145 fllium
369 2086 504 2145 Africani
528 2083 676 2159 Scipionis
705 2099 725 2141 a
751 2082 898 2142 militibus
926 2084 988 2144 suis
1016 2083 1219 2160 interceptum

254 2171 335 2230 ultro
357 2170 437 2245 patri
458 2169 583 2227 remisit.
602 2199 638 2210 -
656 2166 704 2224 Ad
727 2165 852 2226 eundem
867 2166 1044 2227 Africanum
1066 2169 1218 2248 in‘Liter-

254 2254 329 2314 niun
356 2254 429 2312 uilla
457 2271 488 2313 se
517 2253 717 2313 continentem
746 2251 902 2326 conplures
923 2252 1107 2327 praedonum
1130 2252 1219 2313 duces

253 2338 376 2398 uidendi
408 2338 472 2398 eius
505 2355 593 2397 causa
624 2337 702 2395 forte
735 2335 950 2395 confluxerunt.
994 2355 1069 2411 quoa
1092 2355 1160 2396 cum
1182 2336 1220 2396 ad

255 2425 318 2483 uim
340 2422 506 2482 faciendam
527 2422 630 2480 uenire
646 2420 843 2480 existimasset
859 2419 959 2496 Scipio
975 2421 1217 2498 praesidiumque
1231 2436 1254 2476 aa

256 2508 485 2568 domesticorum
516 2507 548 2565 in
581 2508 659 2564 tecto
692 2505 889 2572 conlocasset,
922 2505 1091 2564 dicentibus
1128 2505 1220 2566 officii

255 2594 352 2670 gratia
374 2592 454 2668 ipsos
477 2591 593 2650 uenisse
615 2589 725 2664 aperiri
748 2589 827 2648 fores
849 2589 938 2649 iussit
959 2593 1035 2649 etse
1050 2591 1220 2663 spectaculo

253 2677 433 2737 mirantibus
455 2674 602 2751 praebuit.

220 2771 237 2820 3
318 2760 392 2822 Cum
408 2760 528 2820 Aemilii
550 2758 638 2817 Pauli
660 2759 818 2833 exsequiae
840 2757 1061 2817 celebrarentur
1083 2776 1118 2818 ac
1140 2758 1221 2818 forte

252 2850 325 2907 tunc
346 2846 498 2922 principes
520 2842 716 2902 Macedonum
737 2843 847 2902 Romae
873 2845 1070 2916 morarentur,
1098 2842 1218 2902 funebri
1234 2859 1259 2897 ec

255 2932 333 2990 lecto
356 2948 409 2990 sue
430 2931 537 3005 sponte
560 2945 623 2987 sese
645 2927 845 2989 subiecerunt.

323 3117 336 3162 1
355 3109 450 3164 Sicilia
467 3122 518 3162 noa
536 3123 549 3161 c
570 3106 640 3172 Vol„
659 3105 777 3160 siciliam
795 3107 853 3162 cod.
875 3105 991 3227 Holmjl
1011 3112 1026 3158 2
1044 3104 1140 3159 ierunt
1157 3108 1218 3160 cod.

221 3221 222 3226 ,
252 3178 349 3242 Halm,
368 3193 416 3231 cm.
439 3174 543 3298 Gerga&l
556 3175 566 3243 ΙΙ
574 3174 686 3296 ιὸἒῦυἰε
699 3174 709 3242 ΙΙ
724 3173 912 3309 ἷῖιῗθῑιιίῗεθεηὺὲ
931 3174 970 3228 cd
991 3173 1156 3309 eMoroefwb
1166 3173 1218 3295 Rq}-

254 3258 725 3389 McMMfldlMcMsggpostMaztaeMlMS
748 3257 864 3362 Mebatur
875 3257 1062 3387 Meffiguer
1076 3257 1139 3362 ἰοῖῖ.
1156 3259 1219 3362 1301]

255 3377 412 3446 (indignum
430 3379 504 3443 retr),
521 3394 560 3430 aa
577 3376 730 3429 credebat?
743 3375 753 3442 ll
767 3381 796 3427 21
817 3391 835 3428 a
846 3375 1139 3429 m1lrt1busccelacuaa
1155 3379 1220 3430 m.2

254 3444 329 3503 odel„
349 3458 399 3519 oua.
417 3460 451 3496 m.
464 3449 480 3496 1
493 3445 503 3511 ll
516 3451 548 3496 22
565 3443 661 3496 literni
678 3443 736 3497 cod.
757 3441 851 3504 Helm,
870 3460 917 3497 em.
940 3442 1040 3496 Geta*
1058 3457 1072 3495 e
1087 3441 1147 3495 Vol.
1161 3444 1172 3510 l
1186 3449 1219 3497 29

255 3523 405 3574 exsequrae
424 3515 450 3574 (s
468 3510 585 3577 induet.)
