<?xml version="1.0" encoding="UTF-8"?>
<!DOCTYPE html PUBLIC "-//W3C//DTD XHTML 1.0 Transitional//EN"
    "http://www.w3.org/TR/xhtml1/DTD/xhtml1-transitional.dtd">
<html xmlns="http://www.w3.org/1999/xhtml" xml:lang="en" lang="en">
 <head>
  <title>
</title>
<meta http-equiv="Content-Type" content="text/html;charset=utf-8" />
  <meta name='ocr-system' content='tesseract 3.04.00' />
  <meta name='ocr-capabilities' content='ocr_page ocr_carea ocr_par ocr_line ocrx_word'/>
</head>
<body>
  <div class='ocr_page' id='page_1' title='image "./valeriimaximifa00nepogoog_0146.png"; bbox 0 0 2606 3952; ppageno 0'>
   <div class='ocr_carea' id='block_1_1' title="bbox 477 162 1088 231">
    <p class='ocr_par' dir='ltr' id='par_1_1' title="bbox 477 162 1088 231">
     <span class='ocr_line' id='line_1_1' title="bbox 477 162 1088 231; baseline -0.002 -13"><span class='ocrx_word' id='word_1_1' title='bbox 477 162 554 218; x_wconf 80' lang='lat' dir='ltr'>cnP.</span> <span class='ocrx_word' id='word_1_2' title='bbox 574 163 608 230; x_wconf 78' lang='lat' dir='ltr'>n,</span> <span class='ocrx_word' id='word_1_3' title='bbox 626 167 728 228; x_wconf 77' lang='lat' dir='ltr'>sa-s.</span> <span class='ocrx_word' id='word_1_4' title='bbox 1027 164 1088 231; x_wconf 85' lang='lat'>105</span> 
     </span>
    </p>
   </div>
   <div class='ocr_carea' id='block_1_2' title="bbox 13 315 1087 401">
    <p class='ocr_par' dir='ltr' id='par_1_2' title="bbox 13 315 1087 401">
     <span class='ocr_line' id='line_1_2' title="bbox 13 315 1087 401; baseline 0 -19"><span class='ocrx_word' id='word_1_5' title='bbox 13 355 27 372; x_wconf 58' lang='grc' dir='ltr'><em>ν</em></span> <span class='ocrx_word' id='word_1_6' title='bbox 117 318 188 382; x_wconf 91' lang='lat' dir='ltr'>eius</span> <span class='ocrx_word' id='word_1_7' title='bbox 217 316 455 382; x_wconf 76' lang='lat' dir='ltr'>celebrarentur</span> <span class='ocrx_word' id='word_1_8' title='bbox 477 336 515 381; x_wconf 93' lang='lat' dir='ltr'>ao</span> <span class='ocrx_word' id='word_1_9' title='bbox 536 315 621 380; x_wconf 88' lang='lat' dir='ltr'>forte</span> <span class='ocrx_word' id='word_1_10' title='bbox 648 319 727 381; x_wconf 89' lang='lat' dir='ltr'>tunc</span> <span class='ocrx_word' id='word_1_11' title='bbox 755 317 919 401; x_wconf 85' lang='lat' dir='ltr'>principes</span> <span class='ocrx_word' id='word_1_12' title='bbox 942 315 1087 382; x_wconf 91' lang='lat' dir='ltr'>Macedo·</span> 
     </span>
    </p>
   </div>
   <div class='ocr_carea' id='block_1_3' title="bbox 13 400 1126 1163">
    <p class='ocr_par' dir='ltr' id='par_1_3' title="bbox 13 400 1126 1163">
     <span class='ocr_line' id='line_1_3' title="bbox 116 400 1086 487; baseline 0 -20"><span class='ocrx_word' id='word_1_13' title='bbox 116 403 194 468; x_wconf 88' lang='lat' dir='ltr'>niae</span> <span class='ocrx_word' id='word_1_14' title='bbox 215 401 389 487; x_wconf 77' lang='lat' dir='ltr'>legationis</span> <span class='ocrx_word' id='word_1_15' title='bbox 415 401 545 466; x_wconf 91' lang='lat' dir='ltr'>nomine</span> <span class='ocrx_word' id='word_1_16' title='bbox 566 400 686 465; x_wconf 89' lang='lat' dir='ltr'>Romae</span> <span class='ocrx_word' id='word_1_17' title='bbox 714 407 930 482; x_wconf 88' lang='lat' dir='ltr'>morarentur,</span> <span class='ocrx_word' id='word_1_18' title='bbox 958 401 1086 467; x_wconf 84' lang='lat' dir='ltr'>funebri</span> 
     </span>
     <span class='ocr_line' id='line_1_4' title="bbox 116 485 1086 570; baseline 0 -18"><span class='ocrx_word' id='word_1_19' title='bbox 116 489 203 552; x_wconf 90' lang='lat' dir='ltr'>lecto</span> <span class='ocrx_word' id='word_1_20' title='bbox 232 490 346 569; x_wconf 90' lang='lat' dir='ltr'>sponte</span> <span class='ocrx_word' id='word_1_21' title='bbox 374 507 431 550; x_wconf 90' lang='lat' dir='ltr'>sua</span> <span class='ocrx_word' id='word_1_22' title='bbox 458 507 526 551; x_wconf 89' lang='lat' dir='ltr'>sese</span> <span class='ocrx_word' id='word_1_23' title='bbox 553 485 765 551; x_wconf 86' lang='lat' dir='ltr'>subiecerunt.</span> <span class='ocrx_word' id='word_1_24' title='bbox 811 486 892 570; x_wconf 93' lang='lat' dir='ltr'>quod</span> <span class='ocrx_word' id='word_1_25' title='bbox 921 487 1086 570; x_wconf 89' lang='lat' dir='ltr'>aliquanto</span> 
     </span>
     <span class='ocr_line' id='line_1_5' title="bbox 115 570 1087 655; baseline 0 -19"><span class='ocrx_word' id='word_1_26' title='bbox 115 571 223 636; x_wconf 89' lang='lat' dir='ltr'>maius</span> <span class='ocrx_word' id='word_1_27' title='bbox 244 571 415 654; x_wconf 88' lang='lat' dir='ltr'>uidebitur,</span> <span class='ocrx_word' id='word_1_28' title='bbox 438 572 466 635; x_wconf 87' lang='lat' dir='ltr'>si</span> <span class='ocrx_word' id='word_1_29' title='bbox 488 571 544 654; x_wconf 85' lang='lat' dir='ltr'>qui</span> <span class='ocrx_word' id='word_1_30' title='bbox 565 573 739 655; x_wconf 81' lang='lat' dir='ltr'>cognoscat</span> <span class='ocrx_word' id='word_1_31' title='bbox 753 570 828 636; x_wconf 87' lang='lat' dir='ltr'>lecti</span> <span class='ocrx_word' id='word_1_32' title='bbox 842 570 929 635; x_wconf 90' lang='lat' dir='ltr'>illius</span> <span class='ocrx_word' id='word_1_33' title='bbox 945 571 1087 636; x_wconf 86' lang='lat' dir='ltr'>frontem</span> 
     </span>
     <span class='ocr_line' id='line_1_6' title="bbox 116 654 1114 739; baseline -0.003 -18"><span class='ocrx_word' id='word_1_34' title='bbox 116 656 337 721; x_wconf 75' lang='lat' dir='ltr'>Macedonicis</span> <span class='ocrx_word' id='word_1_35' title='bbox 358 655 531 739; x_wconf 71' lang='lat' dir='ltr'>triumphis</span> <span class='ocrx_word' id='word_1_36' title='bbox 559 654 659 720; x_wconf 86' lang='lat' dir='ltr'>fuisse</span> <span class='ocrx_word' id='word_1_37' title='bbox 686 655 892 720; x_wconf 87' lang='lat' dir='ltr'>adornatam:</span> <span class='ocrx_word' id='word_1_38' title='bbox 930 659 1114 739; x_wconf 80' lang='lat' dir='ltr'>quantums</span> 
     </span>
     <span class='ocr_line' id='line_1_7' title="bbox 13 739 1088 823; baseline 0 -17"><span class='ocrx_word' id='word_1_39' title='bbox 13 779 14 786; x_wconf 57' lang='lat'>.</span> <span class='ocrx_word' id='word_1_40' title='bbox 117 742 207 806; x_wconf 87' lang='lat' dir='ltr'>enim</span> <span class='ocrx_word' id='word_1_41' title='bbox 233 739 336 806; x_wconf 92' lang='lat' dir='ltr'>Paulo</span> <span class='ocrx_word' id='word_1_42' title='bbox 364 741 561 818; x_wconf 83' lang='lat' dir='ltr'>tribuerunt,</span> <span class='ocrx_word' id='word_1_43' title='bbox 618 742 728 823; x_wconf 87' lang='lat' dir='ltr'>ropter</span> <span class='ocrx_word' id='word_1_44' title='bbox 753 761 848 823; x_wconf 90' lang='lat' dir='ltr'>quem</span> <span class='ocrx_word' id='word_1_45' title='bbox 900 741 984 804; x_wconf 89' lang='lat' dir='ltr'>entis</span> <span class='ocrx_word' id='word_1_46' title='bbox 1012 762 1088 806; x_wconf 87' lang='lat' dir='ltr'>suae</span> 
     </span>
     <span class='ocr_line' id='line_1_8' title="bbox 118 761 1086 910; baseline -0.001 -19"><span class='ocrx_word' id='word_1_47' title='bbox 118 826 260 891; x_wconf 90' lang='lat' dir='ltr'>cladium</span> <span class='ocrx_word' id='word_1_48' title='bbox 275 825 394 890; x_wconf 90' lang='lat' dir='ltr'>indicia</span> <span class='ocrx_word' id='word_1_49' title='bbox 408 846 466 909; x_wconf 86' lang='lat' dir='ltr'>per</span> <span class='ocrx_word' id='word_1_50' title='bbox 481 846 538 890; x_wconf 89' lang='lat' dir='ltr'>ora</span> <span class='ocrx_word' id='word_1_51' title='bbox 552 763 643 910; x_wconf 76' lang='lat' dir='ltr'>uulgi</span> <span class='ocrx_word' id='word_1_52' title='bbox 658 826 741 889; x_wconf 86' lang='lat' dir='ltr'>ferre</span> <span class='ocrx_word' id='word_1_53' title='bbox 756 845 823 889; x_wconf 90' lang='lat' dir='ltr'>non</span> <span class='ocrx_word' id='word_1_54' title='bbox 839 761 1086 890; x_wconf 68' lang='lat' dir='ltr'>exhorruerunt!</span> 
     </span>
     <span class='ocr_line' id='line_1_9' title="bbox 117 899 1089 995; baseline -0.001 -19"><span class='ocrx_word' id='word_1_55' title='bbox 117 910 205 995; x_wconf 93' lang='lat' dir='ltr'>quod</span> <span class='ocrx_word' id='word_1_56' title='bbox 232 911 453 995; x_wconf 83' lang='lat' dir='ltr'>spectaculum</span> <span class='ocrx_word' id='word_1_57' title='bbox 479 909 586 975; x_wconf 88' lang='lat' dir='ltr'>funeri</span> <span class='ocrx_word' id='word_1_58' title='bbox 611 910 749 994; x_wconf 87' lang='lat' dir='ltr'>speciem</span> <span class='ocrx_word' id='word_1_59' title='bbox 777 910 907 975; x_wconf 89' lang='lat' dir='ltr'>alterius</span> <span class='ocrx_word' id='word_1_60' title='bbox 932 899 1089 993; x_wconf 81' lang='lat' dir='ltr'>triumphi</span> 
     </span>
     <span class='ocr_line' id='line_1_10' title="bbox 120 993 1087 1080; baseline 0 -20"><span class='ocrx_word' id='word_1_61' title='bbox 120 995 256 1060; x_wconf 86' lang='lat' dir='ltr'>adiecit:</span> <span class='ocrx_word' id='word_1_62' title='bbox 280 995 329 1060; x_wconf 90' lang='lat' dir='ltr'>bis</span> <span class='ocrx_word' id='word_1_63' title='bbox 351 995 437 1059; x_wconf 93' lang='lat' dir='ltr'>enim</span> <span class='ocrx_word' id='word_1_64' title='bbox 458 998 501 1079; x_wconf 86' lang='lat' dir='ltr'>te,</span> <span class='ocrx_word' id='word_1_65' title='bbox 524 994 633 1080; x_wconf 89' lang='lat' dir='ltr'>Paule,</span> <span class='ocrx_word' id='word_1_66' title='bbox 656 993 845 1060; x_wconf 87' lang='lat' dir='ltr'>Macedonia</span> <span class='ocrx_word' id='word_1_67' title='bbox 866 994 938 1059; x_wconf 90' lang='lat' dir='ltr'>urbi</span> <span class='ocrx_word' id='word_1_68' title='bbox 960 999 1087 1060; x_wconf 88' lang='lat' dir='ltr'>nostrae</span> 
     </span>
     <span class='ocr_line' id='line_1_11' title="bbox 117 1079 1126 1163; baseline 0.001 -19"><span class='ocrx_word' id='word_1_69' title='bbox 117 1080 287 1144; x_wconf 86' lang='lat' dir='ltr'>inlustrem</span> <span class='ocrx_word' id='word_1_70' title='bbox 324 1079 478 1157; x_wconf 80' lang='lat' dir='ltr'>ostendit,</span> <span class='ocrx_word' id='word_1_71' title='bbox 521 1079 713 1144; x_wconf 89' lang='lat' dir='ltr'>incolumem</span> <span class='ocrx_word' id='word_1_72' title='bbox 750 1079 862 1163; x_wconf 91' lang='lat' dir='ltr'>spoliis</span> <span class='ocrx_word' id='word_1_73' title='bbox 898 1080 979 1158; x_wconf 89' lang='lat' dir='ltr'>suis,</span> <span class='ocrx_word' id='word_1_74' title='bbox 1019 1079 1087 1144; x_wconf 87' lang='lat' dir='ltr'>fato</span> <span class='ocrx_word' id='word_1_75' title='bbox 1101 1105 1126 1145; x_wconf 88' lang='lat' dir='ltr'>ro</span> 
     </span>
    </p>
   </div>
   <div class='ocr_carea' id='block_1_4' title="bbox 13 1164 420 1256">
    <p class='ocr_par' dir='ltr' id='par_1_4' title="bbox 13 1164 420 1256">
     <span class='ocr_line' id='line_1_12' title="bbox 13 1164 420 1256; baseline 0 -26"><span class='ocrx_word' id='word_1_76' title='bbox 13 1217 14 1256; x_wconf 50' lang='lat'><em>3</em></span> <span class='ocrx_word' id='word_1_77' title='bbox 118 1164 269 1230; x_wconf 85' lang='lat' dir='ltr'>functum</span> <span class='ocrx_word' id='word_1_78' title='bbox 292 1164 420 1230; x_wconf 89' lang='lat' dir='ltr'>umeris.</span> 
     </span>
    </p>
   </div>
   <div class='ocr_carea' id='block_1_5' title="bbox 13 1248 1127 2095">
    <p class='ocr_par' dir='ltr' id='par_1_5' title="bbox 118 1248 1127 1840">
     <span class='ocr_line' id='line_1_13' title="bbox 184 1248 1088 1333; baseline 0.002 -21"><span class='ocrx_word' id='word_1_79' title='bbox 184 1251 214 1314; x_wconf 90' lang='lat'>4.</span> <span class='ocrx_word' id='word_1_80' title='bbox 242 1249 294 1316; x_wconf 88' lang='lat' dir='ltr'>No</span> <span class='ocrx_word' id='word_1_81' title='bbox 315 1248 363 1313; x_wconf 86' lang='lat' dir='ltr'>iili</span> <span class='ocrx_word' id='word_1_82' title='bbox 385 1248 512 1333; x_wconf 87' lang='lat' dir='ltr'>quidem</span> <span class='ocrx_word' id='word_1_83' title='bbox 535 1249 583 1312; x_wconf 93' lang='lat' dir='ltr'>tui</span> <span class='ocrx_word' id='word_1_84' title='bbox 599 1248 758 1331; x_wconf 83' lang='lat' dir='ltr'>Scipionis</span> <span class='ocrx_word' id='word_1_85' title='bbox 781 1249 970 1327; x_wconf 85' lang='lat' dir='ltr'>Aemiliani,</span> <span class='ocrx_word' id='word_1_86' title='bbox 994 1270 1088 1333; x_wconf 90' lang='lat' dir='ltr'>quem</span> 
     </span>
     <span class='ocr_line' id='line_1_14' title="bbox 118 1331 1088 1418; baseline -0.002 -20"><span class='ocrx_word' id='word_1_87' title='bbox 118 1335 155 1398; x_wconf 89' lang='lat' dir='ltr'>in</span> <span class='ocrx_word' id='word_1_88' title='bbox 178 1334 383 1418; x_wconf 86' lang='lat' dir='ltr'>adoptionem</span> <span class='ocrx_word' id='word_1_89' title='bbox 406 1333 511 1398; x_wconf 90' lang='lat' dir='ltr'>dando</span> <span class='ocrx_word' id='word_1_90' title='bbox 539 1333 672 1396; x_wconf 88' lang='lat' dir='ltr'>duarum</span> <span class='ocrx_word' id='word_1_91' title='bbox 700 1331 895 1397; x_wconf 81' lang='lat' dir='ltr'>familiarum</span> <span class='ocrx_word' id='word_1_92' title='bbox 921 1354 1088 1398; x_wconf 88' lang='lat' dir='ltr'>ornamen-</span> 
     </span>
     <span class='ocr_line' id='line_1_15' title="bbox 118 1415 1088 1502; baseline -0.002 -19"><span class='ocrx_word' id='word_1_93' title='bbox 118 1423 189 1484; x_wconf 91' lang='lat' dir='ltr'>tum</span> <span class='ocrx_word' id='word_1_94' title='bbox 212 1439 281 1484; x_wconf 86' lang='lat' dir='ltr'>esse</span> <span class='ocrx_word' id='word_1_95' title='bbox 303 1418 450 1502; x_wconf 88' lang='lat' dir='ltr'>uoluisti,</span> <span class='ocrx_word' id='word_1_96' title='bbox 473 1418 633 1482; x_wconf 90' lang='lat' dir='ltr'>maiestati</span> <span class='ocrx_word' id='word_1_97' title='bbox 654 1439 767 1501; x_wconf 82' lang='lat' dir='ltr'>pamm</span> <span class='ocrx_word' id='word_1_98' title='bbox 783 1415 915 1482; x_wconf 89' lang='lat' dir='ltr'>honoris</span> <span class='ocrx_word' id='word_1_99' title='bbox 930 1417 1088 1483; x_wconf 88' lang='lat' dir='ltr'>tributum</span> 
     </span>
     <span class='ocr_line' id='line_1_16' title="bbox 118 1500 1127 1583; baseline -0.001 -15"><span class='ocrx_word' id='word_1_100' title='bbox 118 1508 180 1583; x_wconf 89' lang='lat' dir='ltr'>est,</span> <span class='ocrx_word' id='word_1_101' title='bbox 203 1524 275 1568; x_wconf 94' lang='lat' dir='ltr'>cum</span> <span class='ocrx_word' id='word_1_102' title='bbox 298 1525 371 1568; x_wconf 90' lang='lat' dir='ltr'>eum</span> <span class='ocrx_word' id='word_1_103' title='bbox 393 1502 628 1567; x_wconf 74' lang='lat' dir='ltr'>adulescentem</span> <span class='ocrx_word' id='word_1_104' title='bbox 644 1501 815 1566; x_wconf 87' lang='lat' dir='ltr'>admodum</span> <span class='ocrx_word' id='word_1_105' title='bbox 831 1523 850 1565; x_wconf 92' lang='lat' dir='ltr'>a</span> <span class='ocrx_word' id='word_1_106' title='bbox 865 1500 998 1566; x_wconf 87' lang='lat' dir='ltr'>Lucullo</span> <span class='ocrx_word' id='word_1_107' title='bbox 1014 1523 1088 1567; x_wconf 91' lang='lat' dir='ltr'>con·</span> <span class='ocrx_word' id='word_1_108' title='bbox 1103 1527 1127 1568; x_wconf 81' lang='lat' dir='ltr'>rs</span> 
     </span>
     <span class='ocr_line' id='line_1_17' title="bbox 118 1585 1088 1672; baseline -0.003 -20"><span class='ocrx_word' id='word_1_109' title='bbox 118 1587 188 1653; x_wconf 89' lang='lat' dir='ltr'>sule</span> <span class='ocrx_word' id='word_1_110' title='bbox 211 1587 343 1672; x_wconf 90' lang='lat' dir='ltr'>petendi</span> <span class='ocrx_word' id='word_1_111' title='bbox 371 1587 482 1652; x_wconf 86' lang='lat' dir='ltr'>auxilii</span> <span class='ocrx_word' id='word_1_112' title='bbox 504 1586 610 1671; x_wconf 82' lang='lat' dir='ltr'>gratia</span> <span class='ocrx_word' id='word_1_113' title='bbox 639 1609 677 1650; x_wconf 84' lang='lat' dir='ltr'>ex</span> <span class='ocrx_word' id='word_1_114' title='bbox 699 1585 859 1670; x_wconf 87' lang='lat' dir='ltr'>Hispania</span> <span class='ocrx_word' id='word_1_115' title='bbox 887 1587 921 1650; x_wconf 92' lang='lat' dir='ltr'>in</span> <span class='ocrx_word' id='word_1_116' title='bbox 943 1587 1088 1650; x_wconf 88' lang='lat' dir='ltr'>Africam</span> 
     </span>
     <span class='ocr_line' id='line_1_18' title="bbox 118 1670 1089 1756; baseline -0.002 -18"><span class='ocrx_word' id='word_1_117' title='bbox 118 1673 254 1738; x_wconf 89' lang='lat' dir='ltr'>missum</span> <span class='ocrx_word' id='word_1_118' title='bbox 280 1671 571 1756; x_wconf 80' lang='lat' dir='ltr'>Karthaginienses</span> <span class='ocrx_word' id='word_1_119' title='bbox 600 1675 633 1735; x_wconf 91' lang='lat' dir='ltr'>et</span> <span class='ocrx_word' id='word_1_120' title='bbox 660 1670 833 1736; x_wconf 86' lang='lat' dir='ltr'>Masinissa</span> <span class='ocrx_word' id='word_1_121' title='bbox 860 1692 916 1735; x_wconf 94' lang='lat' dir='ltr'>rex</span> <span class='ocrx_word' id='word_1_122' title='bbox 944 1670 983 1734; x_wconf 88' lang='lat' dir='ltr'>de</span> <span class='ocrx_word' id='word_1_123' title='bbox 1010 1691 1089 1753; x_wconf 89' lang='lat' dir='ltr'>pace</span> 
     </span>
     <span class='ocr_line' id='line_1_19' title="bbox 120 1755 1089 1840; baseline -0.001 -19"><span class='ocrx_word' id='word_1_124' title='bbox 120 1758 370 1840; x_wconf 86' lang='lat' dir='ltr'>disceptatorem</span> <span class='ocrx_word' id='word_1_125' title='bbox 392 1757 482 1822; x_wconf 91' lang='lat' dir='ltr'>uelut</span> <span class='ocrx_word' id='word_1_126' title='bbox 503 1758 668 1821; x_wconf 87' lang='lat' dir='ltr'>consulem</span> <span class='ocrx_word' id='word_1_127' title='bbox 684 1760 714 1820; x_wconf 87' lang='lat' dir='ltr'>et</span> <span class='ocrx_word' id='word_1_128' title='bbox 730 1755 957 1839; x_wconf 88' lang='lat' dir='ltr'>imperatorem</span> <span class='ocrx_word' id='word_1_129' title='bbox 972 1756 1089 1820; x_wconf 89' lang='lat' dir='ltr'>habue-</span> 
     </span>
    </p>

    <p class='ocr_par' dir='ltr' id='par_1_6' title="bbox 13 1839 1091 2095">
     <span class='ocr_line' id='line_1_20' title="bbox 13 1839 1087 1988; baseline -0.003 -80"><span class='ocrx_word' id='word_1_130' title='bbox 13 1847 14 1918; x_wconf 75' lang='grc' dir='ltr'>Ϊ</span> <span class='ocrx_word' id='word_1_131' title='bbox 120 1847 207 1908; x_wconf 87' lang='lat' dir='ltr'>runt.</span> <span class='ocrx_word' id='word_1_132' title='bbox 256 1843 370 1927; x_wconf 78' lang='lat' dir='ltr'>ignara</span> <span class='ocrx_word' id='word_1_133' title='bbox 402 1842 530 1925; x_wconf 89' lang='lat' dir='ltr'>quidem</span> <span class='ocrx_word' id='word_1_134' title='bbox 565 1842 707 1906; x_wconf 87' lang='lat' dir='ltr'>fatorum</span> <span class='ocrx_word' id='word_1_135' title='bbox 744 1862 871 1905; x_wconf 91' lang='lat' dir='ltr'>suorum</span> <span class='ocrx_word' id='word_1_136' title='bbox 904 1839 1087 1988; x_wconf 44' lang='lat' dir='ltr'>Karthago:</span> 
     </span>
     <span class='ocr_line' id='line_1_21' title="bbox 121 1925 1012 2008; baseline -0.002 -17"><span class='ocrx_word' id='word_1_137' title='bbox 121 1927 255 1992; x_wconf 84' lang='lat' dir='ltr'>orientis</span> <span class='ocrx_word' id='word_1_138' title='bbox 278 1931 364 1992; x_wconf 88' lang='lat' dir='ltr'>enim</span> <span class='ocrx_word' id='word_1_139' title='bbox 385 1926 465 1991; x_wconf 90' lang='lat' dir='ltr'>illud</span> <span class='ocrx_word' id='word_1_140' title='bbox 486 1927 635 1992; x_wconf 88' lang='lat' dir='ltr'>inuentae</span> <span class='ocrx_word' id='word_1_141' title='bbox 659 1929 754 1991; x_wconf 89' lang='lat' dir='ltr'>decus</span> <span class='ocrx_word' id='word_1_142' title='bbox 769 1925 900 1990; x_wconf 87' lang='lat' dir='ltr'>deorum</span> <span class='ocrx_word' id='word_1_143' title='bbox 916 1931 1012 2008; x_wconf 89' lang='lat' dir='ltr'>atque</span> 
     </span>
     <span class='ocr_line' id='line_1_22' title="bbox 119 2009 1091 2095; baseline -0.001 -19"><span class='ocrx_word' id='word_1_144' title='bbox 119 2013 243 2076; x_wconf 91' lang='lat' dir='ltr'>minum</span> <span class='ocrx_word' id='word_1_145' title='bbox 271 2012 475 2095; x_wconf 84' lang='lat' dir='ltr'>indulgentia</span> <span class='ocrx_word' id='word_1_146' title='bbox 509 2010 550 2074; x_wconf 89' lang='lat' dir='ltr'>ad</span> <span class='ocrx_word' id='word_1_147' title='bbox 577 2011 733 2076; x_wconf 87' lang='lat' dir='ltr'>excidium</span> <span class='ocrx_word' id='word_1_148' title='bbox 763 2010 830 2074; x_wconf 90' lang='lat' dir='ltr'>eius</span> <span class='ocrx_word' id='word_1_149' title='bbox 859 2009 1019 2089; x_wconf 90' lang='lat' dir='ltr'>alebatur,</span> <span class='ocrx_word' id='word_1_150' title='bbox 1055 2014 1091 2076; x_wconf 88' lang='lat' dir='ltr'>ut</span> 
     </span>
    </p>
   </div>
   <div class='ocr_carea' id='block_1_6' title="bbox 13 2089 1091 2280">
    <p class='ocr_par' dir='ltr' id='par_1_7' title="bbox 13 2089 1091 2280">
     <span class='ocr_line' id='line_1_23' title="bbox 13 2089 1091 2181; baseline -0.002 -19"><span class='ocrx_word' id='word_1_151' title='bbox 13 2099 14 2108; x_wconf 76' lang='grc'>’</span> <span class='ocrx_word' id='word_1_152' title='bbox 120 2097 267 2180; x_wconf 90' lang='lat' dir='ltr'>superius</span> <span class='ocrx_word' id='word_1_153' title='bbox 282 2115 462 2181; x_wconf 82' lang='lat' dir='ltr'>cognomen</span> <span class='ocrx_word' id='word_1_154' title='bbox 477 2095 668 2160; x_wconf 87' lang='lat' dir='ltr'>Africanum</span> <span class='ocrx_word' id='word_1_155' title='bbox 685 2099 789 2178; x_wconf 88' lang='lat' dir='ltr'>capta,</span> <span class='ocrx_word' id='word_1_156' title='bbox 805 2094 964 2179; x_wconf 84' lang='lat' dir='ltr'>posterius</span> <span class='ocrx_word' id='word_1_157' title='bbox 981 2089 1091 2160; x_wconf 88' lang='lat' dir='ltr'>euersa</span> 
     </span>
     <span class='ocr_line' id='line_1_24' title="bbox 13 2181 525 2280; baseline -0.004 -33"><span class='ocrx_word' id='word_1_158' title='bbox 13 2267 14 2280; x_wconf 10' lang='grc' dir='ltr'>χ</span> <span class='ocrx_word' id='word_1_159' title='bbox 122 2181 292 2247; x_wconf 80' lang='lat' dir='ltr'>Corneliae</span> <span class='ocrx_word' id='word_1_160' title='bbox 313 2182 404 2266; x_wconf 83' lang='lat' dir='ltr'>genti</span> <span class='ocrx_word' id='word_1_161' title='bbox 427 2181 525 2245; x_wconf 89' lang='lat' dir='ltr'>daret.</span> 
     </span>
    </p>
   </div>
   <div class='ocr_carea' id='block_1_7' title="bbox 185 2263 1089 2348">
    <p class='ocr_par' dir='ltr' id='par_1_8' title="bbox 185 2263 1089 2348">
     <span class='ocr_line' id='line_1_25' title="bbox 185 2263 1089 2348; baseline -0.002 -18"><span class='ocrx_word' id='word_1_162' title='bbox 185 2267 215 2330; x_wconf 81' lang='lat'>5.</span> <span class='ocrx_word' id='word_1_163' title='bbox 245 2265 327 2339; x_wconf 83' lang='lat' dir='ltr'>Quid</span> <span class='ocrx_word' id='word_1_164' title='bbox 350 2266 566 2347; x_wconf 88' lang='lat' dir='ltr'>damnatione,</span> <span class='ocrx_word' id='word_1_165' title='bbox 589 2264 667 2348; x_wconf 90' lang='lat' dir='ltr'>quid</span> <span class='ocrx_word' id='word_1_166' title='bbox 689 2264 785 2329; x_wconf 90' lang='lat' dir='ltr'>exilio</span> <span class='ocrx_word' id='word_1_167' title='bbox 808 2263 978 2328; x_wconf 80' lang='lat' dir='ltr'>miserius?</span> <span class='ocrx_word' id='word_1_168' title='bbox 1000 2267 1089 2348; x_wconf 84' lang='lat' dir='ltr'>atqui</span> 
     </span>
    </p>
   </div>
   <div class='ocr_carea' id='block_1_8' title="bbox 13 2349 1129 2433">
    <p class='ocr_par' dir='ltr' id='par_1_9' title="bbox 13 2349 1129 2433">
     <span class='ocr_line' id='line_1_26' title="bbox 13 2349 1129 2433; baseline -0.004 -18"><span class='ocrx_word' id='word_1_169' title='bbox 13 2373 14 2376; x_wconf 45' lang='lat'>¹</span> <span class='ocrx_word' id='word_1_170' title='bbox 121 2350 158 2419; x_wconf 91' lang='lat' dir='ltr'>P.</span> <span class='ocrx_word' id='word_1_171' title='bbox 182 2350 304 2414; x_wconf 85' lang='lat' dir='ltr'>Rutilio</span> <span class='ocrx_word' id='word_1_172' title='bbox 329 2350 569 2433; x_wconf 86' lang='lat' dir='ltr'>conspiratione</span> <span class='ocrx_word' id='word_1_173' title='bbox 591 2349 838 2432; x_wconf 89' lang='lat' dir='ltr'>publicanorum</span> <span class='ocrx_word' id='word_1_174' title='bbox 865 2349 1012 2432; x_wconf 89' lang='lat' dir='ltr'>perculso</span> <span class='ocrx_word' id='word_1_175' title='bbox 1035 2371 1090 2413; x_wconf 90' lang='lat' dir='ltr'>au·</span> <span class='ocrx_word' id='word_1_176' title='bbox 1104 2371 1129 2412; x_wconf 76' lang='lat' dir='ltr'>ss</span> 
     </span>
    </p>
   </div>
   <div class='ocr_carea' id='block_1_9' title="bbox 124 2433 1091 2603">
    <p class='ocr_par' dir='ltr' id='par_1_10' title="bbox 124 2433 1091 2603">
     <span class='ocr_line' id='line_1_27' title="bbox 124 2433 1091 2516; baseline -0.003 -16"><span class='ocrx_word' id='word_1_177' title='bbox 124 2436 308 2500; x_wconf 88' lang='lat' dir='ltr'>ctoritatem</span> <span class='ocrx_word' id='word_1_178' title='bbox 330 2435 470 2499; x_wconf 88' lang='lat' dir='ltr'>adimere</span> <span class='ocrx_word' id='word_1_179' title='bbox 485 2455 551 2498; x_wconf 91' lang='lat' dir='ltr'>non</span> <span class='ocrx_word' id='word_1_180' title='bbox 566 2434 747 2498; x_wconf 89' lang='lat' dir='ltr'>ualuerunt.</span> <span class='ocrx_word' id='word_1_181' title='bbox 773 2433 824 2498; x_wconf 92' lang='lat' dir='ltr'>oui</span> <span class='ocrx_word' id='word_1_182' title='bbox 840 2433 951 2497; x_wconf 87' lang='lat' dir='ltr'>Asiam</span> <span class='ocrx_word' id='word_1_183' title='bbox 966 2435 1091 2516; x_wconf 89' lang='lat' dir='ltr'>petenti</span> 
     </span>
     <span class='ocr_line' id='line_1_28' title="bbox 124 2518 1091 2603; baseline -0.002 -19"><span class='ocrx_word' id='word_1_184' title='bbox 124 2541 235 2584; x_wconf 90' lang='lat' dir='ltr'>omnes</span> <span class='ocrx_word' id='word_1_185' title='bbox 253 2520 439 2603; x_wconf 89' lang='lat' dir='ltr'>prouinciae</span> <span class='ocrx_word' id='word_1_186' title='bbox 455 2519 542 2583; x_wconf 86' lang='lat' dir='ltr'>illius</span> <span class='ocrx_word' id='word_1_187' title='bbox 554 2518 701 2584; x_wconf 90' lang='lat' dir='ltr'>ciuitates</span> <span class='ocrx_word' id='word_1_188' title='bbox 713 2518 838 2603; x_wconf 81' lang='lat' dir='ltr'>legatos</span> <span class='ocrx_word' id='word_1_189' title='bbox 850 2539 1008 2582; x_wconf 90' lang='lat' dir='ltr'>secessum</span> <span class='ocrx_word' id='word_1_190' title='bbox 1024 2519 1091 2583; x_wconf 92' lang='lat' dir='ltr'>eius</span> 
     </span>
    </p>
   </div>
   <div class='ocr_carea' id='block_1_10' title="bbox 13 2602 1091 2689">
    <p class='ocr_par' dir='ltr' id='par_1_11' title="bbox 13 2602 1091 2689">
     <span class='ocr_line' id='line_1_29' title="bbox 13 2602 1091 2689; baseline -0.002 -19"><span class='ocrx_word' id='word_1_191' title='bbox 13 2663 14 2680; x_wconf 66' lang='lat'><strong><em>,</em></strong></span> <span class='ocrx_word' id='word_1_192' title='bbox 124 2604 327 2689; x_wconf 84' lang='lat' dir='ltr'>opperientes</span> <span class='ocrx_word' id='word_1_193' title='bbox 349 2604 477 2668; x_wconf 87' lang='lat' dir='ltr'>obuiam</span> <span class='ocrx_word' id='word_1_194' title='bbox 499 2604 665 2668; x_wconf 90' lang='lat' dir='ltr'>miserunt.</span> <span class='ocrx_word' id='word_1_195' title='bbox 704 2603 832 2668; x_wconf 88' lang='lat' dir='ltr'>exulare</span> <span class='ocrx_word' id='word_1_196' title='bbox 854 2602 969 2686; x_wconf 90' lang='lat' dir='ltr'>aliquis</span> <span class='ocrx_word' id='word_1_197' title='bbox 990 2603 1091 2683; x_wconf 91' lang='lat' dir='ltr'>†looo</span> 
     </span>
    </p>
   </div>
   <div class='ocr_carea' id='block_1_11' title="bbox 123 2688 770 2772">
    <p class='ocr_par' dir='ltr' id='par_1_12' title="bbox 123 2688 770 2772">
     <span class='ocr_line' id='line_1_30' title="bbox 123 2688 770 2772; baseline -0.005 -18"><span class='ocrx_word' id='word_1_198' title='bbox 123 2689 186 2755; x_wconf 92' lang='lat' dir='ltr'>hoc</span> <span class='ocrx_word' id='word_1_199' title='bbox 209 2693 265 2754; x_wconf 88' lang='lat' dir='ltr'>aut</span> <span class='ocrx_word' id='word_1_200' title='bbox 285 2689 482 2772; x_wconf 87' lang='lat' dir='ltr'>triumphare</span> <span class='ocrx_word' id='word_1_201' title='bbox 505 2689 619 2753; x_wconf 89' lang='lat' dir='ltr'>iustius</span> <span class='ocrx_word' id='word_1_202' title='bbox 643 2688 770 2752; x_wconf 87' lang='lat' dir='ltr'>dixerit.</span> 
     </span>
    </p>
   </div>
   <div class='ocr_carea' id='block_1_12' title="bbox 124 2820 1093 3638">
    <p class='ocr_par' dir='ltr' id='par_1_13' title="bbox 124 2820 1093 3638">
     <span class='ocr_line' id='line_1_31' title="bbox 192 2820 1091 2940; baseline -0.002 -62"><span class='ocrx_word' id='word_1_203' title='bbox 192 2830 208 2878; x_wconf 83' lang='lat'><strong>3</strong></span> <span class='ocrx_word' id='word_1_204' title='bbox 226 2822 389 2878; x_wconf 85' lang='lat' dir='ltr'>subicerunt</span> <span class='ocrx_word' id='word_1_205' title='bbox 401 2823 428 2876; x_wconf 96' lang='lat' dir='ltr'><strong><em>A</em></strong></span> <span class='ocrx_word' id='word_1_206' title='bbox 440 2824 480 2891; x_wconf 79' lang='grc'>114</span> <span class='ocrx_word' id='word_1_207' title='bbox 497 2823 590 2877; x_wconf 85' lang='lat' dir='ltr'>fronte</span> <span class='ocrx_word' id='word_1_208' title='bbox 609 2823 664 2891; x_wconf 78' lang='lat' dir='ltr'>L¹l</span> <span class='ocrx_word' id='word_1_209' title='bbox 682 2829 698 2877; x_wconf 80' lang='grc' dir='ltr'>ὅ</span> <span class='ocrx_word' id='word_1_210' title='bbox 716 2822 886 2900; x_wconf 77' lang='lat' dir='ltr'>edomatum</span> <span class='ocrx_word' id='word_1_211' title='bbox 898 2820 968 2898; x_wconf 87' lang='lat' dir='ltr'>LA¹</span> <span class='ocrx_word' id='word_1_212' title='bbox 982 2822 1019 2940; x_wconf 55' lang='lat' dir='ltr'>ql</span> <span class='ocrx_word' id='word_1_213' title='bbox 1033 2823 1091 2890; x_wconf 82' lang='lat' dir='ltr'>gla-</span> 
     </span>
     <span class='ocr_line' id='line_1_32' title="bbox 124 2889 1090 2959; baseline 0 -15"><span class='ocrx_word' id='word_1_214' title='bbox 124 2891 201 2944; x_wconf 88' lang='lat' dir='ltr'>dium</span> <span class='ocrx_word' id='word_1_215' title='bbox 220 2889 289 2944; x_wconf 90' lang='lat' dir='ltr'>LA¹</span> <span class='ocrx_word' id='word_1_216' title='bbox 312 2892 321 2959; x_wconf 86' lang='grc' dir='ltr'>ΙΙ</span> <span class='ocrx_word' id='word_1_217' title='bbox 343 2892 528 2945; x_wconf 87' lang='lat' dir='ltr'>exorruerunt</span> <span class='ocrx_word' id='word_1_218' title='bbox 544 2891 573 2944; x_wconf 91' lang='lat' dir='ltr'><strong><em>A</em></strong></span> <span class='ocrx_word' id='word_1_219' title='bbox 592 2891 603 2959; x_wconf 87' lang='grc' dir='ltr'>ΙΙ</span> <span class='ocrx_word' id='word_1_220' title='bbox 624 2896 640 2945; x_wconf 86' lang='lat'>8</span> <span class='ocrx_word' id='word_1_221' title='bbox 688 2906 763 2945; x_wconf 86' lang='lat' dir='ltr'>nens</span> <span class='ocrx_word' id='word_1_222' title='bbox 781 2889 818 2942; x_wconf 77' lang='lat' dir='ltr'>L²</span> <span class='ocrx_word' id='word_1_223' title='bbox 839 2890 849 2957; x_wconf 84' lang='grc' dir='ltr'>ΙΙ</span> <span class='ocrx_word' id='word_1_224' title='bbox 872 2894 904 2942; x_wconf 85' lang='grc'>10</span> <span class='ocrx_word' id='word_1_225' title='bbox 920 2904 983 2942; x_wconf 92' lang='lat' dir='ltr'>mco</span> <span class='ocrx_word' id='word_1_226' title='bbox 996 2906 1090 2944; x_wconf 86' lang='lat' dir='ltr'>umam</span> 
     </span>
     <span class='ocr_line' id='line_1_33' title="bbox 124 2956 1093 3028; baseline -0.003 -14"><span class='ocrx_word' id='word_1_227' title='bbox 124 2959 173 3026; x_wconf 81' lang='lat' dir='ltr'>(sic</span> <span class='ocrx_word' id='word_1_228' title='bbox 190 2959 215 3017; x_wconf 84' lang='lat' dir='ltr'>h.</span> <span class='ocrx_word' id='word_1_229' title='bbox 234 2959 263 3026; x_wconf 88' lang='lat' dir='ltr'>l.)</span> <span class='ocrx_word' id='word_1_230' title='bbox 281 2959 322 3024; x_wconf 89' lang='lat' dir='ltr'>A,</span> <span class='ocrx_word' id='word_1_231' title='bbox 344 2959 374 3012; x_wconf 89' lang='lat' dir='ltr'>in</span> <span class='ocrx_word' id='word_1_232' title='bbox 392 2958 519 3012; x_wconf 82' lang='lat' dir='ltr'>colonam</span> <span class='ocrx_word' id='word_1_233' title='bbox 534 2957 570 3012; x_wconf 90' lang='lat' dir='ltr'>L¹</span> <span class='ocrx_word' id='word_1_234' title='bbox 585 2960 594 3028; x_wconf 85' lang='grc' dir='ltr'>ΙΙ</span> <span class='ocrx_word' id='word_1_235' title='bbox 609 2964 638 3011; x_wconf 94' lang='grc'>11</span> <span class='ocrx_word' id='word_1_236' title='bbox 658 2959 755 3011; x_wconf 81' lang='lat' dir='ltr'>functri</span> <span class='ocrx_word' id='word_1_237' title='bbox 772 2959 811 3010; x_wconf 81' lang='lat' dir='ltr'>A²</span> <span class='ocrx_word' id='word_1_238' title='bbox 829 2961 854 3011; x_wconf 82' lang='lat' dir='ltr'>ct</span> <span class='ocrx_word' id='word_1_239' title='bbox 871 2971 966 3026; x_wconf 67' lang='lat' dir='ltr'>marco</span> <span class='ocrx_word' id='word_1_240' title='bbox 979 2956 1014 3022; x_wconf 89' lang='lat' dir='ltr'>L,</span> <span class='ocrx_word' id='word_1_241' title='bbox 1031 2957 1093 3011; x_wconf 71' lang='lat' dir='ltr'>fulsi</span> 
     </span>
     <span class='ocr_line' id='line_1_34' title="bbox 124 3025 1092 3095; baseline -0.004 -13"><span class='ocrx_word' id='word_1_242' title='bbox 124 3027 158 3094; x_wconf 89' lang='lat' dir='ltr'>L,</span> <span class='ocrx_word' id='word_1_243' title='bbox 177 3026 249 3080; x_wconf 78' lang='lat' dir='ltr'>fulta</span> <span class='ocrx_word' id='word_1_244' title='bbox 259 3027 297 3080; x_wconf 82' lang='grc' dir='ltr'>Αι</span> <span class='ocrx_word' id='word_1_245' title='bbox 311 3029 321 3095; x_wconf 83' lang='grc' dir='ltr'>ΙΙ</span> <span class='ocrx_word' id='word_1_246' title='bbox 335 3032 366 3079; x_wconf 75' lang='grc'>11</span> <span class='ocrx_word' id='word_1_247' title='bbox 384 3025 435 3079; x_wconf 88' lang='lat' dir='ltr'>filii</span> <span class='ocrx_word' id='word_1_248' title='bbox 447 3026 518 3080; x_wconf 83' lang='lat' dir='ltr'>L²A</span> <span class='ocrx_word' id='word_1_249' title='bbox 529 3026 618 3080; x_wconf 83' lang='lat' dir='ltr'>Halm</span> <span class='ocrx_word' id='word_1_250' title='bbox 629 3027 639 3095; x_wconf 80' lang='grc'>11</span> <span class='ocrx_word' id='word_1_251' title='bbox 654 3033 685 3081; x_wconf 79' lang='grc'>13</span> <span class='ocrx_word' id='word_1_252' title='bbox 703 3025 895 3080; x_wconf 87' lang='lat' dir='ltr'>inaobtionem</span> <span class='ocrx_word' id='word_1_253' title='bbox 912 3026 951 3077; x_wconf 88' lang='lat' dir='ltr'>A¹</span> <span class='ocrx_word' id='word_1_254' title='bbox 964 3025 974 3093; x_wconf 85' lang='grc' dir='ltr'>ΙΙ</span> <span class='ocrx_word' id='word_1_255' title='bbox 987 3030 1019 3078; x_wconf 76' lang='grc'>15</span> <span class='ocrx_word' id='word_1_256' title='bbox 1038 3039 1092 3078; x_wconf 71' lang='lat' dir='ltr'>aas</span> 
     </span>
     <span class='ocr_line' id='line_1_35' title="bbox 124 3092 1093 3162; baseline -0.002 -14"><span class='ocrx_word' id='word_1_257' title='bbox 124 3095 227 3148; x_wconf 91' lang='lat' dir='ltr'>lucullo</span> <span class='ocrx_word' id='word_1_258' title='bbox 247 3094 284 3162; x_wconf 89' lang='lat' dir='ltr'>(cl</span> <span class='ocrx_word' id='word_1_259' title='bbox 301 3100 351 3149; x_wconf 86' lang='lat' dir='ltr'>aut</span> <span class='ocrx_word' id='word_1_260' title='bbox 369 3094 387 3147; x_wconf 93' lang='lat' dir='ltr'>d</span> <span class='ocrx_word' id='word_1_261' title='bbox 406 3097 488 3161; x_wconf 82' lang='lat' dir='ltr'>cras.)</span> <span class='ocrx_word' id='word_1_262' title='bbox 507 3095 534 3148; x_wconf 88' lang='lat' dir='ltr'><strong><em>L</em></strong></span> <span class='ocrx_word' id='word_1_263' title='bbox 554 3095 564 3162; x_wconf 78' lang='grc' dir='ltr'>ΙΙ</span> <span class='ocrx_word' id='word_1_264' title='bbox 587 3101 617 3148; x_wconf 78' lang='grc'>17</span> <span class='ocrx_word' id='word_1_265' title='bbox 636 3095 737 3149; x_wconf 87' lang='lat' dir='ltr'>missus</span> <span class='ocrx_word' id='word_1_266' title='bbox 755 3093 836 3146; x_wconf 86' lang='lat' dir='ltr'>L¹A¹</span> <span class='ocrx_word' id='word_1_267' title='bbox 858 3092 868 3160; x_wconf 79' lang='grc' dir='ltr'>ΙΙ</span> <span class='ocrx_word' id='word_1_268' title='bbox 891 3097 922 3145; x_wconf 85' lang='grc'>18</span> <span class='ocrx_word' id='word_1_269' title='bbox 940 3092 1093 3146; x_wconf 87' lang='lat' dir='ltr'>habuerint</span> 
     </span>
     <span class='ocr_line' id='line_1_36' title="bbox 124 3159 1090 3230; baseline -0.002 -14"><span class='ocrx_word' id='word_1_270' title='bbox 124 3162 160 3216; x_wconf 89' lang='lat' dir='ltr'>L¹</span> <span class='ocrx_word' id='word_1_271' title='bbox 185 3163 194 3230; x_wconf 81' lang='grc' dir='ltr'>ΙΙ</span> <span class='ocrx_word' id='word_1_272' title='bbox 218 3168 251 3216; x_wconf 82' lang='lat'>23</span> <span class='ocrx_word' id='word_1_273' title='bbox 274 3162 416 3217; x_wconf 89' lang='lat' dir='ltr'>cornaelio</span> <span class='ocrx_word' id='word_1_274' title='bbox 438 3162 476 3214; x_wconf 83' lang='lat' dir='ltr'>L¹</span> <span class='ocrx_word' id='word_1_275' title='bbox 501 3163 510 3230; x_wconf 81' lang='grc' dir='ltr'>ΙΙ</span> <span class='ocrx_word' id='word_1_276' title='bbox 535 3167 568 3216; x_wconf 76' lang='lat'>24</span> <span class='ocrx_word' id='word_1_277' title='bbox 590 3163 671 3228; x_wconf 81' lang='lat' dir='ltr'>atqui</span> <span class='ocrx_word' id='word_1_278' title='bbox 694 3160 732 3228; x_wconf 89' lang='lat' dir='ltr'>L,</span> <span class='ocrx_word' id='word_1_279' title='bbox 756 3164 824 3227; x_wconf 81' lang='lat' dir='ltr'>atq.</span> <span class='ocrx_word' id='word_1_280' title='bbox 844 3166 873 3226; x_wconf 89' lang='lat' dir='ltr'>(q</span> <span class='ocrx_word' id='word_1_281' title='bbox 896 3159 928 3212; x_wconf 81' lang='lat' dir='ltr'>ia</span> <span class='ocrx_word' id='word_1_282' title='bbox 945 3161 1011 3226; x_wconf 82' lang='lat' dir='ltr'>rae.)</span> <span class='ocrx_word' id='word_1_283' title='bbox 1029 3162 1057 3214; x_wconf 88' lang='lat' dir='ltr'><strong><em>A</em></strong></span> <span class='ocrx_word' id='word_1_284' title='bbox 1077 3162 1090 3228; x_wconf 75' lang='grc' dir='ltr'>[Ι</span> 
     </span>
     <span class='ocr_line' id='line_1_37' title="bbox 125 3227 1091 3295; baseline -0.002 -11"><span class='ocrx_word' id='word_1_285' title='bbox 125 3235 155 3284; x_wconf 77' lang='grc'>21</span> <span class='ocrx_word' id='word_1_286' title='bbox 178 3243 377 3284; x_wconf 67' lang='lat' dir='ltr'>*essecessum</span> <span class='ocrx_word' id='word_1_287' title='bbox 400 3229 459 3284; x_wconf 89' lang='lat' dir='ltr'>eius</span> <span class='ocrx_word' id='word_1_288' title='bbox 482 3231 523 3295; x_wconf 91' lang='lat' dir='ltr'>A,</span> <span class='ocrx_word' id='word_1_289' title='bbox 550 3229 609 3284; x_wconf 88' lang='lat' dir='ltr'>eius</span> <span class='ocrx_word' id='word_1_290' title='bbox 632 3245 771 3284; x_wconf 88' lang='lat' dir='ltr'>secessum</span> <span class='ocrx_word' id='word_1_291' title='bbox 795 3227 854 3281; x_wconf 90' lang='lat' dir='ltr'>eius</span> <span class='ocrx_word' id='word_1_292' title='bbox 873 3227 913 3290; x_wconf 92' lang='lat' dir='ltr'>L,</span> <span class='ocrx_word' id='word_1_293' title='bbox 942 3228 1091 3282; x_wconf 88' lang='lat' dir='ltr'>discessum</span> 
     </span>
     <span class='ocr_line' id='line_1_38' title="bbox 124 3295 1092 3374; baseline -0.002 -22"><span class='ocrx_word' id='word_1_294' title='bbox 124 3299 192 3352; x_wconf 83' lang='lat' dir='ltr'>Por.</span> <span class='ocrx_word' id='word_1_295' title='bbox 207 3299 263 3366; x_wconf 79' lang='grc'>1128</span> <span class='ocrx_word' id='word_1_296' title='bbox 281 3299 309 3352; x_wconf 89' lang='lat' dir='ltr'>ei</span> <span class='ocrx_word' id='word_1_297' title='bbox 326 3299 485 3366; x_wconf 86' lang='lat' dir='ltr'>aperientes</span> <span class='ocrx_word' id='word_1_298' title='bbox 502 3297 548 3352; x_wconf 83' lang='lat' dir='ltr'>uel</span> <span class='ocrx_word' id='word_1_299' title='bbox 566 3296 715 3352; x_wconf 85' lang='lat' dir='ltr'>offerentes</span> <span class='ocrx_word' id='word_1_300' title='bbox 734 3295 817 3350; x_wconf 74' lang='lat' dir='ltr'>Gertz</span> <span class='ocrx_word' id='word_1_301' title='bbox 830 3309 861 3361; x_wconf 78' lang='lat' dir='ltr'>p.</span> <span class='ocrx_word' id='word_1_302' title='bbox 874 3297 951 3374; x_wconf 68' lang='lat'>2701!</span> <span class='ocrx_word' id='word_1_303' title='bbox 964 3297 1092 3362; x_wconf 86' lang='lat' dir='ltr'>operien-</span> 
     </span>
     <span class='ocr_line' id='line_1_39' title="bbox 125 3363 1093 3435; baseline 0 -15"><span class='ocrx_word' id='word_1_304' title='bbox 125 3367 166 3420; x_wconf 90' lang='lat' dir='ltr'>tes</span> <span class='ocrx_word' id='word_1_305' title='bbox 184 3366 275 3426; x_wconf 88' lang='lat' dir='ltr'>L¹A¹.</span> <span class='ocrx_word' id='word_1_306' title='bbox 294 3367 314 3422; x_wconf 92' lang='lat' dir='ltr'>l.</span> <span class='ocrx_word' id='word_1_307' title='bbox 328 3366 358 3420; x_wconf 94' lang='lat' dir='ltr'>P.</span> <span class='ocrx_word' id='word_1_308' title='bbox 376 3365 583 3435; x_wconf 84' lang='lat' dir='ltr'>praeripientes</span> <span class='ocrx_word' id='word_1_309' title='bbox 600 3380 695 3435; x_wconf 75' lang='lat' dir='ltr'>maryo</span> <span class='ocrx_word' id='word_1_310' title='bbox 712 3364 740 3416; x_wconf 89' lang='lat' dir='ltr'><strong><em>A</em></strong></span> <span class='ocrx_word' id='word_1_311' title='bbox 758 3379 772 3416; x_wconf 86' lang='lat' dir='ltr'>c</span> <span class='ocrx_word' id='word_1_312' title='bbox 788 3363 859 3417; x_wconf 84' lang='lat' dir='ltr'>Par.</span> <span class='ocrx_word' id='word_1_313' title='bbox 880 3363 890 3430; x_wconf 84' lang='grc' dir='ltr'>ΙΙ</span> <span class='ocrx_word' id='word_1_314' title='bbox 911 3363 1013 3432; x_wconf 86' lang='lat' dir='ltr'>ahquis</span> <span class='ocrx_word' id='word_1_315' title='bbox 1031 3366 1093 3434; x_wconf 79' lang='lat' dir='ltr'>(sic)</span> 
     </span>
     <span class='ocr_line' id='line_1_40' title="bbox 126 3431 1092 3554; baseline 0 -67"><span class='ocrx_word' id='word_1_316' title='bbox 126 3434 195 3495; x_wconf 83' lang='lat' dir='ltr'>LA.</span> <span class='ocrx_word' id='word_1_317' title='bbox 219 3435 281 3503; x_wconf 88' lang='lat' dir='ltr'>quis</span> <span class='ocrx_word' id='word_1_318' title='bbox 299 3433 418 3554; x_wconf 47' lang='lat' dir='ltr'>Halmii</span> <span class='ocrx_word' id='word_1_319' title='bbox 439 3433 500 3487; x_wconf 90' lang='lat' dir='ltr'>loco</span> <span class='ocrx_word' id='word_1_320' title='bbox 517 3438 672 3502; x_wconf 66' lang='lat' dir='ltr'>sospem</span> <span class='ocrx_word' id='word_1_321' title='bbox 688 3431 837 3486; x_wconf 79' lang='lat' dir='ltr'>Periacaio</span> <span class='ocrx_word' id='word_1_322' title='bbox 855 3445 907 3484; x_wconf 83' lang='lat' dir='ltr'>om.</span> <span class='ocrx_word' id='word_1_323' title='bbox 926 3431 1027 3496; x_wconf 87' lang='lat' dir='ltr'>Halm,</span> <span class='ocrx_word' id='word_1_324' title='bbox 1045 3434 1092 3487; x_wconf 84' lang='lat' dir='ltr'>dc-</span> 
     </span>
     <span class='ocr_line' id='line_1_41' title="bbox 126 3499 1092 3569; baseline -0.002 -13"><span class='ocrx_word' id='word_1_325' title='bbox 126 3502 275 3568; x_wconf 81' lang='lat' dir='ltr'>feuderunt</span> <span class='ocrx_word' id='word_1_326' title='bbox 285 3501 398 3556; x_wconf 80' lang='lat' dir='ltr'>Foertsc</span> <span class='ocrx_word' id='word_1_327' title='bbox 421 3501 512 3567; x_wconf 79' lang='lat'><strong><em>1112,</em></strong></span> <span class='ocrx_word' id='word_1_328' title='bbox 524 3499 913 3567; x_wconf 79' lang='lat' dir='ltr'>aliterWoosty1883p.638,</span> <span class='ocrx_word' id='word_1_329' title='bbox 923 3499 1018 3555; x_wconf 76' lang='lat' dir='ltr'>malim</span> <span class='ocrx_word' id='word_1_330' title='bbox 1028 3501 1092 3569; x_wconf 89' lang='lat' dir='ltr'>aliq.</span> 
     </span>
     <span class='ocr_line' id='line_1_42' title="bbox 128 3565 1059 3638; baseline 0 -14"><span class='ocrx_word' id='word_1_331' title='bbox 128 3569 226 3624; x_wconf 89' lang='lat' dir='ltr'>dubito</span> <span class='ocrx_word' id='word_1_332' title='bbox 239 3571 293 3623; x_wconf 92' lang='lat' dir='ltr'>hoc</span> <span class='ocrx_word' id='word_1_333' title='bbox 305 3586 341 3623; x_wconf 92' lang='lat' dir='ltr'>an</span> <span class='ocrx_word' id='word_1_334' title='bbox 353 3571 387 3624; x_wconf 85' lang='lat' dir='ltr'>tr.</span> <span class='ocrx_word' id='word_1_335' title='bbox 402 3571 412 3638; x_wconf 83' lang='grc' dir='ltr'>ΙΙ</span> <span class='ocrx_word' id='word_1_336' title='bbox 425 3575 458 3623; x_wconf 79' lang='grc'>29</span> <span class='ocrx_word' id='word_1_337' title='bbox 471 3570 520 3623; x_wconf 92' lang='lat' dir='ltr'>aut</span> <span class='ocrx_word' id='word_1_338' title='bbox 532 3569 601 3632; x_wconf 87' lang='lat' dir='ltr'>LA,</span> <span class='ocrx_word' id='word_1_339' title='bbox 616 3583 652 3621; x_wconf 91' lang='lat' dir='ltr'>an</span> <span class='ocrx_word' id='word_1_340' title='bbox 665 3568 726 3624; x_wconf 85' lang='lat' dir='ltr'>edd.</span> <span class='ocrx_word' id='word_1_341' title='bbox 739 3571 815 3634; x_wconf 79' lang='lat' dir='ltr'>cett,</span> <span class='ocrx_word' id='word_1_342' title='bbox 830 3583 860 3621; x_wconf 88' lang='lat' dir='ltr'>re</span> <span class='ocrx_word' id='word_1_343' title='bbox 878 3565 997 3638; x_wconf 79' lang='lat' dir='ltr'>chsty</span> <span class='ocrx_word' id='word_1_344' title='bbox 1008 3568 1026 3626; x_wconf 81' lang='lat'>1.</span> <span class='ocrx_word' id='word_1_345' title='bbox 1036 3584 1059 3624; x_wconf 88' lang='lat' dir='ltr'>c.</span> 
     </span>
    </p>
   </div>
   <div class='ocr_carea' id='block_1_13' title="bbox 0 0 1318 3952">
    <p class='ocr_par' dir='ltr' id='par_1_14' title="bbox 0 0 1318 3952">
     <span class='ocr_line' id='line_1_43' title="bbox 0 0 1318 3952; baseline 0 0"><span class='ocrx_word' id='word_1_346' title='bbox 0 0 1318 3952; x_wconf 95' lang='lat' dir='ltr'> </span> 
     </span>
    </p>
   </div>
   <div class='ocr_carea' id='block_1_14' title="bbox 1057 1942 1197 1989">
    <p class='ocr_par' dir='ltr' id='par_1_15' title="bbox 1057 1942 1197 1989">
     <span class='ocr_line' id='line_1_44' title="bbox 1057 1942 1197 1989; baseline 0 0"><span class='ocrx_word' id='word_1_347' title='bbox 1057 1946 1129 1989; x_wconf 84' lang='lat' dir='ltr'>0·au</span> <span class='ocrx_word' id='word_1_348' title='bbox 1195 1942 1197 1944; x_wconf 60' lang='grc'><strong>’</strong></span> 
     </span>
    </p>
   </div>
  </div>
 </body>
</html>
