2604 3960
448 149 525 203 cnr.
543 149 569 215 1,
588 149 650 202 uxr.
668 154 772 214 §2-5.
1029 153 1092 218 225

122 303 157 366 in
186 301 227 366 iis
255 304 444 385 deponeret,
477 301 629 385 quitum
656 302 794 366 maxime
823 304 920 368 armis
954 325 1024 369 eum
1054 324 1092 370 eo

123 386 331 451 dissidebant.

208 472 239 534 4.
268 469 448 536 (iniustam
463 471 550 534 mitis
571 470 697 555 ingenii
719 471 862 535 debitum
883 472 1025 536 fructum
1041 473 1090 536 ul-

120 557 202 620 timo
223 555 283 623 fati
305 555 355 620 sui
376 559 520 638 tempore
543 555 644 638 oepit:
678 576 754 619 nam
783 577 856 620 enm
884 556 963 619 diris
990 558 1092 638 auspi·

121 641 182 706 ciis
205 640 401 724 Argiuorum
423 639 596 704 inuasisset
617 640 744 722 urbem,
772 641 994 724 abscisumque
1024 642 1118 706 eiuss

121 729 223 808 eaput
243 723 427 808 Alcyoneus
449 724 610 808 Antigoni
631 725 718 808 regis
739 725 825 788 filius
848 724 888 789 ad
910 729 1034 808 petrem
1050 761 1092 773 —-

122 813 347 894 propugnator
368 810 454 872 enim
469 809 688 874 laborantibus
702 809 814 873 ederat
829 847 867 857 -
885 810 987 875 laetus
1003 809 1093 874 uelut

121 894 253 977 aliquod
274 893 494 958 felicissimum
516 893 669 958 uictoriae
691 914 771 977 opus
796 894 971 975 attulisset,
998 895 1092 958 Anti·

122 999 228 1064 gonus
244 980 391 1061 correpto
405 977 537 1059 iuuene,
561 977 645 1061 quod
659 979 743 1042 tanti
756 978 819 1042 uiri
836 979 961 1044 subitae
978 979 1092 1043 ruinae

121 1063 283 1128 inmemor
303 1063 518 1126 humanorum
541 1083 672 1126 easuum
695 1063 795 1127 effuso
817 1063 935 1149 gaudio
956 1063 1089 1129 insulta·
1105 1086 1130 1125 ro

121 1151 182 1230 ret,
204 1147 304 1212 humo
320 1167 357 1210 ea
379 1150 415 1210 ut
429 1145 591 1211 sublatum
607 1167 734 1230 nausea,
758 1169 822 1231 qua
836 1149 977 1213 uelatum
997 1152 1094 1233 ceput

122 1253 218 1297 suum
244 1253 331 1295 more
395 1231 570 1296 aeedonum
600 1231 758 1313 habebat,
792 1233 874 1297 texit
903 1234 1093 1332 corporique

10 1355 12 1372 ι
123 1315 218 1401 Pyrri
250 1306 409 1380 redditum
442 1314 688 1380 honoratissime
722 1317 928 1382 cremandum
957 1321 1092 1384 euraurt.

121 1401 203 1486 quin
226 1401 322 1464 etiam
344 1400 446 1464 filium
463 1399 530 1464 eius
545 1399 705 1466 Helenum
727 1401 890 1484 captiuum
913 1401 953 1465 ad
974 1424 1007 1465 se
1022 1423 1093 1486 per·

121 1489 263 1550 tractum
286 1489 319 1548 et
340 1484 460 1550 eultum
483 1487 516 1549 et
537 1487 681 1549 animum
708 1487 834 1567 regium
862 1507 973 1569 gerere
999 1487 1093 1550 iussit
1106 1506 1131 1546 ru

124 1590 260 1654 ossaque
284 1569 312 1632 ei
337 1569 430 1652 Pyrri
450 1591 547 1634 aurea
568 1569 693 1633 inclusa
722 1589 804 1633 urna
826 1568 961 1653 Epirum
982 1570 1017 1634 in
1039 1592 1093 1654 pa-

124 1655 221 1719 triam
243 1652 284 1719 ed
306 1652 525 1718 Alexandrum
546 1653 679 1718 fratrem
702 1653 862 1737 portanda
884 1653 980 1718 dedit.

186 1739 217 1803 5.
248 1737 403 1821 Campani
425 1740 533 1802 autem
556 1737 731 1802 exereitum
752 1740 898 1802 nostrum
922 1759 994 1802 eum
1018 1759 1092 1802 con-

121 1822 247 1890 sulibus
270 1825 353 1904 apud
373 1821 533 1888 Caudinas
555 1823 662 1887 fureas
685 1823 744 1887 sub
767 1823 877 1907 iugum
900 1844 920 1886 a
941 1821 1093 1888 Samniti-

121 1910 182 1974 bus
205 1909 338 1972 missum
358 1929 419 1971 nee
441 1909 594 1972 inermem
616 1909 752 1986 tuntum,
776 1907 832 1971 sed
854 1907 950 1971 etiam
972 1908 1093 1971 nudum
1106 1926 1132 1966 20

122 1993 236 2058 urbem
259 2014 347 2056 suam
370 1993 546 2056 intrantem
569 1991 701 2076 perinde
731 2013 769 2056 aa
790 1992 944 2056 uictorem
966 1995 999 2057 et
1021 2013 1093 2075 spo·

121 2079 168 2142 lia
189 2076 328 2142 hostium
355 2098 432 2160 prae
461 2099 494 2141 se
521 2077 679 2141 ferentem
706 2076 935 2141 uenerabiliter
962 2098 1093 2161 excepe-

121 2165 199 2226 runt
220 2161 431 2245 protinusque
454 2161 641 2226 oonsulibus
663 2162 804 2246 insignis
832 2161 981 2245 honoris,
1009 2162 1094 2227 mili·

121 2248 207 2312 tibus
234 2248 371 2324 uestem,
401 2267 506 2327 arma,
543 2266 655 2330 equos,
687 2248 900 2311 commeatum
928 2248 1094 2331 benignis-

121 2332 203 2396 sime
216 2330 410 2415 praestando
426 2334 459 2394 et
472 2331 615 2413 inopiam
630 2333 664 2394 et
678 2330 915 2396 deformitatem
929 2330 1094 2397 Romanae
1107 2349 1134 2389 2⁵

193 2520 206 2568 1
225 2514 315 2569 isdem
337 2516 437 2570 oneret
454 2515 552 2637 LAq

122 2582 280 2638 ‘directum
331 2585 364 2648 Γ,
383 2583 512 2636 strictum
557 2584 635 2660 Aljt
652 2583 705 2636 fati
717 2582 756 2636 L²
774 2583 837 2641 dett.
855 2599 910 2638 mea
926 2599 996 2661 euru.
1026 2586 1096 2640 faetr

122 2649 171 2715 L¹‚
193 2665 244 2703 om.
263 2651 291 2703 A
314 2652 324 2718 l
347 2651 507 2729 temperero
526 2651 620 2728 eoepit
638 2650 678 2717 L,
706 2651 834 2719 tempore
856 2653 964 2787 recepit
1014 2693 1020 2718 ‚
1045 2669 1093 2706 eru.

571 2531 634 2569 cum
652 2515 774 2568 maxime
793 2515 876 2569 L¹A²
898 2517 910 2595 l
932 2515 965 2571 eo
982 2533 1015 2571 eo
1034 2517 1061 2571 L
1081 2519 1094 2595 ll

121 2716 266 2796 Slauperfl
284 2717 338 2771 diri
356 2717 475 2786 ausprcri
493 2719 576 2786 (eutr.
595 2735 605 2769 1
622 2733 692 2772 corr.
710 2733 724 2772 e
742 2721 765 2782 s)
786 2717 828 2784 L,
848 2717 902 2770 diri

122 2785 245 2863 auspicis
262 2785 290 2838 A
302 2786 340 2853 llo
358 2785 532 2852 abscisumq:
551 2784 580 2853 (b
599 2801 633 2840 ex
651 2784 669 2837 d
687 2786 766 2854 corr.)
786 2784 826 2852 L,
847 2785 1029 2853 adscissumq.
1046 2788 1095 2852 A¹‚

122 2852 264 2919 oeersique
284 2853 389 2907 Gertz*
414 2855 424 2920 l
446 2858 461 2905 ‘1
478 2857 673 2922 propugnator
691 2853 765 2906 enim
783 2852 977 2907 laborantibus
996 2854 1095 2908 aderat

123 2927 226 2989 eyrepr'e
235 2921 357 2990 Moduip
366 2921 404 2974 ΙΙ
412 2923 478 2987 324,
497 2922 737 2990 propugnatorem
754 2920 887 2976 laborans
901 2921 1016 2974 laborat
1025 2921 1094 2988 LA,

121 2991 367 3058 propugnatorum
384 2989 466 3042 labor
487 3005 554 3042 sane
572 2989 666 3042 taeter
688 2990 750 3042 eret
767 2988 899 3043 Foertecb
915 2988 937 3041 I
951 2992 997 3054 19,
1038 2989 1095 3043 uod

121 3071 181 3110 uou
197 3061 342 3111 rectorem
363 3057 386 3110 e't
403 3060 509 3111 mutato
527 3057 589 3110 eret
604 3057 637 3110 iu
654 3055 748 3110 fuerat
764 3055 851 3110 Halm
895 3061 912 3110 8
930 3055 968 3110 ali
989 3004 1038 3109 nol
1056 3056 1095 3110 L¹

125 3123 164 3177 Α1
179 3124 188 3191 ΙΙ
208 3130 238 3178 10
257 3141 322 3178 essu
373 3126 421 3177 ¹A¹
442 3123 452 3192 ss
471 3129 501 3176 11
519 3123 603 3178 homo
622 3123 715 3244 ΜΛ]
727 3139 834 3193 gausea
884 3125 911 3176 A
923 3125 933 3191 l
947 3073 1095 3178 uellratum

124 3191 146 3258 (i
164 3207 233 3246 eros.
252 3192 324 3255 uid.)
344 3191 370 3245 L
392 3193 402 3260 ΙΙ
428 3199 458 3245 13
476 3196 502 3246 et
522 3197 553 3245 16
570 3191 669 3261 phyrri
715 3191 726 3222 ¹
750 3192 760 3260 ΙΙ
786 3197 818 3246 14
836 3191 872 3245 ad
889 3207 955 3260 sepe
973 3192 1095 3245 tractum

122 3259 161 3312 A¹
179 3259 189 3326 ll
213 3264 242 3313 16
260 3275 447 3327 urnepyrrum
464 3259 511 3324 L¹‚
530 3275 618 3314 urnae
636 3276 754 3328 pyrrum
770 3260 819 3325 A¹,
837 3275 1039 3328 urna‚epyrum
1056 3259 1096 3312 L¹

122 3326 162 3380 A²
175 3327 190 3405 ll¹
200 3332 231 3382 18
249 3343 314 3380 eum
326 3333 405 3394 (corr.
422 3332 490 3390 eoo)
504 3327 531 3380 L
542 3327 554 3396 ΙΙ
568 3333 599 3381 19
611 3327 703 3381 foreas
716 3327 753 3381 L¹
763 3329 822 3448 qm
839 3325 963 3404 inermos
979 3327 1006 3448 q:
1020 3344 1055 3383 m.
1065 3329 1095 3395 2)

123 3393 164 3462 L,
183 3410 311 3448 rnermen
327 3396 365 3447 A¹
383 3394 393 3462 l}
410 3395 524 3447 tantum
542 3399 571 3463 (n
588 3410 609 3452 s.
629 3394 647 3452 l.
665 3410 700 3448 m.
713 3397 744 3462 2)
807 3395 817 3472 ΙΙ
839 3399 870 3447 21
890 3394 961 3448 solra
1008 3395 1060 3449 ¹A¹
1077 3395 1094 3474 ll

122 3467 156 3516 23
175 3463 273 3516 consul
290 3463 337 3530 L¹‚
357 3461 465 3515 eonsuli
482 3462 521 3515 L²
538 3467 564 3516 ot
581 3462 602 3515 li
619 3462 652 3516 a‘u
668 3477 723 3517 ras.
741 3464 770 3516 A
782 3463 792 3531 ΙΙ
804 3461 908 3531 rnsigni
925 3461 983 3516 AO
999 3464 1009 3532 l}
1026 3477 1097 3518 *mr-

123 3529 176 3594 lib;
196 3529 285 3595 M,
304 3529 442 3584 similibus
463 3527 487 3583 0

174 3624 236 3664 Van.
251 3625 318 3664 Max.
911 3620 942 3670 15

930 2733 998 2772 corr.
1018 2719 1096 2788 dine)
