<?xml version="1.0" encoding="UTF-8"?>
<!DOCTYPE html PUBLIC "-//W3C//DTD XHTML 1.0 Transitional//EN"
    "http://www.w3.org/TR/xhtml1/DTD/xhtml1-transitional.dtd">
<html xmlns="http://www.w3.org/1999/xhtml" xml:lang="en" lang="en">
 <head>
  <title>
</title>
<meta http-equiv="Content-Type" content="text/html;charset=utf-8" />
  <meta name='ocr-system' content='tesseract 3.04.00' />
  <meta name='ocr-capabilities' content='ocr_page ocr_carea ocr_par ocr_line ocrx_word'/>
</head>
<body>
  <div class='ocr_page' id='page_1' title='image "./valeriimaximifa00nepogoog_0341.png"; bbox 0 0 2608 3952; ppageno 0'>
   <div class='ocr_carea' id='block_1_1' title="bbox 310 0 892 2">
    <p class='ocr_par' dir='ltr' id='par_1_1' title="bbox 310 0 892 2">
     <span class='ocr_line' id='line_1_1' title="bbox 310 0 892 2; baseline 0 0"><span class='ocrx_word' id='word_1_1' title='bbox 310 0 892 2; x_wconf 95' lang='lat' dir='ltr'><strong> </strong></span> 
     </span>
    </p>
   </div>
   <div class='ocr_carea' id='block_1_2' title="bbox 218 165 771 234">
    <p class='ocr_par' dir='ltr' id='par_1_2' title="bbox 218 165 771 234">
     <span class='ocr_line' id='line_1_2' title="bbox 218 165 771 234; baseline 0.016 -23"><span class='ocrx_word' id='word_1_2' title='bbox 218 169 282 234; x_wconf 87' lang='lat'><strong>300</strong></span> <span class='ocrx_word' id='word_1_3' title='bbox 638 166 707 219; x_wconf 85' lang='lat' dir='ltr'><strong>LIB.</strong></span> <span class='ocrx_word' id='word_1_4' title='bbox 721 165 771 220; x_wconf 86' lang='lat' dir='ltr'><strong>VI.</strong></span> 
     </span>
    </p>
   </div>
   <div class='ocr_carea' id='block_1_3' title="bbox 177 315 1191 2939">
    <p class='ocr_par' dir='ltr' id='par_1_3' title="bbox 218 315 1191 656">
     <span class='ocr_line' id='line_1_3' title="bbox 219 315 1191 403; baseline 0.002 -21"><span class='ocrx_word' id='word_1_5' title='bbox 219 321 438 383; x_wconf 71' lang='lat' dir='ltr'>accusatorem</span> <span class='ocrx_word' id='word_1_6' title='bbox 466 319 562 383; x_wconf 87' lang='lat' dir='ltr'><strong>etiam</strong></span> <span class='ocrx_word' id='word_1_7' title='bbox 588 339 645 383; x_wconf 87' lang='lat' dir='ltr'><strong>reo</strong></span> <span class='ocrx_word' id='word_1_8' title='bbox 672 340 744 396; x_wconf 90' lang='lat' dir='ltr'><strong>suo,</strong></span> <span class='ocrx_word' id='word_1_9' title='bbox 773 338 815 380; x_wconf 91' lang='lat' dir='ltr'><strong>ne</strong></span> <span class='ocrx_word' id='word_1_10' title='bbox 843 315 949 382; x_wconf 87' lang='lat' dir='ltr'><strong>dicam</strong></span> <span class='ocrx_word' id='word_1_11' title='bbox 977 318 1191 403; x_wconf 87' lang='lat' dir='ltr'><strong>diligendum,</strong></span> 
     </span>
     <span class='ocr_line' id='line_1_4' title="bbox 220 401 1189 486; baseline 0.002 -18"><span class='ocrx_word' id='word_1_12' title='bbox 220 405 305 468; x_wconf 87' lang='lat' dir='ltr'><strong>certe</strong></span> <span class='ocrx_word' id='word_1_13' title='bbox 334 403 546 468; x_wconf 88' lang='lat' dir='ltr'><strong>laudandum!</strong></span> <span class='ocrx_word' id='word_1_14' title='bbox 584 424 678 486; x_wconf 90' lang='lat' dir='ltr'><strong>quem</strong></span> <span class='ocrx_word' id='word_1_15' title='bbox 700 401 837 486; x_wconf 91' lang='lat' dir='ltr'><strong>populus</strong></span> <span class='ocrx_word' id='word_1_16' title='bbox 859 423 931 466; x_wconf 92' lang='lat' dir='ltr'><strong>cum</strong></span> <span class='ocrx_word' id='word_1_17' title='bbox 953 408 1085 486; x_wconf 90' lang='lat' dir='ltr'><strong>propter</strong></span> <span class='ocrx_word' id='word_1_18' title='bbox 1108 406 1189 470; x_wconf 89' lang='lat' dir='ltr'><strong>alias</strong></span> 
     </span>
     <span class='ocr_line' id='line_1_5' title="bbox 218 487 1191 554; baseline 0.002 -2"><span class='ocrx_word' id='word_1_19' title='bbox 218 488 354 552; x_wconf 87' lang='lat' dir='ltr'><strong>uirtutes</strong></span> <span class='ocrx_word' id='word_1_20' title='bbox 382 493 453 554; x_wconf 90' lang='lat' dir='ltr'><strong>tum</strong></span> <span class='ocrx_word' id='word_1_21' title='bbox 479 490 543 552; x_wconf 90' lang='lat' dir='ltr'><strong>hoc</strong></span> <span class='ocrx_word' id='word_1_22' title='bbox 572 488 704 552; x_wconf 91' lang='lat' dir='ltr'><strong>nomine</strong></span> <span class='ocrx_word' id='word_1_23' title='bbox 730 487 884 551; x_wconf 87' lang='lat' dir='ltr'><strong>libentius</strong></span> <span class='ocrx_word' id='word_1_24' title='bbox 913 489 946 550; x_wconf 87' lang='lat' dir='ltr'><strong>et</strong></span> <span class='ocrx_word' id='word_1_25' title='bbox 968 489 1134 553; x_wconf 89' lang='lat' dir='ltr'><strong>consulem</strong></span> <span class='ocrx_word' id='word_1_26' title='bbox 1157 495 1191 554; x_wconf 91' lang='lat' dir='ltr'><strong>et</strong></span> 
     </span>
     <span class='ocr_line' id='line_1_6' title="bbox 219 571 953 656; baseline -0.004 -19"><span class='ocrx_word' id='word_1_27' title='bbox 219 593 383 638; x_wconf 84' lang='lat' dir='ltr'><strong>censorem</strong></span> <span class='ocrx_word' id='word_1_28' title='bbox 406 576 439 637; x_wconf 90' lang='lat' dir='ltr'><strong>et</strong></span> <span class='ocrx_word' id='word_1_29' title='bbox 460 573 647 656; x_wconf 89' lang='lat' dir='ltr'><strong>pontificem</strong></span> <span class='ocrx_word' id='word_1_30' title='bbox 669 572 844 636; x_wconf 89' lang='lat' dir='ltr'><strong>maximum</strong></span> <span class='ocrx_word' id='word_1_31' title='bbox 866 571 953 636; x_wconf 88' lang='lat' dir='ltr'><strong>fecit.</strong></span> 
     </span>
    </p>

    <p class='ocr_par' dir='ltr' id='par_1_4' title="bbox 192 656 1191 1079">
     <span class='ocr_line' id='line_1_7' title="bbox 192 656 1190 723; baseline 0 -1"><span class='ocrx_word' id='word_1_32' title='bbox 192 673 205 714; x_wconf 80' lang='lat'><em>⁶</em></span> <span class='ocrx_word' id='word_1_33' title='bbox 282 658 313 722; x_wconf 88' lang='grc'><strong>6.</strong></span> <span class='ocrx_word' id='word_1_34' title='bbox 350 657 420 722; x_wconf 88' lang='lat' dir='ltr'><strong>Nec</strong></span> <span class='ocrx_word' id='word_1_35' title='bbox 446 657 539 722; x_wconf 87' lang='lat' dir='ltr'><strong>aliter</strong></span> <span class='ocrx_word' id='word_1_36' title='bbox 567 677 600 723; x_wconf 88' lang='lat' dir='ltr'><strong>se</strong></span> <span class='ocrx_word' id='word_1_37' title='bbox 623 657 661 721; x_wconf 91' lang='lat' dir='ltr'><strong>L.</strong></span> <span class='ocrx_word' id='word_1_38' title='bbox 685 656 820 722; x_wconf 82' lang='lat' dir='ltr'>Crassus</span> <span class='ocrx_word' id='word_1_39' title='bbox 848 657 883 719; x_wconf 92' lang='lat' dir='ltr'><strong>in</strong></span> <span class='ocrx_word' id='word_1_40' title='bbox 911 657 1023 721; x_wconf 90' lang='lat' dir='ltr'><strong>eodem</strong></span> <span class='ocrx_word' id='word_1_41' title='bbox 1045 658 1190 722; x_wconf 86' lang='lat' dir='ltr'><strong>iustitiae</strong></span> 
     </span>
     <span class='ocr_line' id='line_1_8' title="bbox 218 740 1189 826; baseline 0.004 -22"><span class='ocrx_word' id='word_1_42' title='bbox 218 743 437 826; x_wconf 89' lang='lat' dir='ltr'><strong>experimento</strong></span> <span class='ocrx_word' id='word_1_43' title='bbox 470 743 582 826; x_wconf 82' lang='lat' dir='ltr'><strong>gessit.</strong></span> <span class='ocrx_word' id='word_1_44' title='bbox 627 742 686 806; x_wconf 85' lang='lat' dir='ltr'><strong>Gn.</strong></span> <span class='ocrx_word' id='word_1_45' title='bbox 722 740 880 806; x_wconf 80' lang='lat' dir='ltr'><strong>Carbonis</strong></span> <span class='ocrx_word' id='word_1_46' title='bbox 911 762 1033 806; x_wconf 89' lang='lat' dir='ltr'><strong>nomen</strong></span> <span class='ocrx_word' id='word_1_47' title='bbox 1066 741 1189 808; x_wconf 86' lang='lat' dir='ltr'><strong>infesto</strong></span> 
     </span>
     <span class='ocr_line' id='line_1_9' title="bbox 218 825 1190 910; baseline 0 -20"><span class='ocrx_word' id='word_1_48' title='bbox 218 829 327 890; x_wconf 88' lang='lat' dir='ltr'><strong>animo</strong></span> <span class='ocrx_word' id='word_1_49' title='bbox 349 831 462 910; x_wconf 89' lang='lat' dir='ltr'><strong>utpote</strong></span> <span class='ocrx_word' id='word_1_50' title='bbox 483 825 699 890; x_wconf 81' lang='lat' dir='ltr'><strong>inimicissimi</strong></span> <span class='ocrx_word' id='word_1_51' title='bbox 721 826 783 890; x_wconf 89' lang='lat' dir='ltr'><strong>sibi</strong></span> <span class='ocrx_word' id='word_1_52' title='bbox 805 825 978 908; x_wconf 86' lang='lat' dir='ltr'><strong>detulerat,</strong></span> <span class='ocrx_word' id='word_1_53' title='bbox 1001 826 1058 890; x_wconf 85' lang='lat' dir='ltr'><strong>sed</strong></span> <span class='ocrx_word' id='word_1_54' title='bbox 1078 830 1190 892; x_wconf 82' lang='lat' dir='ltr'><strong>tamen</strong></span> 
     </span>
     <span class='ocr_line' id='line_1_10' title="bbox 218 910 1191 993; baseline 0 -17"><span class='ocrx_word' id='word_1_55' title='bbox 218 912 372 976; x_wconf 87' lang='lat' dir='ltr'><strong>scrinium</strong></span> <span class='ocrx_word' id='word_1_56' title='bbox 395 911 463 974; x_wconf 90' lang='lat' dir='ltr'><strong>eius</strong></span> <span class='ocrx_word' id='word_1_57' title='bbox 486 933 505 974; x_wconf 85' lang='lat' dir='ltr'><strong>a</strong></span> <span class='ocrx_word' id='word_1_58' title='bbox 527 931 621 974; x_wconf 89' lang='lat' dir='ltr'><strong>seruo</strong></span> <span class='ocrx_word' id='word_1_59' title='bbox 644 911 786 975; x_wconf 84' lang='lat' dir='ltr'><strong>adlatum</strong></span> <span class='ocrx_word' id='word_1_60' title='bbox 809 910 916 992; x_wconf 87' lang='lat' dir='ltr'><strong>adse,</strong></span> <span class='ocrx_word' id='word_1_61' title='bbox 940 911 1096 993; x_wconf 76' lang='lat' dir='ltr'><strong>conplura</strong></span> <span class='ocrx_word' id='word_1_62' title='bbox 1111 934 1191 976; x_wconf 90' lang='lat' dir='ltr'><strong>con·</strong></span> 
     </span>
     <span class='ocr_line' id='line_1_11' title="bbox 218 994 1189 1079; baseline 0.002 -20"><span class='ocrx_word' id='word_1_63' title='bbox 218 996 338 1077; x_wconf 85' lang='lat' dir='ltr'><strong>tineus,</strong></span> <span class='ocrx_word' id='word_1_64' title='bbox 355 995 471 1078; x_wconf 91' lang='lat' dir='ltr'><strong>quibus</strong></span> <span class='ocrx_word' id='word_1_65' title='bbox 485 994 582 1059; x_wconf 88' lang='lat' dir='ltr'><strong>facile</strong></span> <span class='ocrx_word' id='word_1_66' title='bbox 596 995 735 1079; x_wconf 88' lang='lat' dir='ltr'><strong>opprimi</strong></span> <span class='ocrx_word' id='word_1_67' title='bbox 750 997 873 1078; x_wconf 87' lang='lat' dir='ltr'><strong>posset,</strong></span> <span class='ocrx_word' id='word_1_68' title='bbox 889 998 925 1058; x_wconf 92' lang='lat' dir='ltr'><strong>ut</strong></span> <span class='ocrx_word' id='word_1_69' title='bbox 939 1001 1008 1058; x_wconf 87' lang='lat' dir='ltr'><strong>erat</strong></span> <span class='ocrx_word' id='word_1_70' title='bbox 1023 997 1189 1078; x_wconf 87' lang='lat' dir='ltr'><strong>signatum</strong></span> 
     </span>
    </p>

    <p class='ocr_par' dir='ltr' id='par_1_5' title="bbox 179 1079 1190 1396">
     <span class='ocr_line' id='line_1_12' title="bbox 179 1079 1190 1165; baseline -0.001 -20"><span class='ocrx_word' id='word_1_71' title='bbox 179 1097 205 1137; x_wconf 88' lang='lat'><strong>1⁰</strong></span> <span class='ocrx_word' id='word_1_72' title='bbox 220 1101 293 1145; x_wconf 90' lang='lat' dir='ltr'><strong>cum</strong></span> <span class='ocrx_word' id='word_1_73' title='bbox 316 1100 409 1143; x_wconf 89' lang='lat' dir='ltr'><strong>seruo</strong></span> <span class='ocrx_word' id='word_1_74' title='bbox 433 1081 582 1143; x_wconf 86' lang='lat' dir='ltr'><strong>catenato</strong></span> <span class='ocrx_word' id='word_1_75' title='bbox 605 1079 646 1144; x_wconf 88' lang='lat' dir='ltr'><strong>ad</strong></span> <span class='ocrx_word' id='word_1_76' title='bbox 668 1101 741 1144; x_wconf 91' lang='lat' dir='ltr'><strong>eum</strong></span> <span class='ocrx_word' id='word_1_77' title='bbox 762 1079 896 1143; x_wconf 77' lang='lat' dir='ltr'><strong>remisit.</strong></span> <span class='ocrx_word' id='word_1_78' title='bbox 930 1100 994 1162; x_wconf 92' lang='lat' dir='ltr'><strong>quo</strong></span> <span class='ocrx_word' id='word_1_79' title='bbox 1015 1085 1113 1162; x_wconf 90' lang='lat' dir='ltr'><strong>pacto</strong></span> <span class='ocrx_word' id='word_1_80' title='bbox 1128 1081 1190 1165; x_wconf 89' lang='lat' dir='ltr'><strong>igi-</strong></span> 
     </span>
     <span class='ocr_line' id='line_1_13' title="bbox 216 1164 1188 1248; baseline 0 -20"><span class='ocrx_word' id='word_1_81' title='bbox 216 1168 271 1228; x_wconf 86' lang='lat' dir='ltr'><strong>tur</strong></span> <span class='ocrx_word' id='word_1_82' title='bbox 302 1165 388 1227; x_wconf 90' lang='lat' dir='ltr'><strong>inter</strong></span> <span class='ocrx_word' id='word_1_83' title='bbox 416 1164 535 1228; x_wconf 87' lang='lat' dir='ltr'><strong>amicos</strong></span> <span class='ocrx_word' id='word_1_84' title='bbox 562 1164 703 1248; x_wconf 82' lang='lat' dir='ltr'><strong>uiguisse</strong></span> <span class='ocrx_word' id='word_1_85' title='bbox 731 1168 811 1229; x_wconf 88' lang='lat' dir='ltr'><strong>tunc</strong></span> <span class='ocrx_word' id='word_1_86' title='bbox 837 1164 994 1228; x_wconf 87' lang='lat' dir='ltr'><strong>iustitiam</strong></span> <span class='ocrx_word' id='word_1_87' title='bbox 1015 1165 1188 1245; x_wconf 88' lang='lat' dir='ltr'><strong>credimus,</strong></span> 
     </span>
     <span class='ocr_line' id='line_1_14' title="bbox 218 1249 1189 1333; baseline 0.002 -21"><span class='ocrx_word' id='word_1_88' title='bbox 218 1269 291 1312; x_wconf 90' lang='lat' dir='ltr'><strong>cum</strong></span> <span class='ocrx_word' id='word_1_89' title='bbox 313 1249 400 1311; x_wconf 89' lang='lat' dir='ltr'><strong>inter</strong></span> <span class='ocrx_word' id='word_1_90' title='bbox 422 1251 623 1312; x_wconf 73' lang='lat' dir='ltr'><strong>accusatores</strong></span> <span class='ocrx_word' id='word_1_91' title='bbox 645 1271 772 1333; x_wconf 91' lang='lat' dir='ltr'><strong>quoque</strong></span> <span class='ocrx_word' id='word_1_92' title='bbox 794 1253 828 1313; x_wconf 89' lang='lat' dir='ltr'><strong>et</strong></span> <span class='ocrx_word' id='word_1_93' title='bbox 841 1269 912 1314; x_wconf 92' lang='lat' dir='ltr'><strong>reos</strong></span> <span class='ocrx_word' id='word_1_94' title='bbox 926 1252 1056 1313; x_wconf 88' lang='lat' dir='ltr'><strong>tantum</strong></span> <span class='ocrx_word' id='word_1_95' title='bbox 1069 1250 1189 1314; x_wconf 88' lang='lat' dir='ltr'><strong>uirium</strong></span> 
     </span>
     <span class='ocr_line' id='line_1_15' title="bbox 218 1331 606 1396; baseline 0 0"><span class='ocrx_word' id='word_1_96' title='bbox 218 1331 395 1396; x_wconf 85' lang='lat' dir='ltr'><strong>obtinuisse</strong></span> <span class='ocrx_word' id='word_1_97' title='bbox 417 1333 606 1396; x_wconf 80' lang='lat' dir='ltr'><strong>uideamus?</strong></span> 
     </span>
    </p>

    <p class='ocr_par' dir='ltr' id='par_1_6' title="bbox 283 1415 1182 1502">
     <span class='ocr_line' id='line_1_16' title="bbox 283 1415 1182 1502; baseline 0.002 -21"><span class='ocrx_word' id='word_1_98' title='bbox 283 1419 312 1481; x_wconf 77' lang='lat'><strong>7.</strong></span> <span class='ocrx_word' id='word_1_99' title='bbox 341 1416 411 1482; x_wconf 89' lang='lat' dir='ltr'><strong>lam</strong></span> <span class='ocrx_word' id='word_1_100' title='bbox 436 1415 473 1482; x_wconf 90' lang='lat' dir='ltr'><strong>L.</strong></span> <span class='ocrx_word' id='word_1_101' title='bbox 501 1417 589 1482; x_wconf 88' lang='lat' dir='ltr'><strong>Sulla</strong></span> <span class='ocrx_word' id='word_1_102' title='bbox 623 1438 690 1481; x_wconf 90' lang='lat' dir='ltr'><strong>non</strong></span> <span class='ocrx_word' id='word_1_103' title='bbox 712 1439 745 1482; x_wconf 89' lang='lat' dir='ltr'><strong>se</strong></span> <span class='ocrx_word' id='word_1_104' title='bbox 768 1420 834 1486; x_wconf 85' lang='lat' dir='ltr'><strong>tum</strong></span> <span class='ocrx_word' id='word_1_105' title='bbox 861 1417 1056 1482; x_wconf 88' lang='lat' dir='ltr'><strong>incolumem</strong></span> <span class='ocrx_word' id='word_1_106' title='bbox 1082 1440 1182 1502; x_wconf 90' lang='lat' dir='ltr'><strong>quam</strong></span> 
     </span>
    </p>

    <p class='ocr_par' dir='ltr' id='par_1_7' title="bbox 180 1501 1190 1924">
     <span class='ocr_line' id='line_1_17' title="bbox 180 1501 1187 1586; baseline 0.002 -20"><span class='ocrx_word' id='word_1_107' title='bbox 180 1519 205 1558; x_wconf 78' lang='lat'><strong>1⁵</strong></span> <span class='ocrx_word' id='word_1_108' title='bbox 219 1501 397 1585; x_wconf 87' lang='lat' dir='ltr'><strong>Sulpicium</strong></span> <span class='ocrx_word' id='word_1_109' title='bbox 419 1501 541 1566; x_wconf 89' lang='lat' dir='ltr'><strong>Rufum</strong></span> <span class='ocrx_word' id='word_1_110' title='bbox 562 1503 725 1586; x_wconf 88' lang='lat' dir='ltr'><strong>perditum</strong></span> <span class='ocrx_word' id='word_1_111' title='bbox 747 1501 865 1580; x_wconf 84' lang='lat' dir='ltr'><strong>uoluit,</strong></span> <span class='ocrx_word' id='word_1_112' title='bbox 887 1503 1061 1567; x_wconf 89' lang='lat' dir='ltr'><strong>tribunicio</strong></span> <span class='ocrx_word' id='word_1_113' title='bbox 1076 1504 1187 1568; x_wconf 86' lang='lat' dir='ltr'><strong>furore</strong></span> 
     </span>
     <span class='ocr_line' id='line_1_18' title="bbox 218 1586 1186 1672; baseline 0.002 -22"><span class='ocrx_word' id='word_1_114' title='bbox 218 1589 287 1650; x_wconf 87' lang='lat' dir='ltr'><strong>eius</strong></span> <span class='ocrx_word' id='word_1_115' title='bbox 309 1586 378 1652; x_wconf 88' lang='lat' dir='ltr'><strong>sine</strong></span> <span class='ocrx_word' id='word_1_116' title='bbox 401 1586 467 1652; x_wconf 90' lang='lat' dir='ltr'><strong>ullo</strong></span> <span class='ocrx_word' id='word_1_117' title='bbox 489 1588 554 1651; x_wconf 91' lang='lat' dir='ltr'><strong>fine</strong></span> <span class='ocrx_word' id='word_1_118' title='bbox 577 1590 719 1650; x_wconf 89' lang='lat' dir='ltr'><strong>uexatus.</strong></span> <span class='ocrx_word' id='word_1_119' title='bbox 757 1589 897 1650; x_wconf 91' lang='lat' dir='ltr'><strong>ceterum</strong></span> <span class='ocrx_word' id='word_1_120' title='bbox 920 1608 991 1651; x_wconf 90' lang='lat' dir='ltr'><strong>cum</strong></span> <span class='ocrx_word' id='word_1_121' title='bbox 1015 1608 1089 1651; x_wconf 91' lang='lat' dir='ltr'><strong>eum</strong></span> <span class='ocrx_word' id='word_1_122' title='bbox 1111 1610 1186 1672; x_wconf 92' lang='lat' dir='ltr'><strong>pro-</strong></span> 
     </span>
     <span class='ocr_line' id='line_1_19' title="bbox 218 1671 1189 1756; baseline 0.001 -20"><span class='ocrx_word' id='word_1_123' title='bbox 218 1672 373 1756; x_wconf 89' lang='lat' dir='ltr'><strong>scriptum</strong></span> <span class='ocrx_word' id='word_1_124' title='bbox 396 1675 428 1736; x_wconf 88' lang='lat' dir='ltr'><strong>et</strong></span> <span class='ocrx_word' id='word_1_125' title='bbox 449 1672 484 1736; x_wconf 94' lang='lat' dir='ltr'><strong>in</strong></span> <span class='ocrx_word' id='word_1_126' title='bbox 505 1672 584 1736; x_wconf 89' lang='lat' dir='ltr'><strong>nilla</strong></span> <span class='ocrx_word' id='word_1_127' title='bbox 607 1672 762 1736; x_wconf 86' lang='lat' dir='ltr'><strong>latentem</strong></span> <span class='ocrx_word' id='word_1_128' title='bbox 783 1692 803 1734; x_wconf 86' lang='lat' dir='ltr'><strong>a</strong></span> <span class='ocrx_word' id='word_1_129' title='bbox 825 1692 918 1735; x_wconf 91' lang='lat' dir='ltr'><strong>seruo</strong></span> <span class='ocrx_word' id='word_1_130' title='bbox 932 1671 1097 1754; x_wconf 86' lang='lat' dir='ltr'><strong>proditum</strong></span> <span class='ocrx_word' id='word_1_131' title='bbox 1112 1693 1189 1737; x_wconf 92' lang='lat' dir='ltr'><strong>con-</strong></span> 
     </span>
     <span class='ocr_line' id='line_1_20' title="bbox 217 1756 1190 1840; baseline 0.002 -20"><span class='ocrx_word' id='word_1_132' title='bbox 217 1758 369 1840; x_wconf 85' lang='lat' dir='ltr'><strong>perisset,</strong></span> <span class='ocrx_word' id='word_1_133' title='bbox 399 1759 657 1820; x_wconf 86' lang='lat' dir='ltr'><strong>manumissum</strong></span> <span class='ocrx_word' id='word_1_134' title='bbox 687 1756 893 1838; x_wconf 85' lang='lat' dir='ltr'><strong>parricidam,</strong></span> <span class='ocrx_word' id='word_1_135' title='bbox 924 1761 961 1820; x_wconf 86' lang='lat' dir='ltr'><strong>ut</strong></span> <span class='ocrx_word' id='word_1_136' title='bbox 986 1756 1066 1820; x_wconf 84' lang='lat' dir='ltr'><strong>fides</strong></span> <span class='ocrx_word' id='word_1_137' title='bbox 1089 1757 1190 1822; x_wconf 90' lang='lat' dir='ltr'><strong>edicti</strong></span> 
     </span>
     <span class='ocr_line' id='line_1_21' title="bbox 218 1840 1190 1924; baseline 0.002 -20"><span class='ocrx_word' id='word_1_138' title='bbox 218 1841 268 1904; x_wconf 89' lang='lat' dir='ltr'><strong>sui</strong></span> <span class='ocrx_word' id='word_1_139' title='bbox 283 1844 465 1923; x_wconf 87' lang='lat' dir='ltr'><strong>constaret,</strong></span> <span class='ocrx_word' id='word_1_140' title='bbox 488 1841 693 1924; x_wconf 85' lang='lat' dir='ltr'><strong>praecipitari</strong></span> <span class='ocrx_word' id='word_1_141' title='bbox 707 1841 854 1922; x_wconf 87' lang='lat' dir='ltr'><strong>protinus</strong></span> <span class='ocrx_word' id='word_1_142' title='bbox 869 1862 944 1904; x_wconf 87' lang='lat' dir='ltr'><strong>saxo</strong></span> <span class='ocrx_word' id='word_1_143' title='bbox 959 1840 1098 1924; x_wconf 84' lang='lat' dir='ltr'><strong>Tarpeio</strong></span> <span class='ocrx_word' id='word_1_144' title='bbox 1113 1863 1190 1906; x_wconf 85' lang='lat' dir='ltr'><strong>cum</strong></span> 
     </span>
    </p>

    <p class='ocr_par' dir='ltr' id='par_1_8' title="bbox 179 1924 1191 2092">
     <span class='ocr_line' id='line_1_22' title="bbox 179 1924 1191 2009; baseline 0.003 -21"><span class='ocrx_word' id='word_1_145' title='bbox 179 1940 205 1980; x_wconf 78' lang='lat'><strong>²⁰</strong></span> <span class='ocrx_word' id='word_1_146' title='bbox 218 1924 275 1988; x_wconf 90' lang='lat' dir='ltr'><strong>illo</strong></span> <span class='ocrx_word' id='word_1_147' title='bbox 297 1926 416 1990; x_wconf 88' lang='lat' dir='ltr'><strong>scelere</strong></span> <span class='ocrx_word' id='word_1_148' title='bbox 438 1930 532 2008; x_wconf 85' lang='lat' dir='ltr'><strong>parto</strong></span> <span class='ocrx_word' id='word_1_149' title='bbox 554 1925 652 2008; x_wconf 90' lang='lat' dir='ltr'><strong>pilleo</strong></span> <span class='ocrx_word' id='word_1_150' title='bbox 674 1925 783 2008; x_wconf 88' lang='lat' dir='ltr'><strong>iussit,</strong></span> <span class='ocrx_word' id='word_1_151' title='bbox 808 1925 914 1990; x_wconf 90' lang='lat' dir='ltr'><strong>uictor</strong></span> <span class='ocrx_word' id='word_1_152' title='bbox 936 1925 1079 2009; x_wconf 91' lang='lat' dir='ltr'><strong>alioquin</strong></span> <span class='ocrx_word' id='word_1_153' title='bbox 1103 1926 1191 1991; x_wconf 90' lang='lat' dir='ltr'><strong>inso-</strong></span> 
     </span>
     <span class='ocr_line' id='line_1_23' title="bbox 217 2009 768 2092; baseline -0.002 -20"><span class='ocrx_word' id='word_1_154' title='bbox 217 2009 302 2092; x_wconf 87' lang='lat' dir='ltr'><strong>lens,</strong></span> <span class='ocrx_word' id='word_1_155' title='bbox 326 2012 386 2074; x_wconf 90' lang='lat' dir='ltr'><strong>hoc</strong></span> <span class='ocrx_word' id='word_1_156' title='bbox 408 2011 542 2092; x_wconf 87' lang='lat' dir='ltr'><strong>imperio</strong></span> <span class='ocrx_word' id='word_1_157' title='bbox 564 2011 768 2074; x_wconf 88' lang='lat' dir='ltr'><strong>iustissimus.</strong></span> 
     </span>
    </p>

    <p class='ocr_par' dir='ltr' id='par_1_9' title="bbox 216 2093 1190 2341">
     <span class='ocr_line' id='line_1_24' title="bbox 281 2093 1190 2177; baseline 0.004 -21"><span class='ocrx_word' id='word_1_158' title='bbox 281 2093 358 2156; x_wconf 76' lang='lat' dir='ltr'><strong>Eat.</strong></span> <span class='ocrx_word' id='word_1_159' title='bbox 390 2098 418 2156; x_wconf 94' lang='lat'><strong>1.</strong></span> <span class='ocrx_word' id='word_1_160' title='bbox 461 2093 580 2158; x_wconf 89' lang='lat' dir='ltr'><strong>Verum</strong></span> <span class='ocrx_word' id='word_1_161' title='bbox 609 2115 651 2158; x_wconf 89' lang='lat' dir='ltr'><strong>ne</strong></span> <span class='ocrx_word' id='word_1_162' title='bbox 680 2093 884 2177; x_wconf 83' lang='lat' dir='ltr'><strong>alienigenae</strong></span> <span class='ocrx_word' id='word_1_163' title='bbox 916 2094 1059 2158; x_wconf 88' lang='lat' dir='ltr'><strong>iustitiae</strong></span> <span class='ocrx_word' id='word_1_164' title='bbox 1091 2095 1190 2160; x_wconf 91' lang='lat' dir='ltr'><strong>obliti</strong></span> 
     </span>
     <span class='ocr_line' id='line_1_25' title="bbox 217 2176 1189 2263; baseline 0.006 -25"><span class='ocrx_word' id='word_1_165' title='bbox 217 2177 397 2252; x_wconf 87' lang='lat' dir='ltr'><strong>uideamur,</strong></span> <span class='ocrx_word' id='word_1_166' title='bbox 426 2176 572 2242; x_wconf 87' lang='lat' dir='ltr'><strong>Pittacus</strong></span> <span class='ocrx_word' id='word_1_167' title='bbox 599 2179 831 2263; x_wconf 82' lang='lat' dir='ltr'><strong>Mitylenaeus,</strong></span> <span class='ocrx_word' id='word_1_168' title='bbox 862 2179 950 2242; x_wconf 86' lang='lat' dir='ltr'><strong>cuius</strong></span> <span class='ocrx_word' id='word_1_169' title='bbox 978 2182 1036 2244; x_wconf 88' lang='lat' dir='ltr'><strong>aut</strong></span> <span class='ocrx_word' id='word_1_170' title='bbox 1062 2180 1189 2244; x_wconf 88' lang='lat' dir='ltr'><strong>meritis</strong></span> 
     </span>
     <span class='ocr_line' id='line_1_26' title="bbox 216 2262 1190 2341; baseline 0.006 -19"><span class='ocrx_word' id='word_1_171' title='bbox 216 2264 345 2324; x_wconf 89' lang='lat' dir='ltr'><strong>tantum</strong></span> <span class='ocrx_word' id='word_1_172' title='bbox 369 2262 455 2326; x_wconf 87' lang='lat' dir='ltr'><strong>ciues</strong></span> <span class='ocrx_word' id='word_1_173' title='bbox 478 2263 659 2328; x_wconf 86' lang='lat' dir='ltr'><strong>debuerunt</strong></span> <span class='ocrx_word' id='word_1_174' title='bbox 680 2267 737 2328; x_wconf 86' lang='lat' dir='ltr'><strong>aut</strong></span> <span class='ocrx_word' id='word_1_175' title='bbox 751 2263 893 2327; x_wconf 89' lang='lat' dir='ltr'><strong>moribus</strong></span> <span class='ocrx_word' id='word_1_176' title='bbox 909 2263 1127 2341; x_wconf 86' lang='lat' dir='ltr'><strong>crediderunt,</strong></span> <span class='ocrx_word' id='word_1_177' title='bbox 1151 2268 1190 2328; x_wconf 87' lang='lat' dir='ltr'><strong>ut</strong></span> 
     </span>
    </p>

    <p class='ocr_par' dir='ltr' id='par_1_10' title="bbox 178 2346 1189 2770">
     <span class='ocr_line' id='line_1_27' title="bbox 178 2346 1189 2431; baseline 0.003 -23"><span class='ocrx_word' id='word_1_178' title='bbox 178 2360 204 2400; x_wconf 73' lang='grc'><strong>25</strong></span> <span class='ocrx_word' id='word_1_179' title='bbox 219 2346 249 2408; x_wconf 90' lang='lat' dir='ltr'><strong>ei</strong></span> <span class='ocrx_word' id='word_1_180' title='bbox 270 2347 338 2409; x_wconf 79' lang='lat' dir='ltr'><strong>sois</strong></span> <span class='ocrx_word' id='word_1_181' title='bbox 358 2347 518 2431; x_wconf 76' lang='lat' dir='ltr'><strong>suffragiis</strong></span> <span class='ocrx_word' id='word_1_182' title='bbox 532 2347 737 2431; x_wconf 82' lang='lat' dir='ltr'><strong>tyrannidem</strong></span> <span class='ocrx_word' id='word_1_183' title='bbox 753 2347 929 2425; x_wconf 86' lang='lat' dir='ltr'><strong>deferrent,</strong></span> <span class='ocrx_word' id='word_1_184' title='bbox 952 2353 1020 2412; x_wconf 84' lang='lat' dir='ltr'><strong>tam</strong></span> <span class='ocrx_word' id='word_1_185' title='bbox 1035 2348 1090 2411; x_wconf 90' lang='lat' dir='ltr'><strong>diu</strong></span> <span class='ocrx_word' id='word_1_186' title='bbox 1105 2348 1189 2412; x_wconf 90' lang='lat' dir='ltr'><strong>illud</strong></span> 
     </span>
     <span class='ocr_line' id='line_1_28' title="bbox 217 2429 1189 2517; baseline 0.006 -25"><span class='ocrx_word' id='word_1_187' title='bbox 217 2429 387 2512; x_wconf 88' lang='lat' dir='ltr'><strong>imperium</strong></span> <span class='ocrx_word' id='word_1_188' title='bbox 409 2433 578 2515; x_wconf 87' lang='lat' dir='ltr'><strong>sustinuit,</strong></span> <span class='ocrx_word' id='word_1_189' title='bbox 601 2454 697 2516; x_wconf 90' lang='lat' dir='ltr'><strong>quam</strong></span> <span class='ocrx_word' id='word_1_190' title='bbox 720 2433 774 2497; x_wconf 86' lang='lat' dir='ltr'><strong>diu</strong></span> <span class='ocrx_word' id='word_1_191' title='bbox 796 2432 916 2496; x_wconf 91' lang='lat' dir='ltr'><strong>bellum</strong></span> <span class='ocrx_word' id='word_1_192' title='bbox 938 2433 977 2498; x_wconf 90' lang='lat' dir='ltr'><strong>de</strong></span> <span class='ocrx_word' id='word_1_193' title='bbox 993 2433 1090 2517; x_wconf 81' lang='lat' dir='ltr'><strong>Sigeo</strong></span> <span class='ocrx_word' id='word_1_194' title='bbox 1113 2454 1189 2498; x_wconf 88' lang='lat' dir='ltr'><strong>cum</strong></span> 
     </span>
     <span class='ocr_line' id='line_1_29' title="bbox 216 2515 1188 2601; baseline 0.007 -24"><span class='ocrx_word' id='word_1_195' title='bbox 216 2515 470 2580; x_wconf 84' lang='lat' dir='ltr'><strong>Atheniensibus</strong></span> <span class='ocrx_word' id='word_1_196' title='bbox 492 2518 669 2601; x_wconf 84' lang='lat' dir='ltr'><strong>gerendum</strong></span> <span class='ocrx_word' id='word_1_197' title='bbox 690 2517 763 2584; x_wconf 83' lang='lat' dir='ltr'><strong>fuit.</strong></span> <span class='ocrx_word' id='word_1_198' title='bbox 800 2521 970 2601; x_wconf 85' lang='lat' dir='ltr'><strong>postquam</strong></span> <span class='ocrx_word' id='word_1_199' title='bbox 991 2525 1099 2582; x_wconf 87' lang='lat' dir='ltr'><strong>autem</strong></span> <span class='ocrx_word' id='word_1_200' title='bbox 1122 2541 1188 2601; x_wconf 85' lang='lat' dir='ltr'><strong>pax</strong></span> 
     </span>
     <span class='ocr_line' id='line_1_30' title="bbox 216 2599 1187 2684; baseline 0.006 -22"><span class='ocrx_word' id='word_1_201' title='bbox 216 2599 351 2663; x_wconf 86' lang='lat' dir='ltr'><strong>uictoria</strong></span> <span class='ocrx_word' id='word_1_202' title='bbox 378 2603 473 2682; x_wconf 85' lang='lat' dir='ltr'><strong>parta</strong></span> <span class='ocrx_word' id='word_1_203' title='bbox 501 2605 565 2680; x_wconf 91' lang='lat' dir='ltr'><strong>est,</strong></span> <span class='ocrx_word' id='word_1_204' title='bbox 600 2603 753 2666; x_wconf 89' lang='lat' dir='ltr'><strong>continuo</strong></span> <span class='ocrx_word' id='word_1_205' title='bbox 780 2601 1029 2666; x_wconf 85' lang='lat' dir='ltr'><strong>reclamantibus</strong></span> <span class='ocrx_word' id='word_1_206' title='bbox 1057 2601 1187 2684; x_wconf 85' lang='lat' dir='ltr'><strong>Mityle·</strong></span> 
     </span>
     <span class='ocr_line' id='line_1_31' title="bbox 215 2683 1188 2770; baseline 0.006 -24"><span class='ocrx_word' id='word_1_207' title='bbox 215 2683 305 2748; x_wconf 87' lang='lat' dir='ltr'><strong>naeis</strong></span> <span class='ocrx_word' id='word_1_208' title='bbox 334 2683 495 2768; x_wconf 84' lang='lat' dir='ltr'><strong>deposuit,</strong></span> <span class='ocrx_word' id='word_1_209' title='bbox 527 2707 569 2749; x_wconf 90' lang='lat' dir='ltr'><strong>ne</strong></span> <span class='ocrx_word' id='word_1_210' title='bbox 598 2685 747 2752; x_wconf 88' lang='lat' dir='ltr'><strong>dominus</strong></span> <span class='ocrx_word' id='word_1_211' title='bbox 770 2686 889 2750; x_wconf 87' lang='lat' dir='ltr'><strong>ciuium</strong></span> <span class='ocrx_word' id='word_1_212' title='bbox 911 2687 998 2750; x_wconf 88' lang='lat' dir='ltr'><strong>ultra</strong></span> <span class='ocrx_word' id='word_1_213' title='bbox 1021 2707 1117 2770; x_wconf 91' lang='lat' dir='ltr'><strong>quam</strong></span> <span class='ocrx_word' id='word_1_214' title='bbox 1138 2688 1188 2752; x_wconf 86' lang='lat' dir='ltr'><strong>rei</strong></span> 
     </span>
    </p>

    <p class='ocr_par' dir='ltr' id='par_1_11' title="bbox 177 2768 1188 2939">
     <span class='ocr_line' id='line_1_32' title="bbox 177 2768 1188 2868; baseline 0.005 -37"><span class='ocrx_word' id='word_1_215' title='bbox 177 2781 204 2824; x_wconf 79' lang='lat'><strong>³⁰</strong></span> <span class='ocrx_word' id='word_1_216' title='bbox 217 2768 364 2851; x_wconf 90' lang='lat' dir='ltr'><strong>publicae</strong></span> <span class='ocrx_word' id='word_1_217' title='bbox 379 2771 555 2833; x_wconf 82' lang='lat' dir='ltr'><strong>necessitas</strong></span> <span class='ocrx_word' id='word_1_218' title='bbox 570 2775 722 2868; x_wconf 82' lang='lat' dir='ltr'><strong>exegerat</strong></span> <span class='ocrx_word' id='word_1_219' title='bbox 736 2776 947 2854; x_wconf 86' lang='lat' dir='ltr'><strong>permaneret.</strong></span> <span class='ocrx_word' id='word_1_220' title='bbox 975 2775 1071 2854; x_wconf 88' lang='lat' dir='ltr'><strong>atque</strong></span> <span class='ocrx_word' id='word_1_221' title='bbox 1087 2771 1188 2836; x_wconf 88' lang='lat' dir='ltr'><strong>etiam</strong></span> 
     </span>
     <span class='ocr_line' id='line_1_33' title="bbox 216 2855 1187 2939; baseline 0.004 -22"><span class='ocrx_word' id='word_1_222' title='bbox 216 2874 289 2917; x_wconf 91' lang='lat' dir='ltr'><strong>cum</strong></span> <span class='ocrx_word' id='word_1_223' title='bbox 311 2855 491 2937; x_wconf 86' lang='lat' dir='ltr'><strong>recuperati</strong></span> <span class='ocrx_word' id='word_1_224' title='bbox 514 2855 586 2939; x_wconf 83' lang='lat' dir='ltr'><strong>agri</strong></span> <span class='ocrx_word' id='word_1_225' title='bbox 607 2855 740 2919; x_wconf 77' lang='lat' dir='ltr'><strong>dimidia</strong></span> <span class='ocrx_word' id='word_1_226' title='bbox 761 2877 835 2939; x_wconf 89' lang='lat' dir='ltr'><strong>pars</strong></span> <span class='ocrx_word' id='word_1_227' title='bbox 858 2875 1018 2920; x_wconf 87' lang='lat' dir='ltr'><strong>consensu</strong></span> <span class='ocrx_word' id='word_1_228' title='bbox 1041 2855 1187 2921; x_wconf 91' lang='lat' dir='ltr'><strong>omnium</strong></span> 
     </span>
    </p>
   </div>
   <div class='ocr_carea' id='block_1_4' title="bbox 213 3005 1189 3610">
    <p class='ocr_par' dir='ltr' id='par_1_12' title="bbox 213 3005 1189 3610">
     <span class='ocr_line' id='line_1_34' title="bbox 284 3005 1186 3078; baseline 0.002 -20"><span class='ocrx_word' id='word_1_229' title='bbox 284 3009 300 3058; x_wconf 74' lang='grc' dir='ltr'><strong><em>ὁ</em></strong></span> <span class='ocrx_word' id='word_1_230' title='bbox 318 3020 348 3058; x_wconf 87' lang='lat' dir='ltr'><strong>sa</strong></span> <span class='ocrx_word' id='word_1_231' title='bbox 372 3019 424 3058; x_wconf 86' lang='lat' dir='ltr'><strong>om.</strong></span> <span class='ocrx_word' id='word_1_232' title='bbox 442 3006 470 3057; x_wconf 91' lang='lat' dir='ltr'><strong><em>A</em></strong></span> <span class='ocrx_word' id='word_1_233' title='bbox 488 3010 514 3060; x_wconf 83' lang='lat' dir='ltr'><strong>et</strong></span> <span class='ocrx_word' id='word_1_234' title='bbox 530 3005 606 3068; x_wconf 68' lang='lat' dir='ltr'><strong>deu,</strong></span> <span class='ocrx_word' id='word_1_235' title='bbox 631 3007 720 3072; x_wconf 80' lang='lat' dir='ltr'><strong>possis</strong></span> <span class='ocrx_word' id='word_1_236' title='bbox 737 3007 822 3060; x_wconf 67' lang='lat' dir='ltr'><strong>aiom</strong></span> <span class='ocrx_word' id='word_1_237' title='bbox 838 3009 905 3060; x_wconf 72' lang='lat' dir='ltr'><strong>onte</strong></span> <span class='ocrx_word' id='word_1_238' title='bbox 921 3007 1012 3076; x_wconf 86' lang='lat' dir='ltr'><strong>gessit</strong></span> <span class='ocrx_word' id='word_1_239' title='bbox 1028 3007 1186 3078; x_wconf 70' lang='lat' dir='ltr'><strong>suppleret!</strong></span> 
     </span>
     <span class='ocr_line' id='line_1_35' title="bbox 216 3071 1188 3142; baseline 0.005 -18"><span class='ocrx_word' id='word_1_240' title='bbox 216 3077 250 3126; x_wconf 87' lang='grc'><strong>10</strong></span> <span class='ocrx_word' id='word_1_241' title='bbox 267 3071 306 3126; x_wconf 85' lang='lat' dir='ltr'><strong>ad</strong></span> <span class='ocrx_word' id='word_1_242' title='bbox 324 3072 469 3126; x_wconf 89' lang='lat' dir='ltr'><strong>dominnm</strong></span> <span class='ocrx_word' id='word_1_243' title='bbox 479 3073 550 3126; x_wconf 84' lang='lat' dir='ltr'><strong>Par.</strong></span> <span class='ocrx_word' id='word_1_244' title='bbox 563 3075 573 3142; x_wconf 74' lang='lat' dir='ltr'><strong>l</strong></span> <span class='ocrx_word' id='word_1_245' title='bbox 587 3079 619 3126; x_wconf 78' lang='lat'><strong>14</strong></span> <span class='ocrx_word' id='word_1_246' title='bbox 638 3074 695 3126; x_wconf 88' lang='lat' dir='ltr'><strong>lam</strong></span> <span class='ocrx_word' id='word_1_247' title='bbox 713 3073 741 3126; x_wconf 95' lang='lat' dir='ltr'><strong><em>L</em></strong></span> <span class='ocrx_word' id='word_1_248' title='bbox 758 3079 784 3128; x_wconf 79' lang='lat' dir='ltr'><strong>et</strong></span> <span class='ocrx_word' id='word_1_249' title='bbox 800 3075 849 3139; x_wconf 72' lang='lat' dir='ltr'><strong>sic,</strong></span> <span class='ocrx_word' id='word_1_250' title='bbox 867 3089 926 3128; x_wconf 75' lang='lat' dir='ltr'><strong>oon</strong></span> <span class='ocrx_word' id='word_1_251' title='bbox 937 3090 971 3129; x_wconf 77' lang='lat' dir='ltr'><strong>ec</strong></span> <span class='ocrx_word' id='word_1_252' title='bbox 983 3089 1052 3129; x_wconf 81' lang='lat' dir='ltr'><strong>corr.</strong></span> <span class='ocrx_word' id='word_1_253' title='bbox 1063 3075 1100 3141; x_wconf 89' lang='lat' dir='ltr'><strong>A,</strong></span> <span class='ocrx_word' id='word_1_254' title='bbox 1118 3091 1188 3128; x_wconf 89' lang='lat' dir='ltr'><strong>nam</strong></span> 
     </span>
     <span class='ocr_line' id='line_1_36' title="bbox 218 3138 1188 3260; baseline 0.004 -68"><span class='ocrx_word' id='word_1_255' title='bbox 218 3138 442 3260; x_wconf 37' lang='lat' dir='ltr'><strong>OHolmptam</strong></span> <span class='ocrx_word' id='word_1_256' title='bbox 460 3156 489 3194; x_wconf 86' lang='lat' dir='ltr'><strong>se</strong></span> <span class='ocrx_word' id='word_1_257' title='bbox 509 3140 612 3196; x_wconf 71' lang='lat' dir='ltr'><strong>Gertz·</strong></span> <span class='ocrx_word' id='word_1_258' title='bbox 624 3141 634 3208; x_wconf 81' lang='grc' dir='ltr'><strong>ΙΙ</strong></span> <span class='ocrx_word' id='word_1_259' title='bbox 648 3145 680 3193; x_wconf 88' lang='grc'><strong>18</strong></span> <span class='ocrx_word' id='word_1_260' title='bbox 697 3140 754 3194; x_wconf 89' lang='lat' dir='ltr'><strong>fide</strong></span> <span class='ocrx_word' id='word_1_261' title='bbox 773 3157 803 3196; x_wconf 88' lang='lat' dir='ltr'><strong>se</strong></span> <span class='ocrx_word' id='word_1_262' title='bbox 822 3141 891 3196; x_wconf 89' lang='lat' dir='ltr'><strong>dicti</strong></span> <span class='ocrx_word' id='word_1_263' title='bbox 908 3143 946 3194; x_wconf 88' lang='lat' dir='ltr'><strong>A¹</strong></span> <span class='ocrx_word' id='word_1_264' title='bbox 964 3144 974 3209; x_wconf 76' lang='lat' dir='ltr'><strong>l</strong></span> <span class='ocrx_word' id='word_1_265' title='bbox 992 3148 1024 3196; x_wconf 81' lang='grc'><strong>19</strong></span> <span class='ocrx_word' id='word_1_266' title='bbox 1042 3143 1188 3196; x_wconf 84' lang='lat' dir='ltr'><strong>constaret</strong></span> 
     </span>
     <span class='ocr_line' id='line_1_37' title="bbox 213 3207 1189 3277; baseline 0.004 -17"><span class='ocrx_word' id='word_1_267' title='bbox 213 3208 234 3260; x_wconf 82' lang='lat'><strong><em>2</em></strong></span> <span class='ocrx_word' id='word_1_268' title='bbox 250 3207 330 3262; x_wconf 80' lang='lat' dir='ltr'><strong>codd.</strong></span> <span class='ocrx_word' id='word_1_269' title='bbox 375 3209 489 3272; x_wconf 66' lang='lat' dir='ltr'><strong>crrenti,</strong></span> <span class='ocrx_word' id='word_1_270' title='bbox 505 3209 580 3276; x_wconf 77' lang='lat' dir='ltr'><strong>quod</strong></span> <span class='ocrx_word' id='word_1_271' title='bbox 595 3208 694 3274; x_wconf 80' lang='lat' dir='ltr'><strong>recepi.</strong></span> <span class='ocrx_word' id='word_1_272' title='bbox 716 3208 752 3274; x_wconf 77' lang='lat' dir='ltr'><strong>cs.</strong></span> <span class='ocrx_word' id='word_1_273' title='bbox 774 3209 820 3262; x_wconf 89' lang='lat' dir='ltr'><strong>VI</strong></span> <span class='ocrx_word' id='word_1_274' title='bbox 832 3213 858 3275; x_wconf 80' lang='lat'><strong>7,</strong></span> <span class='ocrx_word' id='word_1_275' title='bbox 870 3213 902 3274; x_wconf 88' lang='lat'><strong>3;</strong></span> <span class='ocrx_word' id='word_1_276' title='bbox 919 3209 961 3262; x_wconf 94' lang='grc' dir='ltr'><strong>ΙΙ</strong></span> <span class='ocrx_word' id='word_1_277' title='bbox 973 3211 1054 3277; x_wconf 75' lang='lat' dir='ltr'><strong>9io,</strong></span> <span class='ocrx_word' id='word_1_278' title='bbox 1074 3211 1189 3264; x_wconf 86' lang='lat' dir='ltr'><strong>extaret</strong></span> 
     </span>
     <span class='ocr_line' id='line_1_38' title="bbox 214 3273 1188 3346; baseline 0.005 -20"><span class='ocrx_word' id='word_1_279' title='bbox 214 3273 276 3327; x_wconf 87' lang='lat' dir='ltr'><strong>LA</strong></span> <span class='ocrx_word' id='word_1_280' title='bbox 292 3274 363 3328; x_wconf 86' lang='lat' dir='ltr'><strong>Por.</strong></span> <span class='ocrx_word' id='word_1_281' title='bbox 374 3275 462 3329; x_wconf 82' lang='lat' dir='ltr'><strong>Halm</strong></span> <span class='ocrx_word' id='word_1_282' title='bbox 474 3277 484 3343; x_wconf 84' lang='lat' dir='ltr'><strong>i</strong></span> <span class='ocrx_word' id='word_1_283' title='bbox 498 3276 518 3328; x_wconf 90' lang='lat' dir='ltr'><strong>l.</strong></span> <span class='ocrx_word' id='word_1_284' title='bbox 529 3277 559 3330; x_wconf 89' lang='lat' dir='ltr'><strong>P.</strong></span> <span class='ocrx_word' id='word_1_285' title='bbox 578 3275 763 3344; x_wconf 84' lang='lat' dir='ltr'><strong>praecipitari</strong></span> <span class='ocrx_word' id='word_1_286' title='bbox 780 3293 846 3331; x_wconf 86' lang='lat' dir='ltr'><strong>enm</strong></span> <span class='ocrx_word' id='word_1_287' title='bbox 863 3293 885 3330; x_wconf 84' lang='lat' dir='ltr'><strong>a.</strong></span> <span class='ocrx_word' id='word_1_288' title='bbox 896 3279 918 3330; x_wconf 86' lang='lat' dir='ltr'><strong>t.</strong></span> <span class='ocrx_word' id='word_1_289' title='bbox 935 3276 1085 3346; x_wconf 90' lang='lat' dir='ltr'><strong>pilleatum</strong></span> <span class='ocrx_word' id='word_1_290' title='bbox 1103 3279 1188 3332; x_wconf 88' lang='lat' dir='ltr'><strong>iussit</strong></span> 
     </span>
     <span class='ocr_line' id='line_1_39' title="bbox 214 3343 1188 3412; baseline 0.004 -18"><span class='ocrx_word' id='word_1_291' title='bbox 214 3357 276 3394; x_wconf 80' lang='lat' dir='ltr'><strong>mor</strong></span> <span class='ocrx_word' id='word_1_292' title='bbox 293 3355 308 3394; x_wconf 94' lang='lat' dir='ltr'><strong>o</strong></span> <span class='ocrx_word' id='word_1_293' title='bbox 325 3343 353 3395; x_wconf 93' lang='lat' dir='ltr'><strong><em>A</em></strong></span> <span class='ocrx_word' id='word_1_294' title='bbox 371 3358 385 3396; x_wconf 85' lang='lat' dir='ltr'><strong>e</strong></span> <span class='ocrx_word' id='word_1_295' title='bbox 402 3345 472 3398; x_wconf 82' lang='lat' dir='ltr'><strong>Por.</strong></span> <span class='ocrx_word' id='word_1_296' title='bbox 490 3345 500 3410; x_wconf 78' lang='lat' dir='ltr'>n</span> <span class='ocrx_word' id='word_1_297' title='bbox 518 3360 533 3397; x_wconf 88' lang='lat' dir='ltr'><strong>e</strong></span> <span class='ocrx_word' id='word_1_298' title='bbox 552 3358 619 3396; x_wconf 87' lang='lat' dir='ltr'><strong>saxo</strong></span> <span class='ocrx_word' id='word_1_299' title='bbox 638 3343 676 3396; x_wconf 80' lang='lat' dir='ltr'><strong>L³</strong></span> <span class='ocrx_word' id='word_1_300' title='bbox 688 3345 698 3410; x_wconf 84' lang='grc' dir='ltr'><strong>ΙΙ</strong></span> <span class='ocrx_word' id='word_1_301' title='bbox 717 3349 751 3396; x_wconf 91' lang='grc'><strong>22</strong></span> <span class='ocrx_word' id='word_1_302' title='bbox 768 3360 803 3397; x_wconf 85' lang='lat' dir='ltr'><strong>ne</strong></span> <span class='ocrx_word' id='word_1_303' title='bbox 822 3359 873 3403; x_wconf 78' lang='lat' dir='ltr'><strong>orn.</strong></span> <span class='ocrx_word' id='word_1_304' title='bbox 890 3345 929 3398; x_wconf 81' lang='lat' dir='ltr'><strong>A¹</strong></span> <span class='ocrx_word' id='word_1_305' title='bbox 942 3347 952 3411; x_wconf 80' lang='grc' dir='ltr'><strong>ΙΙ</strong></span> <span class='ocrx_word' id='word_1_306' title='bbox 964 3351 997 3398; x_wconf 83' lang='grc'><strong>23</strong></span> <span class='ocrx_word' id='word_1_307' title='bbox 1015 3344 1188 3412; x_wconf 79' lang='lat' dir='ltr'><strong>mityleneus</strong></span> 
     </span>
     <span class='ocr_line' id='line_1_40' title="bbox 215 3407 1186 3482; baseline 0.005 -21"><span class='ocrx_word' id='word_1_308' title='bbox 215 3407 242 3482; x_wconf 83' lang='lat' dir='ltr'><strong><em>L</em></strong></span> <span class='ocrx_word' id='word_1_309' title='bbox 287 3425 340 3468; x_wconf 84' lang='lat' dir='ltr'><strong>or..</strong></span> <span class='ocrx_word' id='word_1_310' title='bbox 358 3410 449 3476; x_wconf 87' lang='lat' dir='ltr'><strong>mytil.</strong></span> <span class='ocrx_word' id='word_1_311' title='bbox 468 3410 601 3466; x_wconf 83' lang='lat' dir='ltr'><strong>A·Holm</strong></span> <span class='ocrx_word' id='word_1_312' title='bbox 612 3412 622 3478; x_wconf 84' lang='grc' dir='ltr'><strong>ΙΙ</strong></span> <span class='ocrx_word' id='word_1_313' title='bbox 635 3417 669 3464; x_wconf 85' lang='grc'><strong>25</strong></span> <span class='ocrx_word' id='word_1_314' title='bbox 687 3410 715 3464; x_wconf 89' lang='lat' dir='ltr'><strong>ei</strong></span> <span class='ocrx_word' id='word_1_315' title='bbox 731 3412 788 3464; x_wconf 85' lang='lat' dir='ltr'><strong>suis</strong></span> <span class='ocrx_word' id='word_1_316' title='bbox 805 3427 856 3466; x_wconf 74' lang='lat' dir='ltr'><strong>nos</strong></span> <span class='ocrx_word' id='word_1_317' title='bbox 873 3417 899 3466; x_wconf 79' lang='lat' dir='ltr'><strong>et</strong></span> <span class='ocrx_word' id='word_1_318' title='bbox 918 3411 1032 3470; x_wconf 53' lang='lat' dir='ltr'><strong>senza</strong></span> <span class='ocrx_word' id='word_1_319' title='bbox 1050 3412 1086 3478; x_wconf 82' lang='lat' dir='ltr'><strong>cf.</strong></span> <span class='ocrx_word' id='word_1_320' title='bbox 1105 3413 1186 3477; x_wconf 68' lang='lat' dir='ltr'><strong>Por,</strong></span> 
     </span>
     <span class='ocr_line' id='line_1_41' title="bbox 215 3475 1187 3548; baseline 0.012 -24"><span class='ocrx_word' id='word_1_321' title='bbox 215 3487 255 3547; x_wconf 69' lang='lat' dir='ltr'><strong>eis</strong></span> <span class='ocrx_word' id='word_1_322' title='bbox 272 3475 352 3539; x_wconf 93' lang='lat' dir='ltr'><strong>LA¹,</strong></span> <span class='ocrx_word' id='word_1_323' title='bbox 377 3476 436 3529; x_wconf 87' lang='lat' dir='ltr'><strong>eius</strong></span> <span class='ocrx_word' id='word_1_324' title='bbox 453 3478 492 3529; x_wconf 80' lang='lat' dir='ltr'><strong>A²</strong></span> <span class='ocrx_word' id='word_1_325' title='bbox 513 3478 523 3544; x_wconf 82' lang='grc' dir='ltr'><strong>ΙΙ</strong></span> <span class='ocrx_word' id='word_1_326' title='bbox 544 3484 577 3532; x_wconf 82' lang='grc'><strong>26</strong></span> <span class='ocrx_word' id='word_1_327' title='bbox 595 3477 691 3544; x_wconf 80' lang='lat' dir='ltr'><strong>sigaeo</strong></span> <span class='ocrx_word' id='word_1_328' title='bbox 709 3477 768 3530; x_wconf 90' lang='lat' dir='ltr'><strong>LA</strong></span> <span class='ocrx_word' id='word_1_329' title='bbox 785 3480 795 3547; x_wconf 74' lang='lat' dir='ltr'><strong>l</strong></span> <span class='ocrx_word' id='word_1_330' title='bbox 813 3485 846 3534; x_wconf 89' lang='grc'><strong>28</strong></span> <span class='ocrx_word' id='word_1_331' title='bbox 864 3479 1035 3547; x_wconf 80' lang='lat' dir='ltr'><strong>mytyleneis</strong></span> <span class='ocrx_word' id='word_1_332' title='bbox 1053 3480 1113 3534; x_wconf 89' lang='lat' dir='ltr'><strong>LA</strong></span> <span class='ocrx_word' id='word_1_333' title='bbox 1125 3481 1135 3548; x_wconf 82' lang='grc' dir='ltr'><strong>ΙΙ</strong></span> <span class='ocrx_word' id='word_1_334' title='bbox 1152 3486 1187 3536; x_wconf 79' lang='grc'><strong>29</strong></span> 
     </span>
     <span class='ocr_line' id='line_1_42' title="bbox 215 3540 639 3610; baseline 0.019 -20"><span class='ocrx_word' id='word_1_335' title='bbox 215 3540 337 3591; x_wconf 80' lang='lat' dir='ltr'><strong>ciumA¹</strong></span> <span class='ocrx_word' id='word_1_336' title='bbox 350 3541 405 3607; x_wconf 79' lang='lat'>[131</span> <span class='ocrx_word' id='word_1_337' title='bbox 423 3545 585 3610; x_wconf 86' lang='lat' dir='ltr'><strong>recuperari</strong></span> <span class='ocrx_word' id='word_1_338' title='bbox 601 3546 639 3597; x_wconf 82' lang='lat' dir='ltr'><strong>A¹</strong></span> 
     </span>
    </p>
   </div>
   <div class='ocr_carea' id='block_1_5' title="bbox 0 0 1308 3952">
    <p class='ocr_par' dir='ltr' id='par_1_13' title="bbox 0 0 1308 3952">
     <span class='ocr_line' id='line_1_43' title="bbox 0 0 1308 3952; baseline 0 0"><span class='ocrx_word' id='word_1_339' title='bbox 0 0 1308 3952; x_wconf 95' lang='lat' dir='ltr'><strong> </strong></span> 
     </span>
    </p>
   </div>
  </div>
 </body>
</html>
