2608 3952
383 80 460 140 CAP.
479 81 534 149 111,
553 81 617 137 uxr.
635 90 649 150 s
667 89 692 140 a.
722 84 790 151 1111,
810 89 861 148 §t
1045 87 1108 154 243

132 236 195 301 tibi
218 236 324 301 aliena
345 235 429 299 mala
449 236 513 300 tuis
535 236 627 300 bonis
642 236 785 322 gratiora
799 243 885 302 sunt.
914 239 984 324 lege
1000 241 1107 324 itaque

133 321 256 406 legem,
279 341 359 404 quae
379 324 412 384 te
426 320 496 384 iure
511 321 646 385 iurando
662 322 848 386 obstrictam
864 327 969 402 tenet,
987 329 1020 390 et
1033 325 1107 408 quia

133 405 364 470 benemeritis
387 404 494 469 debita
514 404 646 470 reddere
669 406 810 490 praemia
831 408 981 492 noluisti,
1012 410 1106 474 laesis

131 492 219 554 iusta
240 490 367 573 piacula
382 489 534 554 exsolue’.
557 494 668 555 tacent
681 495 789 556 mutae
812 491 942 556 illorum
963 495 1105 578 umbrae,

131 575 194 639 fati
215 575 405 638 necessitate
421 575 629 640 constrictae:
654 580 704 658 at,
728 577 921 642 inmemores
937 578 1134 649 beneficio-s

132 681 204 724 rum
221 657 385 738 Athenae,
409 660 668 742 reprehensionis
691 661 803 745 lingua
827 683 971 726 sermone
993 663 1106 727 licenti

135 745 240 808 soluta
261 765 327 807 non
348 747 443 808 tecet.

196 844 272 909 IIII.
310 844 372 909 Sed
401 845 587 909 omittamus
609 845 754 931 ingratos
783 850 815 910 et
843 847 950 930 potius
979 847 1018 912 de
1042 848 1105 931 piis

132 929 317 1013 loquamur:
341 929 505 1012 aliquanto
528 932 612 993 enim
636 931 736 994 satius
759 934 807 995 est
822 931 992 996 fauorabili
1009 954 1105 1016 quam

134 1015 259 1079 inuisae
282 1014 328 1078 rei
350 1035 474 1078 uacare.
519 1015 628 1078 uenite
651 1015 750 1100 igitur
771 1017 806 1079 in
829 1021 1142 1100 manusnostras,1e

130 1120 286 1182 prospere
311 1099 494 1182 parentium
516 1105 607 1182 uota,
637 1099 786 1165 felicibus
812 1101 964 1185 auspiciis
990 1123 1105 1186 propa·

131 1187 227 1269 gatae
249 1182 393 1265 suboles,
422 1204 502 1267 quae
525 1183 653 1248 efficitis
675 1189 713 1248 ut
735 1189 767 1249 et
788 1187 938 1269 genuisse
960 1186 1050 1251 iuuet
1073 1190 1105 1252 et

130 1289 285 1353 generare
308 1268 417 1333 libeat.

131 1453 192 1521 nn
215 1453 405 1518 arnonus
428 1453 549 1519 neca
575 1452 803 1519 prensens
825 1454 882 1519 nu
904 1455 1103 1522 seruans

474 1537 530 1602 nn
553 1537 763 1603 arcemn.
1115 1577 1140 1617 1,

198 1660 226 1720 1.
257 1655 446 1721 Coriolanus
466 1657 599 1720 maximi
620 1657 670 1720 uir
692 1657 791 1721 animi
814 1660 846 1720 et
866 1657 1014 1721 altissimi
1029 1679 1103 1722 con-

131 1741 196 1806 silii
224 1740 406 1824 optimeque
436 1742 476 1805 de
505 1762 539 1804 re
566 1741 694 1824 publica
722 1742 854 1806 meritus
881 1741 1101 1824 iniquissimae

130 1825 347 1891 damnationis
362 1826 456 1890 ruina
470 1830 651 1909 prostratus
666 1827 706 1889 ad
721 1825 858 1891 Volscos
873 1827 1007 1890 infestos
1023 1829 1102 1892 tuno

130 1909 289 1975 Romanis
313 1910 467 1994 confugit.
491 1931 609 1995 magno
632 1911 749 1995 ubique
771 1911 875 1994 pretio
890 1912 994 1976 uirtus
1010 1913 1102 1976 aesti-

132 1999 248 2059 matur.
286 1995 411 2078 itaque,
435 2016 498 2078 quo
521 1995 660 2060 latebras
683 1996 862 2079 quaesitum
885 2000 1031 2074 uenerat,
1054 1997 1100 2061 ibi
1115 2017 1140 2057 sc

132 2081 224 2144 breui
247 2101 404 2143 summum
428 2083 478 2144 est
499 2080 633 2164 adeptus
655 2081 839 2163 imperium,
869 2081 1039 2164 euenitque
1068 2087 1104 2146 ut

130 2186 225 2250 quem
252 2185 311 2248 pro
340 2185 374 2228 se
402 2163 575 2228 salutarem
607 2165 834 2249 imperatorem
868 2167 953 2230 ciues
985 2165 1103 2232 habere

130 2250 318 2332 noluerant,
341 2270 444 2332 paene
465 2249 654 2332 pestiferum
677 2251 832 2314 aduersus
855 2272 889 2314 se
917 2251 1029 2316 ducem
1052 2273 1103 2315 ex-

131 2335 331 2418 perirentur:
354 2334 540 2417 frequenter
563 2335 648 2398 enim
670 2335 751 2398 fusis
767 2335 958 2400 exercitibus
984 2337 1101 2399 nostris

131 2420 338 2483 uictoriarum
367 2439 495 2482 suarum
521 2418 676 2502 gradibus
703 2418 825 2484 aditum
857 2420 948 2485 iuxta
974 2422 1102 2484 moenia
1114 2438 1140 2478 aa
1254 2481 1255 2484 ,

131 2503 220 2567 urbis
240 2502 353 2568 Volsco
369 2503 465 2568 militi
480 2504 605 2569 struxit.
631 2506 825 2587 quapropter
839 2504 1026 2569 fastidiosus
1046 2505 1101 2568 ille

130 2589 165 2652 in
188 2588 396 2652 aestimandis
421 2589 514 2652 bonis
536 2588 602 2652 suis
624 2588 779 2672 populns,
807 2590 863 2672 qui
884 2610 938 2652 reo
960 2611 1026 2652 non
1050 2611 1100 2672 pe·

129 2677 286 2757 parceret,
311 2673 398 2736 exuli
422 2676 551 2738 coactus
574 2675 624 2736 est
639 2673 832 2757 supplicare.
862 2673 951 2737 missi
971 2675 1012 2737 ad
1027 2695 1099 2736 eum

196 2863 211 2910 2
230 2857 395 2912 obstrictam
416 2859 445 2924 (a
462 2862 543 2922 corn)
562 2857 601 2924 L,
621 2857 805 2912 *obstrictum
825 2857 864 2910 Δί
886 2859 896 2925 ΙΙ
913 2863 929 2910 4
948 2857 1100 2911 exsolues*

127 2929 207 2996 (ann.
226 2942 238 2976 s
256 2926 288 2978 in
305 2927 372 2992 ras.)
390 2925 429 2991 L,
448 2925 580 2979 exsolue*
602 2926 624 2994 (t
642 2941 711 2980 eras.
725 2926 797 2990 uid.)
811 2925 839 2978 A
874 2929 890 2978 6
908 2924 1099 2993 rephensionis

124 2994 185 3052 cod.
204 2992 362 3059 Perizonii,
381 2993 454 3071 quod
467 2992 703 3059 praenoscente
714 3008 747 3071 p.
759 2995 802 3060 33,
852 2993 916 3047 aller
933 2993 950 3047 l.
964 3008 994 3058 a,
1016 2991 1099 3046 Gertz

121 3078 152 3131 p.
171 3063 239 3128 282,
259 3059 535 3128 rephensionem,
558 3061 806 3130 reprehensronem
823 3060 911 3114 Halm
935 3061 945 3129 ll
969 3066 984 3115 7
1002 3062 1099 3114 tacent

125 3134 163 3252 pt
180 3145 200 3184 s.
220 3129 239 3187 l.
258 3130 278 3182 fl
297 3131 404 3194 carent)
422 3129 462 3182 Αι
485 3131 495 3199 ΙΙ
519 3135 534 3185 9
552 3128 705 3182 fauorabili
726 3144 812 3195 quarn
836 3128 960 3196 (priori
981 3128 1013 3180 in
1030 3130 1097 3196 ros.)

159 3239 166 3263 ,
185 3197 267 3252 fauor
285 3199 320 3251 ab
339 3197 432 3265 aliqua
449 3199 486 3250 A¹
501 3199 511 3266 ΙΙ
524 3204 555 3251 11
574 3199 749 3266 parentsum
767 3196 789 3266 (i
807 3196 888 3262 cras.)
907 3195 1000 3264 Lu12
1019 3195 1097 3249 effi*-

125 3266 188 3319 citis
201 3265 228 3318 L
240 3266 250 3334 11
265 3271 296 3319 14
315 3271 340 3320 et
358 3270 390 3319 15
407 3265 453 3318 ET
472 3266 512 3320 bis
529 3281 580 3320 om.
592 3266 662 3319 Par.
676 3266 686 3332 ΙΙ
699 3269 731 3318 18
750 3264 845 3317 uoleos
864 3263 945 3317 L¹A²
959 3266 968 3331 l
983 3270 1013 3317 19
1033 3279 1097 3317 oon-

124 3333 180 3387 fuit
196 3333 303 3402 1111120
321 3346 397 3402 quc*
416 3333 445 3398 (d
464 3349 531 3389 eras.
550 3333 621 3401 nid.)
640 3332 699 3386 LA
717 3333 727 3400 ΙΙ
744 3338 774 3385 21
795 3331 992 3386 breuissimum
1010 3331 1070 3384 LA
1082 3333 1092 3400 ΙΙ

124 3408 158 3455 24
176 3402 342 3456 exertitibus
360 3401 398 3454 L¹
422 3403 432 3471 ΙΙ
456 3407 489 3456 26
507 3400 597 3455 sruxit
615 3400 693 3453 L¹A¹
716 3401 726 3468 ΙΙ
748 3405 779 3454 27
798 3398 864 3468 suis]
885 3399 954 3454 uiris
975 3399 1097 3468 Weasuy

124 3472 195 3524 1884
207 3486 239 3537 p.
252 3473 317 3538 786,
338 3469 412 3538 quod
429 3486 526 3524 nerum
544 3469 605 3523 uid.

887 3553 944 3607 16*
