2562 3950
261 197 330 274 LlB.
350 197 415 254 llll.
443 196 566 265 CAP.4,
586 203 626 251 11.
663 195 879 264 oAP.e,1-e.
983 197 1045 263 517

54 357 201 416 senatus
223 357 256 414 in
278 358 405 432 utraque
426 374 459 415 re
482 355 585 414 statim
607 355 670 432 egit
692 353 787 430 patris
808 357 908 430 partes
931 373 1046 414 summa

29 467 31 476 ν
53 441 149 499 dctis
176 459 214 500 ex
236 441 350 500 aerario
373 442 496 517 erogata
504 440 661 514 puellaque
676 444 803 514 nuptum
817 440 896 499 dcta
912 472 954 482 -
970 440 1046 500 Tuc-

29 527 108 584 ·cia
127 523 277 585 Caesonis
298 523 360 583 filia
381 524 541 583 maximam
563 524 664 584 dotem
686 523 799 583 credita
819 526 866 583 est
887 524 925 583 ad
946 524 1045 584 uirum

51 611 83 670 'x'
104 610 193 668 aeris
215 609 329 682 tulisse,
353 612 383 669 et
405 608 547 686 Negullia
569 607 788 685 quinquaginta
809 607 893 667 milia
914 610 1001 667 aeris.

32 731 35 740 .
130 693 179 752 M.
207 693 317 754 Scauro
340 695 463 769 epatre
485 692 634 754 hereditas
658 710 709 752 sex
731 697 1045 765 seruorum†reuersa
1064 703 1095 762 lt

55 779 111 838 est
135 780 172 837 et
196 778 265 830 ffi
284 795 484 838 nummorum.

306 995 314 1014 .
380 945 435 1006 nn
457 929 734 1006 vaancvnmn.

29 1066 33 1132 ζ
131 1061 163 1121 A
179 1063 298 1122 condita
319 1064 394 1123 urbe
416 1064 453 1123 ad
477 1064 524 1124 Ti.
536 1063 675 1141 Longum
698 1081 756 1124 eos,
779 1064 967 1139 promiscuus
991 1082 1031 1124 se
1047 1071 1095 1140 5,1

29 1153 33 1160 '
60 1149 155 1206 natui
179 1150 212 1207 et
226 1148 339 1224 populo
356 1148 586 1224 spectandorum
601 1147 740 1208 ludorum
756 1149 838 1208 locus
854 1154 927 1209 erat.
957 1168 1044 1209 num·

29 1251 46 1316 p
62 1251 161 1307 quam
184 1235 285 1291 tamen
309 1233 468 1308 quisquam
490 1233 636 1308 explebe
659 1237 729 1292 ante
744 1237 844 1309 patres
860 1235 1045 1311 conscriptos

29 1319 33 1332 '
62 1319 98 1374 in
128 1315 250 1376 theatro
274 1321 406 1393 spectare
437 1317 589 1377 sustinuit.
634 1317 669 1376 L.
692 1315 878 1377 Flamininus
907 1321 1045 1378 motnsa

63 1400 109 1458 M.
124 1397 240 1458 Catone
264 1407 295 1459 et
315 1400 350 1460 L.
367 1401 473 1462 Flacco
497 1403 602 1461 senatu
624 1402 655 1460 in
677 1404 810 1460 extrema
832 1405 916 1479 parte
932 1404 1044 1462 theatri

30 1551 31 1558 ἵ
66 1482 209 1542 constitit
238 1488 417 1561 coactusque
452 1489 499 1545 est
529 1505 548 1544 a
574 1485 688 1561 populo
721 1486 848 1546 transire
880 1487 911 1545 in
944 1488 1045 1547 locum

29 1579 31 1652 j
67 1567 215 1641 dignitati
238 1586 307 1628 suae
330 1569 474 1630 debitum.

29 1663 52 1712 ’.5
134 1651 293 1711 Terentius
315 1653 413 1714 Varro
443 1656 513 1730 post
541 1652 729 1713 Cannensem
761 1653 864 1729 fugam
892 1654 1077 1716 delerentea

70 1736 129 1795 sibi
153 1753 309 1796 censuram
332 1739 443 1814 populo
466 1738 503 1798 ob
526 1737 738 1797 uerecundiam
760 1738 836 1796 male
852 1739 1041 1800 administra-

29 1823 32 1902 ᾗ
67 1824 119 1879 tae
142 1821 186 1880 rei
208 1821 347 1897 publicae
370 1840 401 1882 se
424 1823 584 1882 excusauit.
731 1815 735 1824 ’

29 1923 31 1932 ’
136 1903 169 1964 Ο.
189 1903 356 1989 Cicereius,
369 1910 405 1966 ut
426 1907 504 1966 uidit
527 1925 557 1966 se
580 1906 770 1967 comitiorum
794 1907 936 1984 suffragio
958 1927 1041 1985 prae·
1061 1920 1077 1968 3

29 1983 31 1990 '
71 1987 144 2048 ferri
167 1987 313 2066 Scipioni,
344 1989 462 2051 abiecta
484 1990 609 2051 candida
631 1981 702 2068 toga
725 1991 954 2068 suffragatorem
976 1994 1040 2053 cius

29 2095 58 2156 sao
71 2091 159 2150 agere
183 2075 293 2149 coepit.

29 2159 31 2186 ²
137 2157 173 2216 L.
190 2155 314 2218 Crassus
337 2159 524 2220 consulatum
545 2164 652 2236 petens
675 2161 773 2221 orauit
798 2177 932 2221 socerum
954 2173 1077 2222 suum4

29 2235 31 2270 ²
76 2241 248 2302 Scaeuolam
270 2247 303 2304 ut
326 2263 343 2303 a
366 2261 406 2320 se,
431 2245 502 2304 dum
525 2245 695 2306 consulatus
710 2246 851 2323 petitioni
867 2247 1040 2323 deseruIret,

29 2319 31 2358 i
75 2325 252 2386 discederet:
277 2347 311 2388 eo
334 2330 413 2388 enim
435 2333 592 2405 praesente
614 2349 696 2390 more
721 2330 946 2391 candidatorum
964 2333 1041 2394 circa

29 2415 30 2442 ³
75 2410 172 2469 forum
197 2412 359 2488 supplicem
382 2432 443 2472 non
465 2415 588 2474 iturum.

36 2515 63 2558 ae
138 2495 297 2572 Pompeius
313 2497 441 2574 Magnus
456 2498 677 2574 Palaepharsali
699 2499 806 2580 uictus,
831 2499 899 2559 cum
914 2501 1041 2560 intraret
1059 2509 1089 2560 ὅ.

29 2579 31 2612 ;
76 2579 236 2651 Larissam,
266 2582 386 2642 obuiam
410 2583 466 2642 sibi
488 2583 598 2659 populo
621 2586 746 2643 exeunte
769 2585 847 2644 ‘ite'
870 2585 971 2661 inquit
994 2586 1041 2644 ‘et

29 2659 30 2696 ³
76 2664 130 2722 hoc
151 2665 279 2724 officium
301 2669 451 2746 praestate
474 2667 609 2727 uictori'.

139 2745 169 2808 Ο.
182 2747 297 2824 Caesar,
321 2769 388 2812 cum
411 2750 509 2812 tribus
531 2753 562 2811 ct
576 2751 687 2830 uiginti
700 2753 797 2828 plagis
813 2752 1034 2828 confoderetur,
1054 2763 1070 2812 6

29 2831 30 2834 ’
77 2837 196 2908 utreque
222 2854 314 2894 manu
342 2839 445 2914 togam
475 2835 608 2911 demisit,
644 2841 678 2896 ut
704 2837 830 2898 inferior
862 2856 932 2913 pars
962 2841 1042 2898 tecta
1158 2851 1160 2855 ’

44 2933 70 2973 ao
83 2917 280 2978 collaberetur.

79 3045 335 3195 tlldgdlfflllati,
353 3133 392 3171 ac
438 3116 542 3187 agilia?
561 3117 657 3198 Halm,
709 3122 734 3172 et
751 3119 776 3172 le.
794 3135 822 3172 u.
837 3134 932 3198 pauco
959 3135 1040 3188 quaa-

80 3183 140 3237 dum
156 3182 286 3238 excedisse
308 3199 377 3242 cote.
393 3185 502 3250 (senff,
522 3199 592 3253 quae
604 3191 646 3240 ctu
673 3201 716 3240 ere
727 3186 913 3264 suppleamus
925 3188 1039 3309 gysa)

325 3049 400 3104 uella
421 3065 457 3104 ue
469 3050 590 3120 nuptum
603 3050 672 3104 data
686 3049 791 3116 Gestat
802 3065 853 3110 om.
865 3051 924 3108 eod.
936 3052 1024 3106 Halm
1032 3054 1040 3121 ΙΙ

972 3255 1011 3309 az.
1025 3257 1036 3324 l

82 3249 277 3321 qninquaginta
294 3267 331 3306 m.
350 3253 431 3320 aeris,
450 3252 592 3322 <Dotatae
605 3267 760 3322 cognomen
779 3254 921 3390 muenit>ss
941 3328 969 3376 n
989 3322 1008 3375 fl

1009 3338 1038 3377 a.

82 3327 96 3374 5
113 3335 217 3374 reuersa
235 3319 304 3384 cod,
323 3336 362 3374 au
379 3320 498 3374 relicta?
511 3321 521 3390 ΙΙ
538 3327 554 3374 6
571 3326 661 3380 κῖῖν
680 3321 780 3376 Getta*
797 3337 811 3376 e
832 3321 893 3376 Val.

82 3386 174 3440 minine
193 3388 202 3456 ΙΙ
224 3391 256 3440 16
274 3391 357 3442 immo
376 3387 543 3442 dictaturam
567 3390 577 3457 ΙΙ
600 3394 631 3442 18
650 3387 773 3442 oicereue
786 3391 795 3458 ll
809 3394 840 3442 22
859 3388 1039 3445 deseruieret

82 3468 151 3520 cora,
171 3461 201 3509 ut
217 3455 287 3522 aid,
313 3471 327 3510 e
345 3454 516 3510 deseruisset
531 3457 541 3524 l
558 3462 590 3512 23
609 3471 642 3510 eo
660 3473 695 3510 m.
708 3458 736 3524 2,
757 3459 786 3511 et
802 3473 838 3513 m.
850 3461 866 3510 1
879 3459 889 3526 ΙΙ
909 3463 941 3513 25
959 3458 1037 3528 pale·

81 3522 229 3593 pharsalia*
248 3522 279 3590 (li
295 3523 328 3578 ic
345 3526 413 3592 roe.)
431 3525 441 3592 ΙΙ
458 3529 491 3578 26
509 3523 635 3578 larissam
654 3525 688 3594 (ri
705 3527 773 3583 Μ
789 3541 809 3581 e.
829 3523 859 3594 l.)
877 3527 887 3595 l
905 3530 937 3582 29
955 3526 1037 3582 remi-

83 3590 116 3646 sit
127 3591 135 3659 l
146 3606 179 3646 oc
193 3590 309 3646 inferior
327 3591 490 3662 (corporis)
507 3595 593 3662 pare?
