2550 3958
213 179 276 245 488
438 176 505 230 LIB.
524 175 561 230 11.
591 174 669 232 CAP.
686 179 813 241 1,a-10.
839 173 900 228 uxr.
916 179 939 226 1.

212 335 314 394 uiuam
335 334 519 411 penetrauit:
543 352 613 392 nam
629 332 710 392 Iouis
733 332 822 408 epulo
837 333 900 407 ipse
915 330 948 389 in
962 332 1106 408 lectum,
1121 336 1193 395 Iuno

214 422 246 479 et
267 418 403 477 Minerua
424 419 456 478 in
479 419 566 478 selles
589 418 627 476 ad
649 435 753 477 cenam
775 416 995 476 inuitabantur.

181 514 196 563 3
283 497 367 573 Quae
389 521 449 564 uno
471 505 628 563 contentae
649 501 842 561 matrimonio
865 501 989 560 fuerant
1004 519 1128 564 corona
1144 524 1194 581 pu·

215 587 335 649 diuitiae
356 588 592 649 honorabantur.

183 686 200 734 4
281 672 451 748 Repudium
479 673 556 732 inter
584 688 705 730 uxorem
733 673 764 730 et
785 669 883 728 uirum
904 669 943 729 ab
964 670 1043 730 urbe
1070 674 1213 734 conditas

217 776 309 833 usque
333 757 370 816 ad
386 756 581 816 centesimum
597 759 628 814 et
643 755 923 831 quinquagesimum
938 772 1058 814 annum
1074 759 1196 816 nullum

216 841 393 902 intercessit.
414 841 529 917 primus
545 838 594 916 Sp.
612 837 759 899 Caruilius
774 856 896 898 uxorem
911 838 1089 900 sterilitatis
1108 861 1198 902 causo

218 927 340 988 dimisit.

183 1023 199 1072 5
280 1010 352 1071 Vini
381 1027 452 1069 usus
480 1009 551 1069 olim
579 1008 721 1068 Romanis
747 1006 866 1067 feminis
894 1007 1017 1082 ignotus
1047 1008 1134 1083 fuit,
1166 1029 1198 1070 ne

216 1094 322 1173 perid
344 1095 376 1153 in
398 1093 520 1168 aliquod
543 1093 668 1154 dedecus
692 1092 927 1168 prolaberentur.
1208 1105 1224 1142 u

183 1190 199 1239 6
281 1177 426 1249 Quotiens
447 1179 527 1237 inter
549 1178 649 1237 uirum
671 1181 701 1236 et
720 1194 844 1234 uxorem
857 1175 972 1251 aliquid
986 1175 1082 1252 iurgii
1098 1178 1197 1239 iuter·

217 1265 359 1338 cesserat,
381 1263 413 1321 in
435 1262 575 1323 sacellum
597 1261 669 1321 deae
682 1260 850 1336 Viriplaoae
872 1261 904 1319 in
918 1259 1075 1318 Palatium
1090 1265 1198 1323 uenie-

217 1348 291 1408 bant
312 1350 342 1406 et
363 1347 407 1406 ibi
428 1347 557 1407 inuicem
578 1347 671 1406 locuti
695 1363 770 1422 quae
793 1345 950 1404 uoluerant
965 1347 1139 1407 concordes
1156 1368 1197 1407 re·
1242 1367 1243 1444 q

217 1432 420 1496 uertebentur.
471 1431 526 1490 dea
552 1449 661 1491 nomen
686 1430 741 1489 hoe
770 1447 787 1488 a
815 1428 969 1504 placandis
997 1428 1077 1490 uiris
1108 1433 1199 1492 adse·
1242 1445 1243 1500 ,

219 1520 289 1578 cute
310 1520 381 1577 est..
1211 1525 1227 1565 1³

185 1613 200 1662 '1
282 1599 478 1676 Aliquamdiu
504 1618 559 1658 neo
586 1602 671 1675 pater
699 1616 766 1658 cum
793 1595 856 1657 filio
882 1597 993 1672 pubere
1022 1616 1081 1658 nec
1112 1617 1201 1661 socer

219 1704 287 1746 oum
308 1704 416 1762 genere
437 1685 605 1744 leuabatur.
1243 1674 1244 1750 l

185 1780 202 1831 8
285 1769 464 1830 Conuiuium
492 1769 636 1828 sollemne
664 1767 789 1826 maiores
811 1765 1010 1826 instituerunt
1032 1765 1130 1843 idque
1157 1789 1201 1829 oa·

220 1855 305 1915 ristia
333 1853 577 1930 appellauerunt,
611 1852 658 1911 cui
692 1855 811 1927 praeter
838 1853 984 1926 cognatos
1016 1853 1047 1909 et
1079 1852 1200 1915 adfines

220 1957 309 2000 nemo
332 1937 587 2014 interponebatur,
610 1939 644 1996 ut
665 1936 690 1996 si
712 1954 789 2012 quse
810 1933 960 2011 querellae
982 1940 1089 1996 essent
1103 1942 1228 2011 ortacu

221 2025 300 2084 inter
321 2023 501 2084 necessarias
523 2040 666 2098 personas
688 2021 884 2080 soluerentur.

188 2119 204 2168 9
287 2107 441 2166 Senectuti
469 2107 592 2166 iuuenta
619 2107 662 2164 ita
683 2105 867 2163 cumulatum
889 2106 920 2162 et
942 2104 1201 2180 circumspectum

221 2191 364 2250 honorem
390 2190 512 2264 habuit,
543 2194 579 2250 ut
606 2189 808 2266 propinquum
842 2206 928 2248 suum
956 2187 1006 2249 uel
1033 2193 1203 2265 paternum

222 2275 351 2336 amicum
373 2274 411 2334 ad
434 2276 547 2336 curiam
569 2274 728 2334 deduceret
750 2275 780 2331 et
801 2275 1002 2349 exspectaret,
1027 2273 1130 2336 donec
1155 2289 1208 2337 re·‘

223 2361 350 2419 duceret.
1212 2369 1230 2408 a

285 2443 412 2504 Inuitati
440 2444 477 2503 ad
501 2462 604 2503 cenam
627 2441 788 2519 diligenter
809 2440 994 2517 quaerebant
1017 2442 1150 2516 quinam
1175 2447 1202 2504 ci

222 2529 358 2590 conuiuio
381 2532 481 2589 essent
494 2528 683 2599 interfuturi,
707 2545 744 2586 ne
761 2526 911 2586 seniorum
926 2526 1094 2586 aduentum
1112 2548 1203 2604 prae·

222 2617 388 2686 currerent,
421 2613 597 2689 sublataque
619 2630 721 2671 mensa
742 2611 858 2687 priores
881 2628 931 2670 eos
954 2628 1077 2687 surgere
1101 2616 1202 2688 patio

222 2699 341 2759 bantur.

172 2802 205 2851 10
285 2783 413 2842 Maiores
435 2785 508 2841 netu
529 2783 560 2840 in
583 2780 728 2840 conuiuiis
749 2779 787 2839 ed
809 2778 899 2840 tibias
922 2779 1042 2855 egregia
1057 2783 1235 2857 superio-s

222 2887 289 2927 rum
312 2886 401 2944 opera
422 2865 596 2938 cantabant,
619 2868 654 2926 ut
675 2865 713 2924 ed
735 2883 769 2923 ea
790 2863 935 2923 imitanda
957 2863 1102 2926 iuuentus
1127 2868 1205 2928 inci·

223 2954 349 3012 taretur.

172 3056 227 3096 uxr.
288 3035 408 3096 Arcana
423 3035 548 3096 consilia
563 3036 683 3094 senatus
699 3033 802 3093 multis
818 3032 943 3092 saeculis
957 3030 1060 3092 nullus
1073 3039 1207 3096 senator

191 3114 410 3184 lenuntiabat.
462 3119 496 3191 Q.
519 3118 629 3180 Fabius
652 3118 812 3191 Maximus,
842 3117 923 3193 quod
949 3134 1003 3192 per
1030 3116 1206 3192 inpruden-

224 3206 299 3265 tiam
322 3206 358 3265 de
380 3204 470 3264 tertio
493 3202 572 3263 bello
596 3203 709 3262 Punico
733 3203 848 3260 dixerat
868 3201 903 3260 P.
926 3199 1049 3274 Crasso,
1081 3213 1236 3265 memor³⁵

225 3308 292 3350 eum
318 3289 447 3350 triennio
474 3291 544 3348 ante
572 3291 759 3364 quaestorem
783 3287 895 3346 factum
915 3285 1101 3363 ignarusque
1127 3308 1206 3350 non·

293 3423 309 3470 6
327 3418 590 3536 quinquagesimam
608 3433 643 3473 m.
655 3420 671 3470 1
684 3416 694 3484 i
714 3420 745 3469 12
764 3431 803 3469 ore
819 3414 848 3468 in
866 3413 1067 3492 Faleriorum
1086 3419 1206 3484 querel-

224 3483 270 3537 lae
289 3484 382 3600 (lpraor
414 3484 545 3562 traduat.)
559 3486 569 3552 l
582 3490 615 3538 24
634 3483 799 3552 expectaret
815 3498 850 3537 m.
864 3483 951 3550 21135
968 3480 1088 3552 Punrco]
1108 3499 1125 3538 c
1141 3485 1205 3544 Vol.

224 3561 296 3616 capp
308 3549 370 3603 aad.
387 3549 448 3607 aed.
465 3549 615 3604 indicendo
