2562 3950
186 118 251 184 564
375 114 529 175 11111111.
552 99 746 184 cessae.
773 113 979 182 oseas-⁷.

187 276 247 352 uit,
274 275 339 351 ipse
366 292 460 350 paruo
488 275 558 350 post
578 275 713 350 tempore
735 275 855 334 mortuo
877 291 947 335 sene
968 275 1102 351 amplam
1127 275 1168 335 ab

188 377 223 419 eo
245 360 402 438 pecuniam
423 359 560 420 relictam
582 358 779 434 consumpsit.

154 453 170 501 a
254 442 287 506 D.
311 443 439 516 Marius,
470 462 538 504 cum
560 442 595 503 1..
619 442 815 502 Saturninum
838 443 1050 520 oppressisset,
1081 444 1168 520 quod

190 529 313 589 seruitia
335 527 373 587 ad
394 529 519 604 pilleum
543 530 712 604 uocauerat,
736 527 801 604 ipse
822 530 929 604 postea
947 528 986 588 L.
1003 528 1090 588 Sulla
1113 548 1167 588 ur-

189 614 257 674 bem
285 614 473 689 inrumpente
501 613 539 673 ad
570 612 715 671 auxilium
741 629 895 673 seruorum
922 613 1015 690 pilleo
1038 612 1194 674 sublatos

189 698 334 776 confugit.

155 793 171 841 3
253 781 287 842 (l.
309 781 441 842 Licinius
464 782 566 856 Stolo,
594 800 663 840 cum
690 781 758 858 lege
780 782 928 842 sanxisset
948 800 986 842 ne
1008 781 1077 857 quis
1099 801 1166 842 am·

188 867 267 943 plius
290 865 317 926 D
340 868 406 944 agri
428 867 532 944 iugera
553 865 736 941 possideret,
768 867 832 942 ipse
854 865 936 926 mille
959 867 1079 942 parauit
1101 867 1165 926 dis·

189 951 408 1027 simulandique
435 951 532 1028 gratia
560 949 713 1009 dimidiam
740 953 858 1026 partem
886 950 948 1010 filio
975 951 1166 1027 mancipauit

189 1039 220 1096 et
251 1036 291 1096 ob
319 1035 351 1095 id
378 1054 396 1093 a
422 1036 463 1095 M.
485 1035 602 1112 Popilio
634 1034 766 1094 Laenate
799 1038 956 1095 accusatus
989 1035 1166 1097 damnatus·
1179 1051 1206 1091 ιο

190 1139 248 1197 que
270 1121 327 1179 est.

398 1287 453 1348 ΒΕ
476 1286 625 1348 STVDIO
648 1287 701 1346 ΕΤ
722 1286 955 1350 INDVSTRIA.

141 1393 191 1459 7,1
258 1388 331 1450 Cato
360 1393 476 1450 sextum
503 1391 535 1449 et
563 1389 800 1466 octogensimum
827 1407 919 1466 agens
941 1408 1053 1450 annum
1075 1409 1164 1451 accu-

191 1475 275 1535 satus
297 1493 416 1534 cansam
438 1473 530 1548 dixit,
559 1492 656 1550 neque
677 1475 820 1533 memoria
841 1474 979 1534 tardatus
1000 1493 1096 1551 neque
1118 1475 1164 1536 la·

191 1560 264 1618 teris
279 1561 438 1635 quassatus
452 1559 639 1636 aegritudine
653 1577 750 1636 neque
765 1559 825 1618 onis
840 1558 1047 1620 haesitatione.
1077 1560 1163 1620 idem
1176 1577 1204 1618 ns

191 1643 251 1702 iam
273 1661 364 1704 senex
386 1647 418 1703 et
433 1642 562 1704 Graecas
585 1644 702 1704 litteras
725 1642 831 1704 didicit
853 1646 884 1703 et
905 1644 979 1703 iuris
994 1644 1094 1704 studio
1108 1645 1164 1705 ad·

191 1727 300 1789 tendit.

158 1821 174 1869 1
256 1812 378 1873 Porcius
402 1812 477 1873 (lato
504 1812 548 1873 ita
578 1812 731 1873 doctrinae
752 1812 917 1888 cupiditate
938 1811 1091 1891 flagrauit,
1125 1818 1164 1875 ut

160 1927 165 1934 ·
191 1917 230 1959 ne
257 1899 290 1958 in
313 1899 394 1958 curie
415 1896 549 1976 quidem,
584 1896 656 1956 dum
678 1898 800 1957 senatus
822 1898 950 1975 cogitur,
979 1902 1163 1974 temperaret
1272 1915 1273 1918 ’

192 1983 251 2042 sibi
272 1983 431 2061 quominus
453 1981 582 2044 Graecos
603 1981 697 2042 libros
719 1982 779 2041 lect
765 1982 879 2042 titaret.
1175 2001 1203 2042 so

158 2074 175 2122 4
256 2065 362 2126 Liuius
384 2064 560 2127 Drususet
585 2067 675 2126 aetat'
654 2066 836 2126 tuiribus1s
865 2069 896 2126 et
918 2067 979 2128 acie
1003 2068 1162 2128 oculorum

192 2150 357 2210 delectus'
349 2168 395 2210 nus
410 2151 498 2212 ciuile
513 2151 624 2229 populo
640 2150 855 2228 benignissime
869 2151 1085 2228 interpretetus
1101 2157 1161 2212 est.

159 2245 175 2292 5
256 2234 405 2296 Publilius
427 2239 547 2297 senator
575 2239 606 2297 et
625 2236 729 2312 Lupus
752 2235 877 2296 Pontius
899 2255 989 2313 eques
1011 2237 1058 2313 R„
1086 2237 1163 2297 cele-
1271 2233 1272 2260 l

193 2319 260 2380 bras
283 2338 437 2380 causarum
459 2322 585 2395 actores,
607 2320 770 2380 luminibus
793 2320 874 2397 capti
890 2321 993 2382 eadem
1009 2319 1161 2384 industria

193 2404 323 2464 forensia
345 2405 491 2482 stipendia
512 2405 644 2466 exsecuti
665 2407 747 2465 sunt.
1178 2421 1204 2462 es

159 2497 176 2546 6
260 2488 294 2550 C.
318 2486 455 2564 Crassus,
490 2509 556 2550 cum
585 2490 617 2549 in
639 2489 743 2549 Asiam
769 2489 808 2549 ad
829 2489 1034 2550 Aristonicum
1055 2509 1162 2568 regem
1225 2521 1229 2528 ·

194 2572 405 2634 debellandum
426 2592 483 2634 cos
506 2575 647 2652 uenisset,
668 2576 754 2634 tenta
774 2592 847 2634 cura
866 2575 1009 2635 notitiam
1030 2573 1163 2636 Graecae

195 2658 315 2736 linguae
337 2657 581 2736 conprenditnt
546 2678 669 2720 neam
690 2658 723 2718 in
746 2659 876 2735 quinque
897 2677 1010 2736 genera
1031 2659 1163 2720 diuisam

194 2761 248 2819 per
269 2761 372 2803 omnes
394 2747 495 2820 partes
517 2762 552 2803 ao
565 2760 706 2804 numeros
726 2743 845 2820 penitus
860 2746 1076 2821 cognosceret,¹
1088 2764 1163 2821 qua·

195 2846 253 2903 que
275 2827 380 2904 lingua
401 2827 499 2888 fuerat
521 2829 685 2906 appellatus
707 2827 787 2903 apud
808 2827 959 2907 ttibunal,
983 2829 1086 2888 eadem
1109 2830 1162 2889 de·
1176 2848 1203 2888 ao

195 2915 277 2972 creta
297 2911 448 2973 reddebat

162 3004 176 3052 1
258 2995 382 3056 Roscius
409 2996 526 3057 nullum
555 3016 696 3073 umquam
723 2996 834 3072 populo
856 2998 1010 3072 spectante
1030 2984 1162 3075 gestum,

195 3081 253 3141 nisi
275 3100 363 3157 quem
386 3081 468 3143 domi
489 3081 650 3142 meditatus
671 3082 778 3155 iuerat,
800 3099 935 3158 promere
956 3101 1046 3144 susus
1069 3085 1125 3143 est.

265 3226 405 3294 4pileum
423 3228 483 3283 cod
495 3227 605 3305 1111111111
618 3234 634 3281 o
672 3227 782 3282 il.leob
801 3227 819 3281 l.
838 3227 905 3291 cod..
922 3227 1000 3307 pileo
1017 3227 1128 3298 Halmii
1146 3237 1164 3286 8

195 3232 413 3371 1114111113
431 3229 634 3373 octogesimum
676 3295 800 3362 1111111111
817 3293 1018 3365 haesitatione]
1037 3231 1162 3354 addend.

194 3357 255 3412 aeid.
274 3297 419 3438 inpeditus
431 3363 441 3429 ΙΙ
457 3313 515 3416 16g
505 3379 544 3416 aa
561 3361 629 3416 iuris
642 3295 865 3441 <ciuilis>lll18
881 3297 1161 3432 PorciusJJscrsbeetd.

195 3424 257 3477 uid.
276 3424 372 3479 Proles
395 3428 454 3480 eius
478 3429 489 3496 ΙΙ
512 3436 545 3484 23
568 3429 713 3498 pontius(
703 3429 763 3498 (sic)
782 3444 797 3482 e
816 3447 867 3498 or
890 3430 900 3500 11
924 3436 957 3485 33
975 3447 1106 3500 promere
1124 3433 1162 3489 E.

195 3489 317 3556 Scbclee,
334 3508 440 3558 ponere
457 3495 517 3550 cod.
