2540 3950
478 195 693 252 x1e-xu11.
1000 199 1064 265 615

93 355 216 416 uidisset
230 355 349 415 euentu.
379 354 412 414 in
427 371 462 416 22
476 335 550 413 sede
572 355 703 414 statuum
724 356 892 416 inauratum
907 357 986 433 putri
1008 376 1058 433 po·
1068 368 1197 412 virumn.

93 440 165 501 suit.
201 456 257 499 nee
278 439 310 499 in
332 437 422 498 Italis
443 457 499 499 nee
521 439 635 499 Romae
658 439 797 516 cuiquem
818 441 902 516 prius
925 441 1062 502 inaurata

5 599 6 602 1
93 525 192 586 stetuu
213 521 281 584 fuit.

170 743 254 804 XIII.
291 742 345 802 Dlil
368 742 465 802 IVRE
489 741 723 803 Ruuldlorus
744 740 984 808 PVBLIOATO.

65 871 81 912 ὁ
158 860 238 922 Solis
265 860 458 938 pontificibus
485 861 532 921 ius
554 878 671 921 suerum
698 864 730 920 et
751 860 840 921 eiuile
862 862 970 921 notum
992 865 1062 923 ente
1079 872 1131 936 b,2

93 945 165 1006 fuit.
194 964 299 1006 uerum
321 943 376 1006 On.
398 946 523 1006 Flauius
546 946 660 1023 scribe,
682 948 772 1005 nutus
797 939 844 1026 [a]
866 949 953 1022 putre
975 947 1065 1006 liber·

92 1031 167 1109 tino,
194 1030 337 1090 formulas
360 1047 457 1090 sueres
478 1031 578 1090 uerbis
601 1031 801 1107 apertioribus
818 1029 971 1107 expediuit
985 1032 1063 1091 etin

92 1115 232 1184 notitiam
259 1115 363 1192 populi
389 1114 564 1191 publicauit.
608 1115 646 1174 ob
676 1116 731 1175 hoe
757 1133 778 1176 2
802 1117 913 1192 populo
946 1119 1062 1176 creatus

94 1204 142 1260 est
169 1200 274 1260 eedilis
304 1200 426 1259 eurulis.
468 1200 563 1276 idem,
590 1218 658 1260 eum
686 1200 819 1260 uenisset
847 1201 886 1260 sd
915 1201 1062 1278 collegam

53 1295 79 1336 10
95 1303 232 1362 aegrum,
256 1285 398 1344 refertum
412 1284 564 1344 nobilibus
579 1284 749 1345 cubiculum
764 1285 843 1345 forte
858 1285 1062 1361 deprehendit.

94 1369 143 1429 eui
165 1388 232 1428 eum
253 1369 337 1428 locus
359 1387 420 1428 nou
435 1369 564 1442 deretur,
587 1369 691 1429 sellam
706 1369 839 1429 curulem
855 1368 989 1428 exhiberi
1004 1370 1063 1430 sibi

92 1454 183 1512 iussit
204 1456 295 1530 utque
316 1453 349 1514 in
371 1471 413 1526 eu,
438 1471 515 1529 quse
537 1455 603 1513 eret
623 1455 785 1531 potestatis
809 1454 891 1526 selle,
917 1454 1063 1518 consedit.

198 1689 299 1750 XIIII.
331 1688 385 1748 DE
408 1687 503 1750 RITV
525 1687 802 1750 PERSONARVM
824 1687 959 1750 CAPITI

409 1788 751 1850 INDVOENDARVM.

52 1922 79 1964 ru
156 1907 306 1969 Tibicines
327 1909 361 1969 in
381 1909 494 1985 templo
516 1909 598 1969 Iouis
621 1908 769 1986 quaedem
791 1927 827 1968 ex
847 1909 910 1968 ritu
932 1910 1061 1986 antiqui·
1078 1920 1131 1982 5‚4

90 1994 164 2054 tetis
185 1993 302 2054 ludicre
318 1991 376 2072 [et]
394 1993 537 2054 liberiore
557 1994 719 2054 faciebant.
752 2012 829 2070 quse
844 2012 982 2054 exeruere
997 2014 1064 2071 pro-

91 2079 179 2138 hibiti
201 2098 255 2154 per
276 2081 398 2138 senatus
420 2081 600 2152 consultum,
623 2079 694 2137 irati
717 2078 823 2138 deinde
839 2096 870 2137 se
887 2078 982 2138 Tibur
996 2082 1062 2140 tum

92 2165 198 2240 sponte
220 2164 340 2239 proprie
361 2163 590 2223 transtulerunt.
623 2181 749 2239 cumque
766 2164 856 2223 saeris
872 2163 1000 2240 usuique
1015 2165 1064 2224 de·

95 2250 212 2324 essent,
247 2247 370 2322 repetiti
404 2250 475 2307 sunt
503 2267 557 2323 per
584 2249 710 2324 legatos.
754 2249 918 2307 noluerunt
939 2249 1066 2308 reuerti.

50 2347 78 2387 so
94 2331 223 2408 quodem
252 2335 387 2406 tempore
410 2331 562 2391 Tiburtini
590 2333 677 2392 ferias
704 2332 923 2392 simulsuerunt
953 2333 1064 2393 ebrios-

92 2435 149 2493 que
173 2434 223 2476 eos
245 2417 387 2492 plaustris
409 2416 535 2476 Romam
556 2419 744 2476 reuexerunt.
779 2419 844 2475 tum
859 2420 996 2476 secutum
1012 2420 1058 2478 est

91 2504 128 2560 ut
150 2518 294 2577 personas
317 2504 472 2561 sumerent
492 2502 690 2578 uelerentque
712 2501 815 2559 uultus
837 2501 960 2576 pudore,
977 2501 1056 2576 quod

91 2585 250 2645 temulenti
272 2585 401 2645 fuerent.
431 2584 536 2646 exinde
558 2603 630 2646 usus
652 2602 846 2662 personarum
869 2587 916 2644 eet
939 2603 1061 2645 eonsue-

91 2670 165 2730 tudo
188 2672 315 2730 seruate.

161 2838 174 2886 1
194 2847 304 2899 022202,
322 2847 373 2891 em.
391 2833 449 2887 eod.
468 2832 759 2902 Η2122111222221222
776 2834 986 2894 2022222122
1004 2833 1067 2892 eod.

90 2900 187 2956 Halm.
222 2901 259 2964 cf.
279 2872 304 2956 u'
315 2902 367 2968 211
388 2906 404 2954 5
422 2916 565 2956 sacrorum
582 2901 642 2954 eod.
658 2899 757 2959 Halm.
780 2917 829 2954 em.
848 2899 967 2968 Gertsp
969 2902 1064 2968 ,2991

91 2969 156 3022 bet
172 2969 223 3022 net
224 2985 255 3022 ue
275 2968 403 3037 Gerteill
416 2969 509 3022 arod
527 2967 630 3036 Halm,
667 2969 722 3022 2221
739 2969 817 3026 abb.
838 2968 856 3022 1
875 2917 967 3023 autep
958 2983 1015 3038 pop
997 2968 1066 3037 pulo

91 3037 111 3091 1.
127 3037 365 3104 subreperent.
384 2970 440 3090 21222
458 3037 552 3091 duruit
568 3010 650 3091 Ebur
686 3036 721 3091 rd
740 3037 789 3094 12
831 3035 927 3118 ,1021
916 3035 1066 3105 11720110·

91 3104 171 3158 ribus
189 3109 337 3159 2202222212
354 3103 418 3158 Mas
457 3110 578 3159 82022.
597 3104 667 3170 eod„
686 3119 720 3158 su
717 3104 778 3171 p.pl
830 3104 891 3172 2111
918 3109 948 3157 11
969 3104 1067 3158 curule

94 3171 226 3239 exibent!
240 3176 271 3224 16
290 3173 321 3226 et
338 3172 383 3226 2121
440 3187 533 3229 ..cem
554 3171 657 3226 Gertz*
685 3173 696 3240 1
724 3178 754 3225 17
771 3172 913 3224 tiburtum
932 3172 1001 3240 2021,
1020 3170 1066 3224 Ti·
1117 3200 1119 3205 .

91 3240 145 3294 bur
163 3239 236 3306 (siue
253 3240 325 3307 tum)
344 3240 408 3293 Μ22
420 3238 572 3294 Eberhard
589 3239 649 3304 1..,2
667 3239 893 3292 222122.10212
916 3212 1001 3319 ente
1021 3254 1066 3292 ro·

91 3308 154 3376 prin
175 3307 371 3374 1202222222ιά
395 3322 450 3362 esse
468 3313 531 3374 poet
548 3306 735 3363 nolueruntl,
755 3309 788 3360 19
806 3307 865 3360 2011.
919 3307 952 3362 ’.2
967 3306 1070 3361 VIII

91 3379 136 3441 30,
148 3379 166 3430 7
185 3381 210 3430 21
223 3374 283 3428 Vel.
298 3375 399 3442 prorui
417 3375 679 3429 22122222122222.
700 3373 840 3439 (12212Ἷ2
858 3374 952 3429 uidem
970 3374 1066 3428 dubito

93 3459 134 3497 22
156 3443 260 3497 deinde
284 3457 390 3511 quoque
412 3442 672 3512 transponendus
695 3446 761 3496 ante
783 3390 908 3520 quodem
925 3443 1065 3512 tempore,

92 3516 156 3580 poet
174 3526 245 3580 quae
262 3510 386 3566 eudred.
403 3525 474 3566 2222.
491 3512 559 3580 poet
577 3508 700 3576 umet!
695 3510 705 3578 1
720 3516 751 3564 18
769 3509 887 3579 usuique
905 3510 1067 3581 (deorum)

97 3578 229 3633 deessent
248 3578 353 3634 Gertz*
365 3580 421 3648 122
440 3593 495 3646 quo
513 3571 644 3633 ter'nuliti
656 3578 666 3647 1
679 3583 712 3634 23
729 3594 783 3633 usu
