2540 3950
207 199 271 264 614
502 195 705 252 NEPOTIANI
722 194 887 250 EPITOMA

1256 319 1257 382 l

74 357 261 419 varmuslii
283 355 391 417 scenici
411 353 539 415 infames
561 355 632 428 sint,
652 353 684 414 hi
704 371 760 414 nac
780 355 863 415 tribu
884 354 1064 415 arcebantur
1087 372 1149 414 neo
1169 375 1187 415 a

208 441 367 518 stipendiis
389 439 569 500 militaribus
590 439 821 517 repellebantur.

140 533 192 597 4,o
274 527 305 592 5.
328 524 450 586 Catulus
472 524 588 599 primus
610 524 746 600 exemplo
758 523 927 600 (lampenae
948 524 1089 584 luxuriae
1104 524 1186 585 uelis

206 612 240 672 in
261 611 378 672 theatro
400 611 570 684 spectantes
592 609 630 668 ab
653 612 737 668 aestu
758 609 899 670 defendit

139 702 192 766 4,s
275 698 304 754 6.
327 693 384 754 Gn.
406 693 567 769 Pompeius
589 711 679 770 aquas
701 694 821 753 induxit
841 713 898 769 per
920 693 1065 770 quasdam
1089 696 1207 756 sami-s

208 785 256 841 tes
275 779 452 856 fistularum,
473 781 508 838 ut
529 797 672 854 uaporem
692 778 802 839 leniret
823 779 954 841 aestatis.

139 873 191 936 4,t
274 866 303 924 7.
327 863 498 924 Saeculares
519 863 593 940 ludi,
617 863 669 939 qui
690 866 759 939 post
779 881 892 923 annum
913 863 1115 923 centesimum
1130 883 1184 924 ua·

207 949 306 1022 uiunt,
330 967 348 1008 a
369 947 489 1008 Valerio
511 947 667 1008 Publicola
687 949 867 1025 imperatore
888 948 1019 1024 primum
1041 948 1184 1009 instituti

208 1036 240 1094 et
260 1035 292 1093 in
313 1034 457 1101 honorem
472 1031 553 1092 Ditis
568 1032 661 1109 patris
676 1033 929 1109 Proserpinaeque
943 1032 1092 1092 celebrati
1107 1037 1185 1094 sunt

208 1119 288 1196 apud
310 1137 375 1177 sam
395 1135 488 1192 aram,
511 1136 601 1193 quam
622 1117 757 1192 ipsorum
779 1119 937 1177 numinum
957 1117 1049 1178 titulo
1073 1117 1184 1178 inscri-
1197 1133 1219 1172 ιο

207 1206 291 1280 ptem
312 1201 448 1262 Valesius
476 1202 609 1278 locuples
637 1202 805 1262 rusticanus
831 1220 886 1278 pro
918 1201 1011 1260 trium
1044 1201 1183 1262 filiorum

207 1287 265 1348 sibi
286 1286 403 1346 reddite
424 1287 568 1363 sospitate
583 1291 602 1356 †
618 1286 825 1346 celebrabatur
845 1287 1009 1363 inuenerat,
1033 1285 1182 1364 adquam

119 1378 122 1384 '
206 1375 238 1432 et
258 1372 353 1449 nigris
375 1371 483 1430 hostiis
498 1371 710 1430 immolabatur
724 1374 756 1431 et
769 1371 951 1432 lectisternia
965 1372 1182 1432 excitabantur

207 1458 238 1516 et
258 1457 413 1517 nocturnis
435 1455 514 1515 ludis
536 1456 614 1516 festa
635 1456 804 1533 agebantur
826 1456 904 1516 uotis
926 1455 1044 1532 publice
1059 1475 1182 1518 nuncu-

207 1541 285 1618 patis
306 1559 361 1617 pro
384 1541 480 1599 salute
502 1541 646 1601 Romana.
1198 1557 1222 1598 ra

141 1637 192 1698 4,6
273 1626 303 1684 8.
343 1625 377 1697 Q.
401 1622 542 1685 Claudius
563 1626 678 1701 primus
707 1643 826 1686 scenam
846 1625 934 1701 pictis
956 1626 1067 1686 tabuiis
1091 1627 1184 1687 ador·

208 1711 302 1782 uenit,
326 1709 362 1770 G.
386 1709 536 1769 Antonius
560 1729 647 1786 auro,
671 1709 805 1770 Petreius
828 1710 927 1770 ebore.
971 1711 1006 1771 P.
1028 1710 1183 1772 Lentulus

210 1795 354 1871 Spinther
375 1794 558 1869 exquisitum
579 1796 694 1855 cultum
714 1795 810 1855 uestis
832 1794 961 1854 induxit.
1005 1797 1091 1872 piget
1111 1797 1184 1857 lon·
1256 1861 1257 1872 χ

207 1881 276 1956 gius
297 1879 438 1956 prosequi
459 1883 490 1939 et
504 1879 661 1939 tibicinum
677 1879 790 1939 cultum
805 1898 840 1939 ao
853 1880 1079 1940 multitudinem
1094 1880 1184 1958 loqui
1256 1879 1257 1930 l

207 1967 260 2024 aut
286 1965 456 2025 canentium
483 1967 641 2025 eneruatos
668 1964 774 2024 modos
812 1967 865 2024 sut
899 1965 989 2024 etiam
1015 1966 1183 2026 mimorum
1196 1982 1222 2021 ao

207 2049 422 2125 turpitudines.
465 2068 541 2125 quae
563 2050 663 2109 omnia
684 2049 769 2124 prius
790 2050 823 2109 in
845 2049 1115 2110 dissimulationem
1136 2052 1184 2112 la·

207 2133 291 2194 boris
313 2134 514 2209 parabantur,
543 2152 623 2194 nuno
651 2135 760 2193 dantur
781 2134 814 2194 in
836 2134 1008 2194 incendium
1029 2134 1183 2198 libidinis.
1256 2165 1257 2192 ι

139 2230 190 2292 4,7
273 2219 300 2278 9.
337 2217 447 2276 Munus
473 2218 687 2294 gladiatorium
716 2219 821 2279 datum
842 2218 953 2278 Romae
976 2221 1023 2278 est
1043 2221 1185 2295 primum
1256 2223 1257 2286 l

207 2302 241 2362 in
266 2302 410 2362 honorem
438 2303 663 2376 defunctorum,
691 2303 805 2365 scilicet
831 2303 989 2364 ofiutiliis
1011 2304 1054 2364 Br
1074 2305 1184 2367 Marco

209 2390 241 2446 et
267 2386 391 2447 Decimo
420 2387 524 2446 Brutis
558 2389 713 2448 consulatu
740 2387 832 2464 Appii
860 2387 978 2449 Claudii
1010 2392 1041 2450 et
1070 2387 1185 2460 Quinti
1198 2403 1224 2444 2⁵

208 2472 320 2532 Fuluii.
350 2473 477 2531 athletas
499 2472 617 2533 Marcus
633 2471 761 2533 Scaurus
784 2473 888 2533 aedilis
909 2473 1025 2549 primus
1047 2473 1184 2538 induxit.

423 2641 491 2701 XII.
529 2641 583 2701 DE
607 2641 768 2702 STAPVA
788 2640 963 2702 evulus.

138 2755 190 2819 c‚1
273 2742 391 2803 Manius
414 2743 528 2803 Acilius
552 2742 674 2804 Glabrio
697 2763 733 2803 ex
754 2746 826 2803 uoto
856 2743 959 2804 aedem
989 2744 1187 2808 dedicauerat

209 2827 247 2886 ob
269 2826 311 2901 id,
334 2827 414 2903 quod
436 2847 540 2905 regem
561 2827 743 2888 Antiochum
764 2829 843 2904 apud
856 2827 1074 2904 Thermopylas
1096 2830 1185 2894 felici

279 2980 290 3025 1
310 2990 349 3028 aa
366 2973 486 3028 infames
505 2977 617 3028 essent?
630 2975 639 3042 ΙΙ
652 2972 682 3027 hi
699 2974 817 3028 attribu
829 2974 839 3042 ΙΙ
851 2979 868 3027 4
881 2974 1064 3044 expectantes
1075 2975 1086 3044 ll
1099 2978 1116 3028 6
1129 2992 1186 3032 uo·

207 3055 308 3162 porem
320 3042 387 3104 cod..
404 3039 547 3095 feruorem
564 3042 628 3096 Mai
639 3043 679 3110 119
696 3042 779 3096 dictis
791 3043 801 3110 ΙΙ
816 3049 847 3096 10
865 3039 900 3096 eri
918 3059 967 3096 ara
979 3043 989 3111 fl
1003 3047 1035 3096 12
1053 3041 1186 3101 celebra·

229 3109 293 3162 atur
310 3124 362 3166 om.
374 3108 439 3163 Mai
450 3109 546 3175 Ηοῑοο,
566 3111 777 3165 consecraturus
795 3110 865 3164 cossi.
876 3108 1024 3165 Eberhard
1041 3110 1097 3176 lo,
1113 3127 1187 3180 pro-

207 3176 327 3231 babilius
344 3176 465 3246 (sacra)
483 3177 675 3232 celebraturus
694 3176 801 3232 Gertz*
813 3178 823 3246 ΙΙ
843 3183 874 3232 19
893 3178 924 3232 et
939 3178 1036 3243 Halm,
1056 3194 1091 3232 ex
1110 3181 1186 3250 cod„

208 3258 258 3296 om.
277 3243 342 3296 Μαι·
365 3245 375 3311 ΙΙ
400 3243 492 3298 cultus
510 3245 570 3302 cod.
588 3245 684 3308 Halm,
704 3262 753 3300 cm.
770 3244 836 3299 Mai
859 3246 869 3314 ΙΙ
899 3261 916 3298 a
933 3245 1037 3302 multit.
1056 3246 1126 3314 cod„
1146 3264 1186 3304 ao

207 3309 286 3384 mult.
300 3309 396 3376 Ηαῑοι,
415 3311 512 3365 malim
529 3312 746 3380 autmult.1120
763 3313 863 3366 modus
874 3313 885 3382 n
898 3314 948 3366 aut
965 3313 1051 3366 etiam
1069 3327 1128 3377 nos,
1147 3319 1186 3371 nt

207 3376 295 3428 etiam
308 3377 366 3452 cod.
376 3377 463 3431 Halm
475 3380 485 3446 ΙΙ
499 3385 531 3432 24
544 3395 561 3432 a
572 3394 622 3432 om.
633 3379 702 3447 cod,
717 3380 784 3434 odd.
793 3380 882 3434 Halm
916 3379 969 3432 filii
987 3379 1064 3433 bruti
1081 3397 1185 3438 marco

207 3440 237 3491 et
255 3439 336 3494 decio
353 3442 444 3497 brutis
462 3446 530 3510 cod,
549 3462 597 3500 em.
615 3446 702 3500 Halm
722 3446 732 3514 ΙΙ
757 3453 790 3501 25
808 3449 955 3501 consuetu
972 3447 1068 3513 Hatra,
1087 3463 1185 3505 conss.

206 3504 268 3556 tum
291 3508 358 3570 cort.¹
388 3510 453 3573 fort.
476 3512 507 3564 in
531 3513 679 3566 consulatu
704 3513 809 3568 Gertz*
829 3515 841 3584 ΙΙ
864 3519 897 3568 2ss
920 3513 1042 3569 athletos
1064 3531 1186 3573 marone

203 3569 330 3622 staturus
342 3574 352 3640 ΙΙ
365 3579 398 3628 28
416 3575 538 3649 Manius]
556 3578 667 3634 Marcus
