2562 3950
172 193 335 248 LIB.VllII.
356 191 434 248 GAP.
442 198 466 260 6,
477 193 570 248 Exta.
590 192 781 260 CAP.‘1,l-4.
798 192 1081 258 Mil.1t0m.1.a.581

78 365 81 370 '
182 350 333 410 Hannibal
359 351 526 410 Nucerinos
554 351 675 410 hortatu
703 368 756 409 suo
786 369 852 409 cum
880 350 959 410 binis
991 350 1116 410 uasti-3

117 437 226 495 mentia
261 437 366 494 urbem
399 453 534 513 egressos
566 452 678 510 uapore
712 439 742 492 et
776 434 858 494 turno
896 434 1082 494 balineorum

118 520 329 597 strangulauit.
357 519 436 579 idern
458 522 595 580 senatum
617 518 836 578 Acerranorum
860 523 944 578 extra
966 521 1083 579 moenia

4 657 6 660 .
117 607 272 664 euocatum
294 605 327 662 in
349 605 531 680 profundum
552 607 676 680 puteum
699 604 816 662 abiecit.

89 753 103 793 5
376 739 431 798 Da
455 739 497 796 Vl
520 739 571 797 ΕΤ
596 736 826 798 SEDITIONE.

181 840 216 902 L.
240 840 410 916 Equitium,
445 840 495 915 qui
525 857 556 897 se
580 840 627 899 Ti.
651 838 776 898 Gracchi
799 838 895 897 filium
918 840 1080 899 simulabat
1089 843 1132 909 7,1

118 924 363 1004 tribunatumque
391 943 458 983 cum
479 925 515 983 L.
540 924 702 983 Saturnino
724 923 861 1001 petebat,
893 944 910 982 a
933 923 965 983 0.
989 925 1083 983 Mario

118 1009 150 1067 in
173 1009 340 1068 custodiam
363 1009 527 1068 coniectum
550 1009 678 1084 populus
701 1009 813 1082 eripuit

184 1099 213 1152 et
236 1091 270 1162 Q.
294 1093 447 1153 Metellum
476 1111 627 1151 censorem
649 1093 800 1168 lapidibus
823 1095 1013 1168 prosternere
1036 1102 1116 1152 coa

80 1190 105 1229 1⁰
119 1181 208 1237 natus
230 1181 285 1249 est,
308 1178 387 1254 quod
409 1179 435 1236 is
457 1178 494 1235 ab
510 1196 543 1236 eo
560 1196 681 1236 censum
696 1181 847 1252 tamquam
865 1197 882 1236 a
898 1177 944 1236 Ti.
957 1175 1082 1236 Gracchi

118 1260 180 1321 filio
208 1262 331 1321 nolebat
358 1262 505 1336 accipere,
536 1260 694 1320 adfirmans
718 1261 884 1320 Gracchum
912 1263 975 1320 tros
1005 1261 1083 1320 filios

118 1345 272 1418 habuisse,
302 1346 448 1422 equibus
471 1366 564 1404 unum
587 1346 617 1404 in
641 1344 778 1404 Sardinia
799 1347 947 1422 stipendia
969 1365 1084 1404 maren·

119 1433 196 1504 tem,
225 1431 352 1488 alterum
373 1430 519 1489 infantem
542 1430 716 1502 Praeneste,
745 1431 867 1488 tertium
898 1433 967 1505 post
988 1431 1083 1505 patris

119 1517 247 1573 mortem
269 1518 373 1573 natum
395 1515 506 1573 Romae
529 1515 696 1573 decessisse.

81 1613 105 1650 1⁵
183 1599 316 1675 Populus
338 1599 490 1657 Romanus
513 1599 728 1675 conpetitorem
751 1597 904 1656 Saturnini
926 1598 1082 1656 Nunnium
1101 1609 1117 1656 3

120 1683 215 1741 ciuem
244 1684 394 1758 integrum
424 1683 547 1755 occidit,
576 1691 611 1741 ut
633 1682 838 1759 adipiscendae
861 1683 1019 1758 potestatis
1041 1683 1085 1740 fa-

120 1768 216 1827 cultas
238 1771 335 1826 teetro
358 1769 472 1827 homini
495 1769 624 1826 daretur.

184 1851 395 1926 Sempronium
418 1852 600 1912 Asellionem
629 1855 798 1927 praetorem
825 1852 974 1910 urbanum
1003 1845 1118 1910 alal

122 1933 224 1995 Cassio
248 1937 392 1996 concitati
415 1937 594 2008 creditores,
625 1936 703 2013 quod
726 1936 751 1994 is
775 1955 893 1995 causam
916 1936 1084 1994 debitorum

81 2032 107 2071 20
122 2025 301 2097 susceperat,
325 2040 378 2096 pro
400 2021 472 2080 aede
489 2020 670 2080 Concordiae
687 2019 916 2097 sacrificantem,
933 2025 951 2091 †
966 2020 1038 2096 iuga
1052 2021 1085 2078 in

120 2105 286 2179 tabernula,
311 2125 401 2180 quam
423 2106 562 2182 petierat,
586 2102 816 2179 discerpserunt.

185 2189 259 2248 Cum
283 2188 425 2248 (lilerio
448 2190 515 2266 lege
538 2190 671 2265 Sulpicia
693 2193 726 2247 ut
749 2189 893 2248 aduersus
915 2185 1129 2276 Millsldss'ciffl

120 2275 180 2330 tem
203 2273 316 2331 bellum
337 2277 455 2349 gereret
478 2275 628 2332 decretum
650 2275 742 2349 esset,
768 2271 921 2332 Gratidius
944 2274 980 2331 ad
1005 2274 1071 2332 Sul·
1130 2265 1135 2278 ’

120 2357 180 2417 lam
208 2358 316 2416 missus
345 2358 582 2432 accipiendarum
609 2358 761 2433 legionum
789 2377 875 2416 causa
898 2377 915 2415 a
936 2358 1084 2418 militibus

81 2453 106 2493 25
121 2441 234 2500 occisus
257 2445 311 2500 est.

184 2523 218 2594 Q.
235 2525 412 2601 Pompeium
433 2543 490 2584 coe.
509 2525 609 2584 Sullae
632 2525 776 2600 collegam
797 2527 880 2584 iussu
903 2529 1023 2585 senatus
1046 2526 1117 2584 adr

120 2610 282 2670 exercitum
305 2607 356 2669 Gn.
380 2609 504 2685 Pompei
528 2605 697 2690 [missum]‚
725 2629 812 2684 quem
841 2611 893 2669 ille
919 2611 1016 2669 inuita
1046 2611 1085 2669 ci-

120 2694 216 2752 uitate
239 2694 402 2767 obtinebat,
428 2695 605 2753 contendere
629 2713 734 2752 ausum
755 2695 907 2754 ambitiosi
923 2696 1005 2754 ducis
1021 2696 1084 2752 ille·

119 2779 213 2838 cebris
247 2780 381 2854 corrupti
413 2779 524 2837 milites
560 2777 724 2838 sacrificare
751 2778 943 2854 incipientem
974 2783 1083 2838 macta-

80 2876 105 2914 20
118 2866 237 2922 uerunt.

186 2966 202 3012 2
219 2958 289 3013 urbe
307 2959 372 3012 Mai
395 2961 405 3027 11
429 2958 576 3012 {stitutum
593 2971 643 3015 om.
661 2974 696 3011 m.
708 2962 739 3024 1,
769 2959 835 3012 add.
853 2962 917 3016 m.3
940 2960 950 3026 11
973 2964 988 3011 6
1007 2958 1036 3016 L.
1055 2977 1082 3027 q.

118 3025 256 3094 equitium
268 3029 278 3094 ΙΙ
293 3033 324 3080 15
342 3027 464 3096 populus
482 3042 615 3080 romanus
632 3042 668 3078 m.
680 3029 705 3090 1,
725 3041 794 3094 gens
811 3042 929 3079 romana
940 3043 961 3080 s.
974 3027 991 3079 l.
1003 3031 1061 3080 m.3
1073 3028 1083 3093 ll

117 3094 254 3146 nunnium
271 3110 306 3148 m.
319 3097 346 3160 2,
365 3094 525 3147 nuntiatum
544 3110 579 3148 m.
592 3097 609 3146 1
622 3094 631 3160 l
645 3098 676 3146 18
691 3097 850 3146 urbaenum
864 3095 874 3162 ss
887 3099 920 3147 20
932 3093 1001 3163 fuga
1012 3111 1046 3152 m.
1057 3099 1082 3159 1,

4 3199 9 3208 ·
117 3161 165 3216 aed
182 3162 215 3214 ia
232 3177 293 3215 mar
314 3203 319 3214 .
337 3165 405 3216 aad
423 3161 489 3218 add.
508 3161 543 3215 ab
561 3160 630 3229 ipsis
649 3160 704 3214 arie
722 3159 820 3229 fugere
840 3163 967 3214 coactum
987 3161 1038 3226 (sic
1055 3165 1084 3216 Π

118 3231 216 3297 quon),
236 3175 311 3298 quoi
325 3245 411 3298 recep,
429 3229 494 3282 Mai
510 3229 611 3296 Halm,
638 3227 703 3293 fort.
722 3227 851 3297 fugatum
869 3229 970 3295 Halm,
992 3230 1084 3296 poscis

118 3297 201 3350 etiam
217 3297 296 3351 carah.
314 3296 382 3364 fuga
400 3296 520 3350 salutem
538 3311 674 3363 quaerere
694 3297 822 3348 coactum
834 3299 845 3364 ΙΙ
858 3303 887 3348 ‘31
908 3296 1059 3351 tabernula*a
1070 3297 1083 3366 ll

118 3381 204 3433 quam
221 3365 487 3433 peneratm.11126
506 3364 584 3419 sillae
602 3381 636 3422 m.
649 3367 674 3426 1,
693 3363 780 3430 syllae
798 3366 865 3418 me
885 3365 895 3432 ΙΙ
917 3371 950 3419 27
967 3366 1083 3419 missum

117 3433 231 3496 iactum,
259 3431 369 3486 mauult
387 3448 476 3501 coque
499 3437 564 3486 aare
581 3429 751 3486 contendere
770 3431 872 3486 addere
891 3432 991 3486 Gertz*
1015 3435 1025 3502 ΙΙ
1050 3438 1083 3488 28

118 3499 280 3553 ambitiosi*
300 3505 322 3566 (s
340 3515 409 3558 eras.
426 3499 500 3567 uid)
522 3502 532 3568 11
553 3498 693 3554 illecebris
710 3514 730 3557 a.
749 3499 766 3554 l.
786 3517 820 3554 m.
832 3503 859 3570 3,
878 3501 976 3568 picibus
994 3504 1081 3570 m.1u

4 3585 6 3618 1
118 3573 150 3621 29
168 3568 364 3626 mactauerant
380 3584 413 3622 m.
428 3572 444 3620 1
