2608 3952
195 329 409 413 aequitatem,
431 350 528 414 quarn
548 329 721 411 impetrare
742 349 809 392 non
830 331 998 411 potuerat,
1020 330 1178 411 extersit,
1290 329 1291 386 l

194 415 302 498 potius
329 415 523 498 praesidium
556 435 577 477 a
606 413 755 476 hbertste
782 435 879 496 quam
908 414 950 477 ab
980 414 1181 478 innocentia
1291 509 1292 530 Χ

194 502 352 562 mutuata.

258 583 289 649 2.
323 582 393 646 lam
414 582 471 646 illa
490 603 559 645 non
581 580 685 645 solum
707 581 815 663 fortis,
845 581 902 646 sed
923 582 1021 645 etiam
1041 582 1176 646 urbana

169 666 338 732 alibertas.
380 666 554 732 senectutis
574 665 709 729 ultimae
730 665 888 748 quaedam
907 665 1077 748 Syracusis
1100 688 1176 730 om·

194 752 290 817 nibus
306 751 453 835 Dionysii
475 751 607 834 tyranni
630 750 765 813 exitium
785 754 919 833 propter
940 751 1075 814 nimiam
1101 773 1176 814 mo-

194 859 266 900 rum
288 837 495 900 acerbitatem
517 839 550 899 et
571 834 790 898 intolerabilia
803 855 902 898 onera
914 836 1002 898 uotis
1017 839 1174 918 expeten-

194 921 282 985 trbus
301 921 372 985 sola
386 920 504 984 cotidie
518 919 678 982 matutino
690 923 837 1001 tempore
851 918 929 982 deos
943 924 980 982 ut
997 919 1176 983 incolumis

197 1026 237 1070 ac
258 1005 322 1070 sibi
341 1009 503 1088 superstes
524 1008 609 1067 esset
629 1003 754 1066 orabat
782 1002 868 1086 quod
881 1003 938 1066 ubi
958 1003 987 1067 is
1001 1004 1172 1088 cognouit,

159 1110 265 1154 innon
288 1089 429 1152 debitam
443 1088 506 1151 sibi
525 1088 701 1152 adunatus
725 1087 978 1151 beniuolentiam
1000 1089 1176 1152 arcessiuit

196 1195 266 1238 eam
289 1177 323 1236 et
344 1171 420 1256 quid
441 1173 488 1236 ita
501 1171 563 1236 boc
577 1175 635 1236 aut
650 1192 714 1254 quo
728 1173 844 1235 merito
859 1193 918 1235 suo
935 1172 1057 1236 faceret
1069 1173 1175 1236 inter-

195 1257 333 1341 rogauit.
369 1261 440 1320 tum
461 1256 518 1320 illa
539 1260 646 1320 ‘certa
667 1261 733 1320 cst’
755 1257 863 1339 inquit
885 1257 989 1320 ‘ratio
1010 1255 1175 1340 propositi

196 1341 274 1404 mei:
296 1341 407 1425 puella
421 1341 516 1419 enim,
540 1362 613 1405 cum
628 1362 763 1426 grauem
777 1345 953 1423 tyranuum
967 1339 1175 1424 haberemus,

197 1445 303 1490 carere
326 1447 364 1490 co
380 1426 558 1510 cupiebam.
585 1447 649 1509 quo
662 1425 836 1490 interfecto
851 1425 1020 1508 aliquanto
1034 1426 1176 1489 taetrior

159 1535 186 1575 rs
197 1531 305 1575 arcem
331 1511 509 1595 occupauit.
553 1511 620 1575 eius
646 1531 773 1593 quoque
799 1510 887 1572 finiri
915 1510 1174 1574 dominationem

195 1595 308 1680 magni
322 1595 542 1660 aestimabam.
578 1595 711 1658 tertium
726 1599 760 1658 te
782 1593 1000 1677 superioribus
1022 1594 1175 1677 inportu·

195 1682 322 1745 niorem
342 1680 463 1744 habere
484 1680 648 1762 coepimus
668 1681 836 1745 rectorem.
870 1679 978 1761 itaque
1000 1700 1064 1757 ne,
1087 1679 1114 1741 si
1137 1681 1176 1742 tu

194 1764 294 1829 fueris
315 1765 518 1848 absumptus,
547 1764 687 1828 deterior
707 1763 744 1826 in
765 1763 872 1826 locum
892 1767 984 1827 tuum
1005 1763 1176 1846 succedat,
1294 1791 1295 1798 ¹

196 1853 424 1946 caputumeum'
445 1852 584 1945 protus
606 1847 710 1945 salute
732 1847 908 1944 deuoueo’.
946 1853 1013 1910 tam
1030 1848 1172 1911 facetam

157 1957 183 1998 w
196 1931 559 2081 andiimliitdiliisysdis
602 1933 972 2100 dddiiruliinilliibnaeum
994 2015 1086 2099 qnasi
1099 2015 1174 2078 aui-

196 2099 1173 2268 llllldllltdlut‘tfflyllllbomllglllssdl

199 2269 260 2334 sibi
282 2269 463 2349 minitanti,
486 2269 680 2333 ‘enimuero'
703 2268 811 2351 inquit
833 2269 1017 2354 ‘magnifica
1036 2289 1088 2332 res
1107 2268 1170 2332 tibi

157 2379 184 2422 ss
198 2352 350 2438 contigit,
379 2354 455 2437 quia
477 2352 674 2418 cantharidis
695 2353 764 2417 uim
785 2353 955 2418 adsecutus
981 2359 1042 2416 es’.
1082 2374 1169 2416 cum-

196 2457 259 2522 que
280 2436 344 2502 boc
373 2437 458 2502 dicto
486 2459 640 2502 accensus
669 2437 755 2502 cruci
783 2459 855 2502 eum
878 2437 988 2522 suffigi
1013 2437 1171 2518 iussisset,

196 2521 386 2586 ‘terribilis’
409 2523 456 2587 ait
479 2522 575 2586 ‘haec
590 2523 633 2587 sit
647 2522 832 2606 purpuratis
850 2523 930 2601 tuis,
952 2541 1025 2586 mea
1039 2521 1170 2605 quidem

196 2606 280 2672 nihil
303 2607 439 2672 interest
459 2606 548 2670 humi
572 2628 614 2671 en
636 2607 773 2671 sublime
794 2609 1002 2690 putrescam’.

265 2813 278 2861 1
298 2808 481 2877 equalitatem
499 2808 538 2863 L¹
556 2812 582 2862 et
599 2808 654 2862 litt.
673 2807 701 2862 al
718 2807 826 2862 induet.
839 2808 867 2860 A
879 2809 890 2876 l
902 2807 1030 2876 extorsit]
1050 2807 1117 2861 aaa.
1135 2822 1170 2860 ac

195 2875 234 2954 13³
246 2877 256 2944 Ι
268 2883 284 2930 3
297 2875 427 2955 mutuatis
435 2876 517 2956 L¹A¹
553 2874 637 2953 tilii
647 2875 716 2929 LA¹
753 2877 797 2929 set
806 2875 954 2954 Allurba
964 2876 1003 2928 A¹
1015 2877 1026 2952 [Ι
1038 2881 1054 2928 5
1067 2874 1171 2942 syricu-

194 2945 320 3013 s1sAflt
339 2943 507 3064 dpomsrLt
545 2945 709 3020 yoursisA¹‚
746 2959 850 3011 yoursu
861 2943 1087 3010 L²A²llexrtum
1104 2941 1167 3010 ΠΙ

195 3017 210 3066 '1
229 3012 355 3066 aceruita
369 3027 414 3065 em
432 3010 512 3065 L¹A¹
526 3013 536 3080 ΙΙ
549 3017 565 3065 8
578 3012 719 3064 matutino
730 3041 760 3050 -
772 3015 803 3063 13
816 3026 933 3080 grauem
945 3012 977 3078 ty
988 3010 1021 3064 ic
1032 3025 1089 3064 ros.
1103 3013 1172 3064 md

193 3079 290 3135 maltis
301 3078 436 3134 adhibitis
446 3079 603 3157 scriptione
614 3078 783 3146 compendiis
791 3079 819 3132 A
831 3078 841 3146 ll
852 3077 1043 3132 incolomisL¹
1056 3079 1066 3145 ΙΙ
1080 3083 1113 3132 10
1124 3093 1169 3131 ar·

194 3145 309 3200 cessiuit
325 3161 389 3212 noe,
412 3148 528 3200 arcessit
545 3145 573 3199 L
590 3150 615 3199 et
632 3161 701 3201 corr.
720 3162 754 3200 es
772 3145 890 3200 accersit
907 3162 942 3202 m.
953 3147 973 3200 2
984 3145 1045 3265 A]
1066 3151 1096 3198 11
1114 3143 1171 3198 hoc

193 3214 301 3270 dictust.
319 3216 347 3268 A
359 3214 370 3283 ΙΙ
383 3219 416 3268 14
433 3214 535 3267 tetrior
551 3213 579 3266 L
590 3214 602 3281 ΙΙ
615 3218 646 3267 17
665 3213 790 3282 cepimus
809 3214 849 3281 L,
871 3213 999 3280 cupimus
1047 3213 1126 3280 ¹lne
1145 3212 1171 3265 si

193 3280 290 3348 L²A²,
308 3281 362 3335 nisi
380 3281 463 3335 L¹A¹
521 3285 553 3334 18
575 3281 743 3349 adsumptus
760 3281 798 3333 A¹
823 3281 833 3350 ss
858 3286 891 3334 20
914 3279 1058 3348 dyonisius
1069 3279 1137 3358 'LA
1157 3281 1173 3384 'l

193 3353 225 3401 21
245 3349 318 3403 hanc
335 3349 376 3403 L’
393 3350 403 3417 l
420 3348 470 3402 tho
492 3363 572 3403 orum
590 3349 628 3402 A¹
647 3349 684 3416 llo
719 3363 820 3401 cneum
839 3347 898 3400 LA
917 3347 927 3416 ΙΙ
944 3352 977 3402 28
998 3345 1113 3401 bumme
1131 3347 1160 3401 A

192 3415 263 3469 Par.
286 3415 388 3484 Halm,
412 3416 472 3471 coll.
499 3415 555 3471 Oic.
574 3415 654 3470 Tose.
712 3418 844 3480 43‚102‚
862 3418 893 3470 'et
915 3431 983 3470 sane
1004 3415 1045 3470 sic
1066 3429 1174 3484 semper

192 3481 251 3548 fere
267 3481 328 3536 Vol.
342 3484 352 3550 ΙΙ
364 3484 511 3551 putescam
523 3484 562 3537 Αἱ
575 3500 588 3537 e
599 3485 681 3546 Pae,
698 3482 795 3537 Halm.
808 3483 877 3552 quid
888 3482 1032 3552 scripserit
1048 3482 1111 3538 Vol.
1123 3483 1172 3537 in-

194 3553 305 3605 sertion.
328 3550 364 3615 ef.
377 3549 499 3618 Madseip
517 3551 550 3605 de
567 3550 765 3618 fin.V13,38

1289 3567 1296 3602 l
