2550 3958
223 151 288 217 450
624 145 692 199 uus.
712 103 801 200 uiui.

223 301 300 386 quia
321 321 389 365 nou
405 319 463 365 sua
478 301 603 382 sponte,
625 297 680 362 sed
696 299 790 362 uanis
805 297 984 363 concitatus
999 299 1206 384 imaginibus

224 387 337 470 culpae
353 406 387 450 se
402 382 547 467 inplicat.
581 383 637 530 (Hui
652 403 748 466 quam
763 382 828 446 late
843 383 877 446 iu
892 385 1089 466 pectoribus
1107 386 1205 451 homi·

223 493 301 537 num
318 475 455 555 uagetur
470 468 498 532 si
512 489 597 551 conp
612 468 675 532 eoti
690 487 798 548 coner,
820 468 913 550 uitio,
930 466 968 531 de
991 489 1060 550 quo
1079 471 1202 555 loquor,

224 557 285 620 sim
308 556 473 621 obnoxius.
516 573 635 638 paucos
662 552 763 637 igitur
785 552 853 616 eius
874 553 984 636 lapsus
1006 553 1203 620 referemus.

197 685 210 726 a
289 661 317 726 1.
334 659 369 724 0.
384 657 519 723 Heluius
536 654 641 721 Oiuna
655 654 804 718 tribunus
820 654 863 738 pl.
880 675 919 718 ex
932 653 1053 719 funere
1069 655 1113 721 O.
1129 657 1205 723 an-

222 746 302 810 saris
325 744 456 808 domum
472 762 562 807 suam
584 743 700 822 petens
715 738 827 822 populi
850 738 998 802 manibus
1014 739 1204 827 discerptus

223 833 272 894 est
293 850 351 913 pro
366 824 518 893 Cornelio
535 823 650 904 Cinna,
672 824 707 886 in
722 844 816 906 quem
832 823 954 888 saeuire
977 844 1012 887 se
1029 826 1203 891 existima·
1254 849 1255 936 p

223 915 278 978 bat
299 915 403 978 iratus
425 912 470 994 ei,
495 909 596 994 quod,
621 929 693 972 cum
716 908 831 972 adfinis
854 911 938 972 esset
954 907 1124 990 Caesaris,
1152 913 1202 976 ad-

222 1019 334 1062 uersus
357 1018 429 1061 eum
451 994 574 1059 nefarie
595 996 727 1076 raptum
748 993 881 1076 impiam
903 1014 962 1141 pro
985 996 1110 1060 rostris
1137 1019 1202 1061 ora·

183 1107 209 1146 10
221 1083 344 1147 tionem
359 1080 537 1161 habuisset,
561 1098 661 1161 eoque
681 1098 788 1142 errore
803 1098 907 1162 propu
920 1099 973 1142 sus
989 1082 1058 1161 est,
1083 1085 1129 1145 ut
1153 1103 1201 1146 ca·

245 1171 281 1231 ut
296 1165 393 1229 Helui
407 1163 540 1248 perinde
556 1165 653 1245 atque
669 1161 799 1228 Corneli
815 1162 900 1226 eirca
914 1183 1031 1246 rogum
1045 1163 1204 1230 Caesaris

220 1189 320 1314 ξιιιιιι
342 1249 447 1314 iaculo
470 1249 586 1328 ferret,
610 1246 710 1310 officii
733 1247 799 1328 sui,
823 1247 922 1311 alieni
944 1248 1065 1312 erroris
1088 1252 1203 1334 piacu-

219 1341 287 1405 lum
309 1333 505 1399 miserabile!

283 1438 314 1502 2.
348 1437 433 1504 Nam
461 1437 498 1502 Ο.
523 1433 667 1501 Cassium
695 1454 826 1497 errore
848 1436 949 1498 semet
974 1434 1047 1517 ipso
1071 1458 1201 1519 poenus

182 1523 349 1606 reerigere
378 1521 498 1604 coegit:
530 1521 616 1584 inter
643 1517 735 1582 illurn
764 1519 849 1582 euim
877 1539 1006 1603 pugnae
1034 1525 1200 1603 quattuor

219 1607 417 1673 exercituum
437 1604 522 1689 apud
546 1601 715 1685 Philippos
736 1603 861 1668 uarium
888 1603 1031 1700 ipsisque
1056 1605 1199 1672 ducibus

217 1693 367 1779 ignotum
399 1693 550 1756 euentum
582 1688 696 1751 missus
731 1689 771 1751 ab
804 1709 842 1752 eo
869 1686 1008 1753 Trlinius
1041 1695 1198 1757 centurio

218 1780 377 1842 nocturno
399 1781 558 1858 tempore,
581 1776 618 1836 ut
639 1772 859 1854 specularetur
880 1793 1021 1856 quonam
1042 1774 1081 1837 in
1105 1780 1197 1841 statu

217 1883 269 1927 res
292 1862 337 1925 M.
360 1860 454 1926 Bruti
476 1861 600 1938 essent,
623 1855 699 1920 dum
722 1857 848 1922 crebros
869 1878 1017 1922 excessus
1038 1860 1114 1924 uiae
1141 1883 1197 1944 pe-

180 1975 205 2012 ro
218 1947 267 2028 tt,
291 1946 365 2030 quia
386 1945 590 2010 tenebrarum
613 1941 789 2006 obscuritas
811 1941 962 2006 hostesne
983 1964 1025 2006 an
1042 1946 1196 2010 conmili-

218 2033 310 2094 tones
333 2032 538 2095 occurrerent
559 2028 727 2092 dinoscere
748 2047 816 2090 nou
839 2027 975 2109 sinebat,
998 2028 1128 2093 tardius
1153 2031 1194 2095 ad

218 2113 364 2180 Cassium
386 2113 491 2178 rediit.
523 2133 619 2197 quem
641 2110 669 2173 is
692 2114 861 2194 exceptum
883 2112 925 2176 ab
947 2113 1097 2177 hostibus
1121 2135 1193 2180 orn-

216 2200 335 2282 niaque
370 2198 405 2262 in
438 2218 547 2263 eorum
587 2198 781 2280 potestatem
814 2197 965 2262 recidisse
998 2197 1193 2265 existimaus

217 2283 309 2347 finire
332 2282 431 2347 uitam
452 2282 648 2366 properauit,
674 2301 747 2345 eum
762 2282 794 2345 et
816 2285 922 2346 castm
936 2281 1079 2346 hostium
1103 2284 1192 2349 inui-

178 2391 204 2433 ιι
217 2388 286 2433 cem
302 2370 397 2450 capta
419 2371 452 2432 et
469 2366 559 2431 Bruti
579 2364 690 2449 copiae
705 2387 824 2448 magna
839 2387 878 2430 ex
898 2369 991 2451 parte
1005 2366 1192 2433 incolumes

216 2456 332 2518 es'sent.
371 2451 473 2516 Titini
495 2473 572 2516 uero
596 2472 662 2516 non
685 2449 898 2515 obliteranda.
911 2451 1041 2515 silentio
1065 2453 1185 2537 uirtus,

216 2539 271 2621 qui
294 2537 394 2602 oculis
421 2537 583 2622 paulisper
611 2536 716 2601 haesit
743 2535 912 2618 inopinato
935 2536 1069 2601 iacentis
1093 2537 1189 2602 ducis

216 2624 399 2707 spectaculo
427 2621 600 2703 attonitus,
633 2619 748 2686 deinde
782 2620 933 2702 profusus
966 2621 1001 2684 in
1033 2620 1188 2687 lacrimas
1257 2685 1259 2700 Λ

215 2708 287 2774 ‘etsi
302 2706 491 2792 inprudens'
513 2706 630 2789 inquit,
654 2706 849 2788 ‘imperator‚
874 2726 970 2770 causa
991 2706 1053 2769 tibi
1068 2707 1187 2772 mortis

282 2933 298 2982 3
316 2927 438 2996 uagatur
456 2927 482 2979 A
499 2927 509 2994 ΙΙ
530 2929 546 2979 5
565 2922 593 2982 0.
612 2939 681 2979 crue.
699 2923 732 2978 iu
748 2925 790 2990 A,
808 2938 859 2978 om.
878 2925 947 2978 Pur.
967 2925 977 2992 l
999 2929 1014 2978 6
1032 2939 1112 2978 suam
1131 2938 1187 2983 orn.

212 2995 282 3050 Par.
296 2995 333 3063 ll
352 3010 382 3048 se
400 2993 492 3048 seuire
511 2991 662 3047 estimabat
679 2993 729 3060 ΠΗ
744 2998 772 3045 11
792 2992 881 3046 heluii
897 2991 938 3045 A²
956 2992 966 3060 l
983 2991 1186 3061 abque-ro-

212 3064 290 3132 gum]
314 3063 436 3117 caesaris
459 3060 560 3114 fixum
576 3090 606 3099 -
626 3059 724 3129 alieni]
751 3059 778 3112 A
797 3059 809 3129 Η
830 3065 863 3113 14
884 3075 950 3114 nam
967 3059 1022 3125 A¹,
1038 3059 1099 3113 Iam
1118 3061 1182 3130 Μ

213 3137 245 3186 1'1
272 3131 407 3200 agnotum
430 3129 469 3183 A¹
519 3129 579 3183 tine
599 3141 671 3183 *sus
695 3128 753 3197 (scd
776 3143 791 3179 e
815 3132 895 3183 cetra
918 3143 989 3182 acra.
1013 3143 1048 3181 m.
1072 3130 1117 3190 2.)
1140 3128 1183 3196 A,

211 3199 317 3253 tineius
341 3197 440 3264 ΟΕΓ,
463 3197 556 3250 tineus
617 3238 625 3265 ‚
652 3195 731 3250 tineo
753 3197 849 3258 Pur.¹‚
868 3195 956 3250 tinoio
974 3195 1067 3260 Pur.²,
1093 3194 1185 3250 tinius

212 3269 253 3332 Π;
273 3271 304 3320 at
321 3282 349 3322 a.
367 3267 446 3322 Plul.
462 3265 547 3323 Brut.
565 3267 600 3318 43
622 3270 648 3320 et
665 3262 738 3332 App.
758 3264 811 3318 clu.
832 3263 909 3316 1111
924 3267 975 3317 113
987 3265 996 3331 l
1010 3268 1042 3316 18
1060 3262 1090 3314 in
1103 3263 1184 3318 statu

211 3349 256 3388 res
274 3334 313 3386 A²
331 3347 399 3388 corr.
417 3349 431 3387 e
448 3333 531 3398 Pau,
554 3331 681 3386 instantis
696 3332 734 3384 A¹
752 3331 762 3399 ΙΙ
779 3337 811 3383 22
829 3330 905 3385 redit
921 3331 949 3383 A
965 3333 975 3400 ll
993 3330 1089 3385 omnia
1107 3346 1184 3397 quae

210 3401 249 3453 A¹
271 3402 281 3467 ll
302 3407 335 3453 23
357 3416 397 3454 aa
420 3399 570 3454 cecidisse?
593 3403 603 3468 ss
625 3406 658 3453 24
681 3401 710 3452 et
732 3401 824 3452 castra
846 3399 970 3454 hostium
992 3399 1023 3452 in
1044 3413 1101 3452 raa.
1120 3399 1149 3452 A
1169 3422 1172 3489 Ι

153 3511 165 3536 ,
211 3471 244 3519 ab
261 3466 415 3520 incolumes
434 3467 485 3531 (sic
501 3471 525 3520 Ιι.
544 3467 574 3534 l.)
593 3466 621 3520 A
642 3469 652 3536 ΙΙ
674 3472 706 3521 26
730 3465 800 3520 tinei
818 3467 845 3519 A
866 3467 876 3534 ΙΙ
897 3465 1089 3521 oblitteranda
1106 3466 1149 3519 Αι
1169 3496 1172 3534 2

211 3536 244 3585 29
262 3546 347 3583 causa
364 3533 425 3597 (sed
444 3549 496 3586 cau
513 3534 545 3587 iu
562 3534 629 3601 rae.)
646 3535 675 3589 A
