2550 3958
232 166 300 221 LlB.
319 167 368 222 ΙΙΙ.
397 167 473 222 CAP.
486 174 510 234 2,
529 168 591 222 axe.
604 175 680 223 6-9.
710 169 899 238 CAP.3,1.2.
990 173 1054 238 505

153 325 351 386 Theramenes
373 325 565 386 Atheniensis
594 327 720 404 triginta
749 329 946 403 tyrannorum
968 329 1086 391 iussae

82 417 253 486 porrectam
288 409 439 486 potionem
469 411 577 472 ueneni
609 428 670 470 non
703 411 876 471 dubitanter
908 413 1051 488 exhausit,

83 494 225 570 quodque
253 513 289 554 ex
318 513 354 554 aa
381 495 569 571 superfuerat
595 495 778 555 iocabundus
809 497 930 556 inlisum
962 499 1051 558 humo

83 597 160 639 sono
183 579 263 639 adito
285 579 425 638 renidens
445 597 533 638 seruo
556 579 674 655 publico
698 577 833 640 ‘Critias’
856 581 958 657 inquit
974 583 1051 659 ‘pro-

38 678 53 719 s
83 663 182 739 pino’.
220 666 398 723 enatantem
412 664 460 723 hic
475 683 509 723 ex
524 665 651 740 triginta
667 665 803 740 tyrannis
819 665 1050 728 crudelissimus.

151 748 358 825 Rhoetogenes
373 748 576 808 Numantinus
600 748 727 808 adflictis
750 749 839 809 rebus
855 749 1050 811 Numantino·
1071 759 1086 808 7

83 850 152 890 rum
181 833 281 892 uicum
308 850 407 904 sunm,
439 833 491 908 qui
513 833 546 891 in
568 852 602 892 ca
623 834 698 892 urbe
721 834 955 908 speciosissimus
979 839 1050 909 arat,

83 917 232 976 incendit:
264 917 401 986 strictum
428 916 562 992 gladium
590 917 622 975 in
649 917 747 976 madio
775 919 877 992 posuit
904 938 938 978 aa
965 919 1051 980 binos

83 994 228 1060 dimicare
257 1002 359 1072 iussit,
389 1003 424 1060 ut
445 1001 544 1060 uictus
566 1001 758 1061 occideretur.
802 1003 867 1077 ipse
888 1003 1051 1064 nouissime

42 1098 68 1136 1⁰
84 1104 117 1144 se
139 1084 268 1145 flammis
290 1085 414 1145 inmisit.

150 1168 244 1245 Capta
259 1168 440 1245 Carthagine
462 1187 538 1228 uxor
559 1169 756 1232 Hasdrubalis
778 1171 883 1231 dextra
904 1173 1085 1248 laeuaquet

82 1253 161 1313 filios
183 1253 304 1312 trahens
327 1253 463 1312 incendio
485 1271 516 1314 se
538 1254 698 1328 superiacit
718 1258 857 1316 accusato
872 1255 947 1328 uiro,
970 1258 1050 1332 quod

81 1338 179 1396 uitam
200 1355 218 1396 a
239 1336 376 1413 Scipione
397 1340 499 1413 petere
521 1338 717 1398 sustinnisset.

25 1479 26 1488 ,
149 1421 225 1482 Cum
253 1421 396 1497 pestilera
423 1422 568 1482 seditione
591 1422 808 1498 Syracusarum
834 1425 899 1482 tota
927 1422 1083 1484 Gelonisa

25 1519 68 1574 ¹15
83 1506 179 1582 stirps
208 1508 385 1581 consumpta
412 1509 492 1566 esset
517 1508 549 1565 et
575 1507 664 1566 unica
686 1510 856 1582 superesset
879 1507 1049 1581 Harmonia,

25 1593 26 1596 ’
83 1609 150 1650 cum
173 1590 211 1649 ad
235 1609 298 1648 eam
320 1591 357 1650 ab
380 1589 508 1650 iuimiois
530 1592 660 1666 impetus
674 1590 770 1664 fieret,
792 1591 895 1650 nutrix
910 1592 1050 1653 suborna-

25 1733 26 1750 χ
82 1677 144 1733 tam
168 1674 322 1749 aequalem
343 1675 476 1751 puellam
490 1675 651 1736 hostilibus
666 1675 776 1750 gladiis
791 1675 929 1735 subiecit.
962 1695 1049 1753 quas,

25 1815 27 1852 ᾗ
81 1778 120 1818 ne
143 1777 210 1819 cum
231 1759 310 1818 ferro
332 1760 453 1835 quidem
474 1759 685 1834 trucidaretur,
709 1760 792 1820 cuius
807 1763 887 1820 esset
902 1761 1048 1821 condicio·

82 1844 129 1903 nis
159 1843 365 1920 proclamauit.
411 1844 560 1902 admirata
592 1844 709 1919 puellae
742 1845 940 1905 constantiam
973 1845 1050 1904 Har·

25 1941 69 1980 ¹20
83 1929 185 1988 monia
207 1947 238 1988 se
260 1947 325 1988 esse
347 1947 437 2004 quam
458 1932 634 2004 quaererent
656 1929 716 1989 illis
735 1928 869 2005 professa
884 1933 939 2003 ast,
962 1933 994 1990 et
1007 1930 1050 1990 ita

25 2071 26 2088 p
83 2017 225 2088 utraeque
245 2013 407 2089 perierunt.

412 2182 466 2240 Dlll
488 2180 719 2242 PATIENTIA.

147 2279 222 2340 Cum
234 2301 251 2340 a
261 2282 395 2341 Porsena
404 2301 473 2356 rege
485 2283 678 2342 Etruscorum
693 2284 797 2343 urbem
812 2287 948 2344 nostram
959 2286 1044 2361 grani
1054 2292 1103 2357 ΒΛ

83 2385 117 2426 ac
144 2365 286 2426 diuturno
314 2365 393 2424 bello
421 2367 543 2444 urgueri
566 2386 654 2444 aegra
678 2368 794 2427 Mucius
817 2368 921 2440 ferret,
952 2372 1051 2430 castra

49 2464 74 2505 ss
89 2451 151 2510 ains
173 2451 300 2510 intrauit
321 2450 582 2526 immolantemque
605 2455 728 2511 conatus
744 2452 876 2511 occidere
892 2470 1050 2529 oppressus

26 2581 28 2616 3
84 2538 139 2595 est.
183 2553 308 2610 perosus
335 2535 437 2610 itaque
466 2534 617 2594 dextoram
645 2555 745 2611 suam,
775 2537 854 2611 quod
876 2537 940 2596 eius
963 2537 1049 2595 mini-

84 2620 176 2680 sterio
199 2620 244 2678 uti
265 2620 428 2696 nequisset,
450 2617 589 2679 iniectam
612 2620 710 2679 foculo
732 2620 815 2678 exuri
830 2639 936 2694 passus
952 2623 1006 2680 est,

147 2703 322 2780 Pompeius,
352 2704 424 2762 dum
450 2703 609 2779 legationis
638 2703 737 2762 officio
760 2703 911 2780 fungitur,
940 2669 1084 2780 aroge2

26 2751 28 2848 ξ
85 2788 192 2849 Gentio
214 2789 412 2863 interceptus,
445 2805 510 2846 cum
532 2793 652 2848 senatus
675 2788 798 2847 consilia
820 2788 947 2864 prodere
967 2788 1050 2847 iuba-

26 2881 72 2956 3ao
85 2875 181 2950 retur,
209 2873 327 2932 ardenti
354 2873 492 2931 lucernae
520 2873 673 2931 admotum
700 2872 829 2948 digitum
858 2873 1049 2931 cremandum

26 3005 28 3040 p
83 2955 220 3033 praebuit
247 2960 277 3015 et
304 2975 339 3014 aa
364 2957 511 3032 patientia
537 2957 600 3033 regi
630 2956 868 3033 desperationem
889 2957 1048 3033 quicquam

84 3061 119 3100 ex
140 3059 171 3100 se
194 3041 394 3118 cognoscendi
414 3041 527 3100 iniecit.

27 3265 28 3278 χ
149 3209 164 3256 2
183 3204 341 3274 correptam
359 3220 394 3257 m.
406 3209 422 3257 1
435 3205 445 3272 ΙΙ
462 3208 479 3258 8
496 3204 630 3259 εονῶεηά.
649 3204 708 3259 uid.
728 3203 758 3257 at
775 3204 902 3258 strictum
920 3204 965 3258 uel
984 3204 1046 3257 stri·

26 3285 28 3318 ῐ
85 3273 186 3340 ctumq.
201 3273 211 3340 l
226 3278 256 3325 12
273 3288 313 3326 cn
331 3287 359 3326 se
377 3271 531 3351 (patrias)
549 3271 701 3340 superiacit
718 3288 734 3325 e
749 3271 830 3326 Vct?
843 3273 852 3340 ll
869 3278 898 3326 13
916 3271 1049 3325 snshnuit

84 3339 149 3407 cod„
168 3356 216 3394 em.
235 3339 322 3394 Halm
346 3341 356 3408 ll
383 3346 413 3393 17
433 3338 537 3393 obiecit
556 3339 656 3394 Gertz*
678 3341 688 3408 ΙΙ
712 3345 743 3392 21
762 3341 884 3406 utraque
902 3339 998 3398 Halon.
1016 3344 1049 3393 ct

26 3399 28 3484 ξ
84 3423 131 3462 noa
148 3409 204 3463 cod.
219 3409 229 3476 ll
242 3414 274 3462 23
292 3407 407 3476 porsina
424 3423 457 3460 m.
471 3408 555 3476 11124
573 3409 693 3478 urgtcri
705 3408 715 3476 ΙΙ
728 3413 760 3462 29
779 3408 892 3462 senatus
911 3422 961 3465 om.
980 3407 1049 3474 cod,

26 3487 28 3559 ;
84 3476 212 3611 popplenp
228 3475 334 3600 &szlp
352 3476 462 3532 ricauult
476 3481 539 3544 post
558 3476 675 3530 consilis
692 3476 796 3531 addere
813 3494 840 3546 p.
858 3493 879 3530 r.
899 3476 1050 3546 (=populi

110 3559 201 3597 omnm
259 3560 287 3599 cr
