2590 3948
507 153 725 258 rmnslmo.
1004 177 1097 234 xxm

124 329 229 393 lineas
252 328 379 405 adiecit,
404 329 650 413 praenominum
673 329 760 410 Auli,
784 329 854 412 Gai,
877 329 980 396 Marci
1001 335 1095 396 notas

123 415 166 478 A.
180 413 221 480 G.
236 413 286 478 M.
311 413 427 478 additis
450 435 475 476 s.
498 414 521 479 l.
544 414 676 497 reliquis
698 414 815 479 litteris
836 413 931 499 plene
954 417 1093 499 scripsit.

124 498 178 562 his
202 499 352 563 omnibus
379 518 435 562 cur
463 498 572 563 inutili
599 519 696 563 onere
726 519 874 584 augerem
905 505 1095 584 apparatum

123 603 234 648 meum
246 583 393 648 criticum
406 602 464 665 per
477 603 511 647 se
525 583 627 646 multo
638 604 735 665 quem
746 583 863 648 uellem
874 585 1094 682 copiosiorem,

122 689 223 733 causa
246 666 335 733 nulla
357 671 437 731 erat.
468 667 627 752 reliquam
649 668 771 751 primae
788 671 820 732 et
834 669 965 734 alterius
979 691 1094 734 manus

122 753 317 817 uarietatem
339 755 569 817 commentario
595 773 667 816 meo
693 753 814 818 inserui
837 755 947 836 puueis
969 754 1019 818 his
1043 776 1094 818 ex-

124 839 244 936 eeptis:
267 857 395 920 semper
410 836 495 935 epim
511 839 589 901 m.l
614 835 744 902 exhibet
762 838 946 937 relepionem
968 860 1027 922 pro
1047 861 1094 904 rc·

122 921 516 1104 accettemo
541 921 1095 1092 tibttffdj‘lt'sstafftlimptl

124 1095 222 1174 cibem,
245 1091 372 1155 s1m1he.
1169 1131 1175 1140 ·

187 1176 301 1241 Restat
322 1179 359 1240 ut
382 1196 540 1259 exponam
563 1195 721 1259 quasnam
743 1175 827 1240 ratio
849 1176 935 1241 inter
953 1176 1095 1241 Lauren·

122 1263 247 1327 tionum
270 1264 304 1324 et
326 1259 523 1357 Beruensem
546 1259 782 1344 deterioresque
805 1261 993 1326 intercedat.
1038 1283 1093 1345 ap·

122 1344 611 1516 {tttltsstttlllt
627 1345 1093 1512 ilistldnl‘jntdtttt

124 1521 216 1581 sunt:
239 1515 336 1579 hebet
358 1515 443 1577 enim
460 1533 645 1578 communes
668 1534 741 1578 cnm
755 1515 888 1598 reliquis
906 1536 974 1580 non
989 1515 1093 1580 solum

123 1621 277 1685 magnum
299 1599 395 1682 primi
418 1598 492 1662 libri
515 1597 686 1677 defectum,
709 1619 771 1682 quo
786 1599 849 1662 tria
867 1599 974 1682 capita
995 1600 1093 1664 iuter·

122 1688 241 1768 ierunt,
264 1688 297 1747 et
318 1684 494 1780 permultas
517 1683 596 1747 alias
618 1682 764 1765 lacunas,
794 1683 969 1781 sedetiam
992 1685 1093 1748 mani-

121 1767 1092 1953 {35tollit‘'llllsslffulfflssl{lillttllttbllil

122 1940 209 2004 tmlis
233 1959 250 2001 e
272 1938 419 2021 margine
443 1937 662 2021 antiquissimi
684 1937 850 2002 cuiusdam
865 1937 985 2002 codicis
1006 1939 1093 2003 inter

122 2026 194 2108 ipsa
217 2021 340 2087 Valerii
362 2022 461 2085 uerba
482 2023 692 2087 transierunt.
733 2023 788 2087 sed
810 2025 937 2106 praeter
959 2022 1019 2087 has
1040 2044 1092 2087 res

121 2109 273 2173 omnibus
296 2107 401 2171 bonae
423 2111 521 2171 notae
543 2106 633 2171 libris
657 2127 841 2171 communes
862 2107 995 2191 propria
1016 2129 1091 2190 qua·

122 2194 196 2259 dam
227 2195 260 2256 et
287 2192 368 2255 mira
397 2212 528 2275 prorsus
563 2196 695 2276 tamque
727 2191 853 2276 aequali
881 2191 1091 2256 similitudine

125 2277 290 2343 coniuncti
313 2277 455 2340 interae
477 2279 554 2340 sunt
576 2275 602 2339 L
625 2280 658 2340 et
680 2277 725 2359 A,
756 2281 793 2340 ut
815 2279 872 2340 aut
893 2276 1029 2340 alterum
1052 2298 1091 2340 ex
1159 2314 1163 2323 ·

123 2363 224 2427 altero
247 2365 302 2425 aut
324 2366 494 2444 utrumque
523 2382 562 2424 ex
589 2361 699 2424 eodem
726 2361 872 2444 exemplo
896 2362 1090 2445 descriptum

123 2468 192 2512 esse
222 2466 352 2510 necesse
381 2446 438 2510 sit:
466 2445 592 2510 eosdem
623 2446 709 2509 enim
736 2446 940 2511 librariorum
967 2466 1091 2511 errores

121 2531 285 2597 interdum
313 2530 493 2614 singulares
520 2551 651 2613 prorsus
679 2530 713 2593 in
742 2530 976 2594 recentioribus
1003 2530 1091 2595 codi-

120 2617 210 2682 cibus
234 2618 291 2688 ant
318 2635 337 2677 a
358 2615 497 2680 librariis
523 2618 685 2679 correctos
707 2619 763 2679 aut
790 2615 926 2688 omnino,
952 2631 1020 2680 non
1042 2616 1091 2679 in·

122 2705 232 2766 nectos
247 2704 419 2783 utrumque
441 2700 610 2781 inuasisse,
634 2699 760 2764 easdem
783 2699 933 2783 antiquas
949 2704 982 2764 et
996 2720 1090 2764 ueras

120 2786 276 2851 lectiones
299 2785 333 2848 in
355 2787 492 2868 utroque
514 2787 657 2849 seruatas
680 2806 748 2849 esse
772 2791 947 2869 cognoscet
968 2784 1004 2847 in
1026 2805 1091 2847 una

120 2891 245 2955 quaque
268 2867 388 2955 pagina
409 2871 465 2952 qui
481 2873 672 2953 apparatum
686 2872 834 2934 nostrum
855 2869 1001 2933 criticum
1018 2889 1089 2932 exa-

119 2956 244 3019 minare
259 2953 407 3017 uoluerit.
431 2975 535 3038 neque
550 2957 658 3018 tamen
668 2954 750 3018 alter
761 2975 799 3017 ex
815 2954 917 3018 altero
930 2953 1089 3037 originem

119 3040 231 3116 traxit,
255 3037 407 3122 quoniam
430 3038 463 3102 in
483 3039 639 3102 alterutro
661 3039 825 3123 complura
846 3037 1090 3122 interciderunt,

119 3146 203 3214 quae
226 3123 260 3186 in
276 3123 379 3188 altero
394 3125 522 3206 integra
538 3121 830 3207 deprehenduntnr.
865 3126 999 3206 uterque
1015 3143 1089 3186 suas

117 3209 217 3274 babet
246 3208 401 3273 lectiones
430 3213 463 3272 et
495 3208 763 3291 interpolationes
794 3207 871 3272 huie
905 3209 962 3271 uni
996 3229 1089 3291 pecu·

118 3294 226 3358 lieres.
255 3292 303 3356 sie
326 3293 355 3373 1,
374 3294 435 3356 1.1
461 3292 507 3379 (p.
524 3293 552 3370 2,
570 3293 637 3376 25),
661 3314 734 3357 cum
756 3293 921 3376 hucusque
943 3314 982 3356 ex
1004 3294 1034 3356 A
1057 3295 1091 3356 et

118 3378 354 3444 recentioribus
377 3377 497 3442 editum
520 3378 563 3442 sit
583 3379 773 3444 sacerdotem
795 3399 817 3442 a
840 3377 940 3460 Velio,
964 3398 1035 3443 eum
1055 3378 1092 3441 id

119 3465 271 3548 oppidum
303 3463 444 3528 nondum
473 3464 614 3528 ciuitates
647 3463 812 3544 accepisset
836 3483 965 3545 comeo,
993 3461 1091 3528 Galli-

110 3550 261 3632 pbaoam
276 3552 426 3629 peterent,
449 3547 575 3611 unusb
597 3547 709 3630 procul
732 3547 829 3611 dubio
851 3551 938 3612 reete
960 3546 1090 3611 exhibet
