2562 3950
235 207 298 273 534
389 205 457 265 urs.
474 205 522 264 vr
557 205 637 261 cnr.
656 211 679 272 1,
697 206 762 263 uxr.
775 212 800 263 s.
836 205 914 260 cre.
932 211 1061 272 a,1-s.

235 364 350 442 graecis
372 364 477 440 lingua
497 365 598 440 gentis
620 383 691 423 suae
712 363 875 438 imperauit
896 366 930 422 ut
952 382 1024 422 eum
1052 367 1218 426 occideret

235 449 388 509 interfecti
411 449 518 508 deinde
541 452 631 524 eaput
651 448 802 508 abscisum
824 449 963 508 manibus
985 449 1138 510 retinens
1155 470 1218 511 oon·

234 535 300 612 iugi
322 551 376 593 suo
399 533 540 594 ostendit.

204 627 221 676 3
304 617 473 678 Teutonum
503 618 643 694 coniuges
665 618 794 676 Marium
820 617 963 676 uictorem
986 623 1168 678 creuerunt
1190 626 1217 678 nt

237 705 275 762 ab
298 721 332 762 eo
353 703 522 779 uirginibus
544 701 717 762 Vestalibus
740 701 819 762 dono
841 703 1040 761 mitterentur
1062 722 1169 780 eaque
1190 716 1231 762 rei

236 806 297 847 non
319 788 469 862 inpetrata
495 789 583 846 nocte
611 786 746 862 proxima
768 786 907 862 spiritum
929 786 988 845 sibi
1011 788 1145 863 laqueis
1167 790 1216 848 eri-

234 875 376 947 puerunt.
1243 899 1244 904 ¹

438 1005 585 1066 Llssnnn
608 1003 730 1066 DICTA
751 1004 836 1064 AVT
857 1003 1004 1064 FACTA.

183 1127 234 1195 2‚1
299 1124 445 1183 Priuerno
467 1126 555 1200 capto
576 1124 801 1200 interfectisque
824 1125 876 1200 qui
897 1124 928 1182 id
944 1124 1102 1199 oppidum
1120 1127 1161 1186 ad
1175 1146 1213 1184 re

235 1208 408 1267 bellandum
431 1211 656 1268 concitauerant
677 1213 799 1268 senatus
821 1208 946 1268 consilia
967 1208 1119 1284 agitabat
1133 1212 1226 1287 qnid-²

234 1311 303 1351 nam
326 1293 362 1351 de
384 1293 507 1368 reliquis
529 1293 756 1352 Priuernatibus
778 1294 900 1352 feceret.
934 1293 1114 1368 principem
1140 1297 1212 1372 lega

235 1378 327 1438 tionis
349 1377 612 1454 interrogaberunt
634 1379 772 1438 consules
794 1396 885 1453 quam
899 1395 1029 1452 poenam
1047 1380 1139 1440 ciues
1156 1383 1211 1438 eins

234 1463 298 1538 pati
319 1465 518 1522 mererentur.
545 1464 612 1521 tum
634 1462 686 1521 ille
709 1465 809 1538 ‘quam
831 1462 994 1521 merentur’
1016 1461 1132 1538 inquit
1155 1465 1211 1541 ‘qui

234 1565 266 1606 se
289 1548 396 1623 dignos
417 1545 553 1607 iudicant
574 1547 738 1606 libertate’.
765 1547 845 1606 idem
861 1547 1070 1622 interrogatus
1087 1569 1110 1608 a
1127 1550 1211 1609 Plau·

235 1631 279 1692 tio
302 1650 371 1704 cos,
394 1632 564 1707 inpunitate
585 1631 657 1690 data
677 1631 794 1708 qualem
815 1650 919 1706 paoem
940 1633 1020 1689 esset
1036 1631 1230 1704 habiturust

235 1716 406 1793 respondit,
436 1717 478 1776 ‘si
501 1716 610 1777 bonam
632 1716 792 1794 dederitis,
814 1718 1004 1791 perpetuam,
1034 1716 1064 1774 si
1087 1719 1210 1789 malam,

237 1819 299 1860 non
321 1801 517 1861 diuturnam'.

200 1892 218 1940 2
300 1886 335 1946 L.
359 1886 514 1962 Philippus
537 1903 597 1945 cos,
623 1886 767 1944 aduersus
790 1884 935 1960 collegam
957 1902 1029 1943 usus
1054 1887 1159 1946 nimia
1181 1888 1210 1946 li·

235 1971 352 2030 bertate
374 1971 433 2030 alio
456 1971 514 2030 sibi
536 1972 642 2029 senatu
664 1989 739 2045 opus
761 1987 825 2030 esse
848 1969 934 2028 dixit.
971 1969 1057 2044 quod
1082 1990 1160 2032 cum
1180 1973 1208 2030 L.

236 2052 361 2114 Crassus
384 2056 498 2114 dictum
520 2055 654 2132 grauiter
675 2055 780 2127 ferret,
811 2072 932 2113 manum
954 2054 983 2111 ei
1005 2052 1081 2113 inici
1106 2057 1228 2118 consul²

235 2138 333 2197 iussit.
376 2139 428 2198 ille
457 2139 566 2199 reiecto
588 2140 693 2199 liotore
716 2141 791 2198 ‘non
815 2138 863 2198 es'
887 2137 986 2215 inquit
1008 2139 1118 2212 mihi,
1145 2143 1209 2201 Phi·

235 2223 325 2299 lippe,
349 2224 461 2294 consul,
484 2224 614 2300 quiana
635 2243 692 2301 ego
715 2223 836 2299 quidem
858 2223 915 2282 tibi
938 2224 1062 2282 senator
1087 2231 1186 2286 sum’.

201 2317 218 2365 3
302 2306 355 2367 On.
372 2307 470 2368 Carbo
492 2309 561 2368 trib.
577 2310 620 2385 pl.
638 2309 806 2385 Scipionem
828 2308 1049 2366 Numantinum
1075 2312 1210 2385 quidde

237 2392 283 2451 Ti.
307 2392 432 2452 Gracchi
454 2397 566 2472 morte,
589 2397 672 2454 ouius
694 2411 825 2454 sororem
846 2394 878 2452 in
899 2392 1095 2453 matrimonio
1121 2396 1210 2456 habe-

236 2479 297 2555 bat,
321 2479 448 2538 sentiret
469 2478 678 2555 interrogauit.
716 2478 741 2536 is
764 2478 828 2536 iure
850 2496 918 2536 eum
940 2495 1058 2536 caesum
1086 2485 1230 2557 respon-l

235 2563 293 2623 dit.
339 2565 386 2623 cui
409 2563 488 2622 dicto
510 2581 577 2622 curn
599 2563 700 2622 contio
721 2562 870 2622 uiolenter
892 2562 1123 2636 subclamasset‚
1152 2567 1209 2624 ‘ta-

234 2648 340 2708 ceant'
364 2649 462 2722 inquit
484 2647 609 2723 ‘quibus
631 2648 720 2706 Italia
740 2665 869 2706 nouerca
890 2647 963 2709 ast’.
1008 2649 1076 2704 orto
1101 2648 1210 2710 deinde
1241 2723 1242 2730 ἵ

237 2751 390 2792 murmure
418 2731 498 2792 ‘non
527 2731 679 2792 efficietis'
709 2732 753 2791 ait
775 2733 827 2790 ‘ut
849 2731 963 2792 solutos
984 2749 1104 2810 uerear,
1136 2753 1208 2812 quos
1241 2731 1242 2738 ’

236 2819 385 2894 adligatos
407 2816 540 2876 adduxi’.

203 2912 221 2960 5
303 2901 389 2975 Cato,
421 2920 489 2960 oum
517 2902 550 2959 in
578 2903 744 2961 senatorem
766 2902 923 2960 nocentem
943 2919 1029 2959 reum
1050 2900 1147 2961 iudex
1170 2913 1229 2963 sc&

238 2987 331 3046 disset
364 2986 550 3061 tabellaeque
585 2983 638 3048 On.
666 2984 791 3061 Pompei
821 2984 1026 3044 laudationem
1058 2991 1207 3048 senatoris

238 3072 425 3131 continentes
454 3071 588 3145 prolatae
616 3073 730 3143 essent,
768 3070 857 3129 ‘illa’
885 3069 986 3146 inquit
1007 3066 1092 3144 ‘lege
1119 3071 1206 3132 iudex

237 3175 326 3299 {iumz
334 3174 408 3268 'qua
435 3158 557 3217 cautum
586 3158 631 3214 est
659 3175 696 3214 ne
724 3155 910 3214 senatoribus
937 3153 991 3214 tali
1020 3154 1134 3216 auxilio
1165 3159 1205 3216 uti

262 3258 312 3298 cea
347 3287 354 3302 .

305 3387 321 3432 2
340 3381 478 3501 retinens}
490 3382 558 3437 cdd.
572 3398 633 3437 rem
646 3383 828 3451 probabiliter
842 3383 925 3438 Gertz
939 3400 967 3452 p.
977 3386 1032 3437 285
1044 3384 1054 3451 ΙΙ
1070 3389 1102 3438 12
1120 3385 1204 3441 inter-

238 3460 270 3496 ro
291 3449 409 3499 auerant
427 3463 457 3500 eo
480 3449 592 3516 ,Halm,
603 3451 748 3518 crustati]
763 3455 793 3504 15
811 3451 971 3518 habiturus]
990 3457 1069 3512 recte,
1088 3457 1123 3506 ut
1140 3457 1206 3520 aid,

238 3525 257 3561 a
280 3510 306 3560 d.
326 3528 354 3576 p.
373 3528 396 3563 r.
416 3515 459 3578 (-
471 3516 593 3582 populna
610 3518 762 3586 Romanus)
782 3516 881 3572 Gertz*
909 3520 920 3586 ΙΙ
950 3523 982 3572 18
999 3517 1066 3584 fort.
1086 3520 1206 3593 collegas
1239 3565 1240 3568 η

240 3573 327 3629 Halm
339 3577 349 3639 l
361 3581 394 3628 22
411 3593 464 3630 nee
482 3595 536 3646 ego
549 3584 559 3648 ll
572 3589 604 3637 23
623 3584 671 3652 qni
689 3584 725 3639 de
