2608 3952
458 162 535 223 CAP,
553 163 605 230 VI,
624 168 638 228 5
657 168 731 220 2-6.
1015 165 1079 229 255

104 320 143 382 in
167 316 364 382 contrarium
386 320 557 400 utrumque
577 337 754 399 cessurum,
777 315 949 402 euestigio
971 316 1078 400 picum

103 406 242 482 †morsu
265 423 322 466 suo
344 401 378 465 in
402 405 576 485 conspectu
598 404 729 466 senatus
744 401 883 468 necauit.
913 401 1022 465 decern
1046 406 1078 465 et

102 505 156 552 vn
178 487 270 550 Aelia
291 490 360 550 tum
379 485 503 550 familia
524 486 660 551 eximiae
679 485 878 550 fortitudinis
893 485 978 550 uiros
994 485 1078 551 Oan-

103 572 200 637 nensi
227 572 352 654 proelio
379 571 501 635 amisit:
535 593 586 635 res
619 571 749 719 publica
775 569 969 654 procedente
997 575 1077 634 tem-

104 677 184 742 pore
215 657 255 720 ad
283 677 443 720 summum
471 656 614 739 imperii
635 655 785 741 astigium
813 655 959 719 excessit.
996 655 1103 722 haece

104 742 261 806 nimirum
284 741 430 824 exempla
446 740 533 805 Sulla
557 745 590 804 et
603 740 725 804 Marius
743 743 777 804 et
791 741 897 806 Cinna
911 742 1077 823 tamquam

107 827 207 891 stulta
228 827 379 890 riserunt.

170 912 200 976 5.
234 911 277 990 P,
294 909 412 975 Decius
433 909 530 994 Mus,
557 911 613 993 qui
634 911 835 975 consulatum
861 910 896 972 in
921 909 1077 973 familiam

107 1017 199 1060 suam
226 995 348 1078 primus
376 995 502 1073 intulit,
536 1015 609 1059 cum
636 994 754 1059 Latino
784 995 868 1059 bello
897 994 1077 1058 Romanam

106 1081 209 1145 aciem
237 1080 425 1145 inclinatam
453 1084 486 1144 et
507 1100 609 1163 paene
637 1080 702 1143 iam
727 1082 922 1164 procinctam
943 1078 1117 1161 uideret,1c

108 1169 207 1249 caput
229 1186 322 1230 suum
344 1186 402 1248 pro
425 1164 526 1228 salute
555 1165 602 1228 rei
648 1164 771 1230 ublicae
794 1163 925 1229 deuouit
947 1185 985 1228 ac
1006 1184 1079 1248 pro·

107 1250 196 1314 tinus
220 1251 381 1315 concitato
405 1270 486 1333 equo
509 1250 544 1312 in
565 1187 706 1313 medium
727 1249 871 1314 hostium
886 1270 1002 1333 agmen
1025 1269 1078 1331 pa·

106 1336 187 1398 triae
210 1335 360 1417 salutem,
390 1334 452 1398 sibi
479 1337 616 1399 mortem
643 1337 756 1417 petens
784 1333 908 1417 inrupit
929 1333 1078 1416 factaque

107 1420 236 1503 ingenti
262 1423 371 1502 strage
396 1419 544 1502 plurimis
569 1418 643 1483 telis
670 1420 802 1484 obrutus
828 1439 923 1502 super
948 1418 1076 1482 corruit.

107 1526 147 1568 ex
171 1505 259 1568 cuius
288 1504 476 1569 uulneribus
506 1510 538 1567 ct
567 1502 724 1587 sanguine
752 1503 915 1586 insperata
940 1502 1078 1566 uictoria
1091 1526 1116 1566 15

109 1589 247 1653 emersit.

173 1674 201 1741 6.
229 1672 370 1737 Vnicum
392 1672 466 1737 talis
489 1672 692 1756 imperatoris
715 1672 877 1754 specimen
899 1673 992 1751 esset,
1015 1670 1078 1733 nisi

112 1758 221 1822 animo
238 1779 296 1822 suo
311 1756 557 1841 respondentem
573 1757 675 1822 filium
690 1757 870 1841 genuisset:
893 1755 921 1819 is
939 1775 1078 1837 namque

109 1844 145 1906 in
167 1847 281 1926 quarto
303 1843 472 1907 consulatu
499 1842 600 1926 patris
623 1843 804 1926 exemplum
831 1843 958 1905 secutus
984 1840 1078 1904 deuo·

108 1927 199 1991 tione
214 1927 328 2010 simili,
351 1949 451 2010 aeque
466 1930 597 1992 strenua
612 1948 733 2011 pugna,
758 1934 975 1990 consentaneo
990 1924 1117 1990 exituro

109 2012 248 2076 labantis
270 2011 475 2095 perditasque
497 2013 582 2076 uires
606 2012 694 2076 urbis
708 2015 835 2075 nostrae
851 2010 998 2077 correxit.
1034 2009 1080 2072 ita

109 2096 234 2161 dinosci
257 2095 390 2160 arduum
406 2100 455 2161 est
469 2102 579 2162 utrum
592 2095 738 2161 Romana
760 2096 874 2160 ciuitas
889 2095 1003 2160 Decios
1019 2093 1080 2157 uti·

110 2182 172 2246 lius
194 2182 343 2246 habuerit
365 2182 459 2246 duces
480 2203 522 2245 an
537 2181 696 2262 amiserit,
720 2181 871 2265 quoniam
886 2179 954 2244 uita
969 2200 1080 2244 eorum

110 2289 153 2331 ne
175 2267 358 2331 uinceretur
380 2266 523 2346 obstitit,
548 2287 634 2331 mors
656 2266 735 2330 fecit
755 2269 792 2330 ut
812 2266 967 2330 uinceret.

109 2475 182 2525 recte
195 2469 296 2536 probat
317 2468 429 2534 cenat,
452 2469 529 2522 domi
547 2468 637 2522 fatum
657 2467 722 2524 dett.
739 2468 830 2537 multi,
844 2469 931 2522 Halm
948 2469 958 2536 ΙΙ
975 2473 1008 2522 22
1026 2467 1080 2526 litt.

108 2537 272 2592 felicissimi
289 2537 359 2604 reip.
377 2536 471 2604 miser!
489 2536 521 2590 ia
538 2552 592 2594 raa.
610 2537 637 2589 A

179 2611 195 2658 2
213 2621 308 2659 morsu
332 2607 410 2672 (corr.
431 2620 464 2658 ecc
487 2608 560 2666 orsu)
580 2619 629 2658 suo
648 2603 720 2665 LA,
745 2619 829 2656 manu
851 2619 902 2657 sua
920 2603 1080 2670 Torrentem,

110 2677 136 2727 et
154 2672 194 2728 sc'c
211 2673 257 2727 oet
275 2688 368 2725 morsu
387 2676 447 2737 (om.
466 2673 527 2739 suo)
539 2671 704 2726 Focrtactl
711 2673 763 2736 22,
782 2676 852 2726 certe
870 2686 920 2724 suo
937 2671 1023 2726 ualde
1034 2687 1081 2724 aa·

108 2745 232 2808 spectum
244 2741 254 2809 l
267 2747 283 2795 3
295 2740 377 2794 Aelia
393 2741 454 2792 tum
473 2755 486 2793 c
504 2739 574 2794 coci.
593 2739 722 2792 Terrenii
733 2738 834 2806 Halm,
853 2738 946 2791 militri
956 2737 1004 2803 L1,
1022 2737 1081 2793 mil.

109 2810 172 2862 tum
189 2808 228 2861 L²
250 2814 276 2862 ct
298 2822 367 2862 corr.
391 2824 454 2860 cum
472 2808 512 2875 A,
538 2807 602 2860 Aeli
624 2807 670 2861 oet
691 2806 742 2859 illa
764 2808 824 2860 tum
847 2806 976 2860 Foertsct
999 2805 1079 2872 123,

108 2874 161 2929 illa
177 2875 384 2998 ffumffm'al
400 2876 410 2944 ΙΙ
427 2874 504 2956 uiros
524 2877 546 2940 (s
563 2877 631 2928 m.2
647 2889 668 2927 a.
687 2874 719 2940 l.)
737 2873 764 2928 L
786 2876 790 2943 Ι
812 2879 828 2928 5
846 2873 991 2952 fastidium
1009 2872 1046 2925 L¹
1067 2873 1079 2942 ll

109 2944 442 3078 {retractura
455 2942 721 3064 claritat?
740 2942 973 3064 tremat
989 2940 1081 3061 let

113 3081 124 3148 p
145 3087 160 3132 c
179 3079 323 3132 cumaena
340 3079 380 3132 A1
397 3079 407 3147 l
426 3085 457 3133 10
474 3077 694 3200 rnernasapum
714 3051 778 3146 luta
795 3077 900 3130 enonas
917 3077 949 3130 aa
966 3051 1036 3139 ias.)
1053 3075 1082 3128 A

13 3157 14 3161 ’
110 3147 226 3213 ePor.‚
249 3146 489 3215 indisciplinatam
511 3147 538 3199 L
561 3151 586 3200 ct
629 3150 673 3199 ett.
700 3147 709 3213 ΙΙ
734 3147 764 3199 et
785 3161 874 3214 paene
896 3145 964 3212 iam]
990 3158 1081 3211 paene

109 3215 168 3268 iam
187 3218 216 3268 et
234 3215 261 3268 L
280 3219 305 3268 ct
322 3229 400 3278 corr,
419 3229 493 3285 pene
511 3231 545 3268 ec
562 3229 652 3283 poene
671 3214 698 3265 A
721 3215 786 3334 {plu
806 3212 947 3266 deuoenit
970 3209 991 3276 (l
1009 3226 1080 3264 eros.

109 3283 170 3336 uid.
188 3287 212 3336 et
231 3283 301 3336 crui
319 3283 352 3336 ia
369 3287 436 3348 roe.)
454 3283 549 3350 Α1112
567 3281 703 3335 contitato
751 3283 758 3316 ¹
778 3281 787 3349 ΙΙ
806 3286 838 3333 14
855 3280 949 3348 strage
969 3279 1026 3345 (sed
1044 3295 1080 3347 ge

110 3353 178 3405 oa2
195 3351 261 3404 cdd
275 3350 346 3417 )LA
362 3351 372 3417 ss
390 3366 474 3416 super
506 3366 545 3403 aa
562 3351 641 3417 ipse?
662 3348 774 3414 Gemoll,
792 3349 887 3402 malim
905 3362 990 3415 super
1008 3362 1080 3400 earn.

110 3419 145 3483 cf.
160 3435 191 3486 p.
203 3422 267 3485 122,
280 3421 319 3472 22
331 3421 356 3472 ct
368 3418 435 3474 Ltu.
477 3418 536 3470 III
545 3422 588 3482 10,
597 3421 633 3472 10
645 3418 654 3484 ΙΙ
670 3423 700 3469 15
716 3417 759 3469 ins
781 3418 861 3470 erata
878 3419 955 3484 (sper
972 3416 1004 3469 ia
1022 3431 1078 3470 rae.

110 3503 144 3542 aa.
158 3489 188 3553 2)
201 3487 236 3552 L,
255 3486 416 3565 inseparata
427 3486 464 3538 A1
477 3485 487 3552 11
501 3491 530 3538 21
551 3485 623 3553 Itaq.
634 3485 673 3537 A²
685 3485 694 3552 ΙΙ
708 3491 740 3537 *22
759 3434 853 3538 decios
866 3483 940 3538 liaeo
957 3484 1081 3540 soddoct.

13 3565 16 3574 ’
112 3554 165 3609 del.
184 3555 211 3608 L
229 3560 255 3610 ct
273 3569 330 3608 cros
347 3570 379 3608 aa
397 3569 452 3609 ros.
472 3555 500 3605 A
