2590 3948
172 183 192 248 6
595 179 664 239 nra.
681 180 703 234 1.

173 419 367 502 incipientes
388 417 424 483 L.
446 418 605 482 Albanius
634 418 780 502 plaustro
808 418 979 504 coniugem
1007 421 1040 482 et
1063 417 1142 483 libe·

171 525 226 569 ros
258 503 380 568 uehens
415 503 606 586 aspexisset,
641 503 771 587 propior
803 503 951 586 publicae
988 503 1142 588 religioni

171 609 269 672 quam
299 589 446 672 priuatae
475 589 602 652 caritati
635 588 703 652 suis
729 592 765 652 ut
792 588 938 670 plaustro
968 587 1140 653 descende-

145 676 246 738 arent
267 673 430 757 inperauit
451 676 548 756 atque
570 673 606 736 in
627 672 660 736 id
682 673 827 758 uirgines
849 676 881 736 et
896 693 987 738 sacra
1001 672 1143 757 inposita

172 759 290 823 omisso
313 762 428 842 coepto
448 758 565 822 itinere
592 756 691 823 Caere
713 757 866 841 oppidum
894 757 1057 841 peruenit,
1085 759 1144 823 ubi

171 863 244 908 cum
266 865 391 908 summa
412 843 620 907 ueneratione
641 848 780 926 recepta.
815 845 910 927 grata
931 843 1086 907 memoria
1101 843 1143 906 ad

170 927 232 994 hoc
255 949 356 1012 usque
371 931 499 1010 tempus
514 926 708 1010 hospitalem
722 928 959 992 humanitatem
981 931 1139 992 testatur:

170 1013 246 1078 inde
275 1013 361 1076 enim
388 1013 423 1076 in
439 1013 571 1076 titutum
600 1016 650 1077 est
671 1033 762 1076 sacra
786 1012 999 1077 caerimonias
1020 1012 1140 1092 uocari,

132 1115 157 1156 ro
171 1099 246 1181 quia
269 1097 439 1162 Caeretani
462 1117 499 1161 ea
520 1096 659 1162 infracto
680 1098 728 1162 rei
743 1097 890 1180 publicae
905 1099 992 1162 statu
1006 1099 1142 1181 perinde

171 1203 209 1246 ac
225 1182 361 1246 florente
382 1185 492 1246 sancte
509 1183 685 1246 coluerunt.
720 1203 857 1266 quorum
871 1185 999 1266 agreste
1013 1183 1092 1246 illud
1109 1186 1144 1248 et

64 1337 66 1340 ,
171 1265 330 1332 sordidius
352 1267 533 1351 plaustrum
552 1267 746 1350 tempestiue
765 1288 865 1350 capax
887 1267 1058 1332 cuiuslibet
1079 1267 1142 1332 ful-

171 1351 351 1437 gentissimi
371 1351 578 1436 triumphalis
601 1373 712 1417 currus
729 1353 782 1416 uel
796 1353 981 1436 aequauerit
1001 1353 1141 1440 gloriam

171 1436 226 1501 uel
248 1437 468 1502 antecesserit.

133 1537 158 1578 15
238 1524 287 1584 ll.
322 1521 444 1586 Eadem
476 1522 523 1586 rei
555 1521 703 1606 publicae
735 1524 926 1605 tempestate
960 1520 997 1587 Ο.
1020 1521 1139 1586 Fabius

169 1604 296 1672 Dorsuo
334 1607 539 1673 memorabile
579 1607 760 1690 exemplum
794 1611 939 1671 seruatae
972 1607 1140 1690 religionis

172 1690 276 1756 dedit:
312 1713 450 1776 namque
479 1691 582 1757 Gallis
612 1690 808 1773 Capitolium
839 1691 1074 1774 obsidentibus,
1098 1713 1140 1757 ne

170 1779 291 1840 statum
320 1776 438 1842 Fabiae
471 1776 579 1862 gentis
613 1775 805 1841 sacrificium
839 1777 1138 1860 interrumperetur,

169 1861 288 1945 gabino
311 1862 376 1925 ritu
405 1862 545 1940 cinctus,
576 1860 726 1926 manibus
753 1861 935 1946 umerisque
965 1881 1056 1926 sacra
1084 1881 1139 1946 ge·

131 1961 157 2002 ao
170 1966 245 2010 rens
277 1966 336 2030 per
362 1947 484 2011 medias
512 1944 653 2009 hostium
687 1946 842 2010 stationes
877 1947 913 2011 in
940 1945 1140 2022 Quirinalem

170 2030 287 2094 collem
309 2030 464 2112 peruenit.
486 2030 542 2094 ubi
565 2029 713 2095 omnibus
728 2031 878 2097 sollemni
893 2053 984 2098 more
998 2032 1139 2115 peractis

169 2115 205 2178 in
228 2114 423 2198 Capitolium
451 2137 553 2200 prope
581 2115 692 2180 diuina
721 2117 929 2182 ueneratione
951 2118 1139 2182 uictricium

169 2220 332 2265 armorum
355 2201 488 2283 perinde
510 2201 618 2266 uictor
638 2201 742 2266 rediit

172 355 297 419 gressus
320 336 353 397 et
374 332 503 411 cliuum,
526 333 581 416 qui
597 332 685 398 ducit
700 333 740 397 ad
755 331 945 415 Ianiculum,
969 332 1142 398 ascendere
1274 311 1285 766 Ι

1284 1777 1285 1826 l

1282 1833 1285 1866 l

1284 1871 1285 1916 1

1284 1995 1285 2058 l

1284 2259 1285 2296 l

238 2356 252 2404 1
276 2352 429 2406 ascendere
461 2352 526 2411 dett.
555 2352 645 2420 pauci
651 2393 658 2419 ,
686 2352 856 2408 descendere
881 2353 953 2419 LA,
986 2352 1138 2408 escendere

168 2417 294 2486 Lipsiae,
312 2418 399 2474 Halm
412 2421 422 2490 1
435 2426 450 2473 2
463 2420 590 2474 albanius
602 2421 642 2474 A²
654 2437 667 2474 e
678 2421 757 2484 Par,
771 2420 899 2475 aluanius
912 2419 992 2486 LA',
1011 2420 1139 2476 Albanus

167 2485 254 2553 Nep„
282 2487 402 2541 albinius
428 2489 526 2556 optimi
552 2488 630 2544 codd.
657 2488 724 2544 Lia.
746 2487 773 2542 V
787 2492 835 2554 40,
854 2493 872 2542 9
892 2493 917 2543 et
943 2487 1002 2542 cad.
1029 2488 1138 2544 Narar.

168 2552 291 2633 1¹⁷1de
304 2558 334 2620 7,
353 2558 403 2624 12,
427 2556 477 2610 ati
493 2556 553 2610 cod.
572 2556 671 2610 Bamt.
691 2555 795 2610 atinius
812 2557 899 2623 babet,
916 2551 1039 2622 Ἀλβῖνος
1057 2556 1138 2611 Prae.

171 2620 282 2676 Cameli.
301 2624 337 2675 21
354 2624 397 2690 113
416 2623 607 2692 conspexisset
628 2623 762 2682 acroma.
786 2625 844 2680 aid.
869 2641 930 2679 mim
948 2623 1015 2678 Lia.
1033 2624 1052 2682 l.
1069 2640 1093 2682 c.
1112 2629 1139 2680 er

168 2689 237 2743 Par.
261 2689 392 2755 (flamine
416 2692 578 2760 conspecto)
596 2692 607 2760 11
623 2692 753 2761 proprior
770 2694 804 2745 L¹
824 2693 862 2761 114
880 2691 1004 2746 claritati
1020 2691 1057 2746 L¹
1072 2693 1082 2760 1
1095 2692 1140 2748 sui

168 2756 228 2811 AL
240 2757 249 2826 11
263 2756 330 2828 oin]
346 2757 382 2812 ad
395 2759 453 2825 (red
464 2759 474 2811 i
485 2774 506 2812 e.
519 2758 547 2825 l.)
560 2759 587 2812 A
600 2761 610 2828 1
623 2765 639 2812 6
651 2775 731 2812 caere
743 2766 773 2813 ia
781 2775 837 2813 ras.
851 2761 879 2812 A
891 2776 904 2814 e
914 2761 996 2826 Par,
1014 2761 1139 2814 ceratem

168 2824 195 2877 L
208 2829 234 2879 et
245 2825 319 2892 dett,
333 2841 457 2880 cererem
469 2826 505 2891 B,
518 2825 606 2881 Caere
619 2826 648 2880 in
660 2827 791 2896 Pipbiae,
804 2827 921 2882 Caerete
933 2828 964 2880 in
977 2827 1138 2894 Tarracius,

168 2893 260 2948 acscrb
271 2909 311 2947 aa
321 2899 399 2950 recte.
418 2895 454 2960 cf.
467 2894 509 2948 ed.
521 2910 609 2948 meam
621 2894 687 2951 mai.
697 2899 791 2964 11147
803 2895 813 2964 1
826 2895 963 2964 oppidum
974 2909 1024 2954 om.
1037 2895 1107 2954 Par.
1122 2897 1135 2965 11

170 2966 184 3014 1
195 2962 318 3030 recepta
356 2964 420 3016 rata
428 2961 527 3026 Halm,
543 2963 595 3031 qai
603 2967 697 3018 ramea
708 2964 826 3032 recepta
837 2963 911 3041 sunt.
928 2963 1138 3042 gratemacii,

167 3030 1137 3220 tristatauilitsdrrtlpldlstillicidiis

168 3163 207 3231 p.)
215 3164 241 3217 L
253 3165 263 3233 11
277 3171 307 3218 11
319 3165 451 3220 florentes
464 3168 530 3221 ante
540 3166 608 3234 LA,
620 3183 669 3224 em.
681 3167 708 3219 I.
743 3168 831 3222 casira
843 3167 853 3235 11
866 3182 986 3234 quarum
998 3167 1067 3222 LA¹
1081 3168 1091 3234 11
1106 3173 1137 3220 12

165 3231 384 3335 tempestiupL¹
396 3235 407 3304 1
422 3239 451 3288 16
461 3234 605 3289 dorsuoL¹
616 3239 745 3305 etmarpo
754 3237 781 3288 A
791 3239 885 3312 rPcr,
899 3234 980 3288 dorso
989 3251 1039 3289 suo
1049 3235 1136 3302 L²A¹,
1168 3252 1170 3257 ·
1284 3263 1285 3280 1

165 3297 284 3353 dorssuo
296 3299 324 3353 A
347 3302 357 3370 1
371 3306 402 3356 18
420 3302 557 3356 interram
581 3303 642 3357 eret
652 3305 722 3358 Par.
736 3303 746 3372 11
760 3303 909 3373 rogaturo
922 3303 1137 3372 cinctusmarpa

167 3367 196 3419 A
212 3368 283 3447 Per.
297 3369 307 3436 1
319 3367 498 3439 humerisque
517 3370 544 3424 L
556 3319 611 3439 iffi
634 3386 723 3440 prope
746 3370 843 3424 diuina
863 3371 1047 3425 ueneratione
1065 3370 1103 3437 (i.
1116 3386 1138 3426 a.

170 3432 264 3488 Gallae
286 3451 347 3489 eam
366 3451 454 3505 prope
475 3443 508 3492 at
529 3439 610 3493 deum
637 3439 854 3506 admirantibus)
876 3437 1000 3508 Madaip
1022 3437 1136 3503 11311,

165 3507 227 3624 Ψ
237 3502 266 3570 (f.
275 3504 341 3572 post
349 3506 457 3573 marpo)
469 3505 594 3559 diuinam
606 3507 816 3560 uenerationem
826 3508 874 3572 A¹,
887 3511 925 3575 pp
939 3505 968 3574 (i.
979 3521 999 3561 e.
1009 3506 1136 3583 propter)

188 3585 294 3624 rumam
318 3573 530 3626 uenerationem
548 3573 618 3628 LA2
641 3574 706 3630 dett.
719 3573 806 3628 Halm
823 3574 833 3642 1
850 3579 883 3628 23
905 3573 1023 3642 perinde
1045 3574 1137 3628 uictor
