2562 3950
12 3281 15 3370 1

12 3447 16 3620 t

13 3627 18 3704 ι

195 154 261 222 552
450 151 518 210 LIB.
531 152 591 206 vn.
627 152 706 211 our.
724 159 750 222 s,
770 151 833 212 uxr.
852 157 927 211 r-x.

196 311 371 371 adulescens
400 311 491 370 animi
517 310 665 387 impetum
691 311 751 370 iam
779 311 915 371 satietate
943 309 1104 370 tardiorem
1127 311 1169 371 ad

196 395 236 469 id,
252 396 332 472 quod
347 413 408 456 non
424 395 541 469 licebat,
558 395 695 455 adferens
706 395 852 470 paulatim
867 413 999 455 amorem
1014 395 1168 470 deposuit.

143 485 201 527 nxs.
266 479 343 540 Cum
357 480 528 540 Alexander
542 479 740 539 Macedonum
754 499 806 540 rex
827 483 909 540 sorte
930 479 1062 540 monitus
1085 485 1170 540 esset

164 545 274 642 leum,
297 564 349 641 qui
371 564 430 624 sihi
451 567 539 640 ports
560 583 680 640 egresso
695 564 809 640 primus
825 564 1012 641 occurrisset,
1035 564 1168 625 interfici

196 650 322 724 iuberet,
346 649 508 709 asinarium
531 649 588 708 sibi
603 649 727 709 obuium
742 649 781 708 ad
795 652 925 709 mortem
940 649 1047 710 deduci
1062 649 1167 710 iussit.
1180 664 1193 704 e

197 753 325 811 cumque
356 733 408 793 ille
440 734 638 793 inmerentem
672 752 704 794 se
737 734 883 809 supplicio
917 733 1005 793 adfici
1041 734 1168 808 diceret,

196 819 367 878 Alexander
395 817 433 876 ad
461 818 662 878 excusandum
688 818 802 878 factum
831 837 917 878 suum
946 817 1058 877 oraculi
1080 837 1167 894 prae·
1267 819 1268 888 1

126 973 131 982 ,
197 905 317 980 ceptum
339 902 468 962 rettulit.
497 905 568 962 tunc
583 893 740 977 asinarius,
764 903 806 962 ‘si
820 903 865 962 ita
880 903 952 978 est',
974 903 1075 978 inquit
1090 903 1167 980 ‘rex‚

195 987 305 1048 asellus
333 988 415 1062 prior
435 986 493 1046 tibi
520 987 670 1047 occurrit'.
715 987 879 1048 delectatus
906 987 1020 1047 astutia
1045 987 1168 1047 asinum

195 1073 284 1132 iussit
305 1071 408 1134 occidi.
1181 1081 1206 1121 10

161 1168 179 1214 4
261 1155 335 1216 Cum
358 1155 396 1214 ad
411 1155 559 1214 excidium
572 1154 729 1232 Lampsaci
745 1175 859 1216 summo
875 1156 975 1215 studio
991 1155 1168 1216 Alexander

195 1241 323 1299 ferretur
344 1258 593 1316 progressumque
615 1243 699 1300 extra
720 1241 838 1300 moenia
852 1240 1058 1300 Anaximenen
1079 1260 1168 1316 prae·
1267 1247 1268 1250 ’

196 1326 349 1400 cepionem
373 1342 459 1383 suum
481 1325 616 1398 uidisset,
640 1325 711 1401 quis
733 1325 922 1385 manifestum
946 1327 1013 1385 erat
1028 1325 1167 1384 futurum
1267 1295 1268 1376 l

195 1412 231 1468 ut
258 1426 362 1485 preces
390 1427 457 1470 suas
486 1409 545 1468 irae
574 1409 637 1469 eius
660 1412 840 1487 opponeret,
873 1428 935 1470 non
957 1409 1111 1468 facturum
1134 1429 1167 1469 se
1267 1475 1268 1484 1

196 1494 276 1570 quod
298 1494 427 1568 petisset
454 1493 594 1552 iurauit„
620 1496 691 1553 tunc
712 1493 910 1555 Anaximenes
934 1495 1041 1569 ‘peto'
1064 1495 1169 1571 inquit
1182 1511 1206 1550 15

197 1579 243 1636 ‘ut
265 1578 465 1653 Lampsacum
487 1577 586 1638 deleas
609 1578 791 1653 diruasque'.

161 1673 178 1722 5
260 1662 389 1722 Anicula
411 1660 556 1738 quaedam
570 1662 698 1738 Athenis
720 1663 877 1738 pecuniam
899 1662 1027 1739 depositi
1040 1663 1166 1724 nomine

193 1767 212 1805 a
245 1747 360 1806 duobus
392 1746 562 1822 hospitibus
595 1747 709 1822 accepit
740 1766 774 1806 ea
807 1747 980 1807 condicione
1007 1749 1042 1807 ut
1071 1748 1166 1808 simul

193 1833 314 1907 utrique
348 1831 496 1890 redderet.
546 1849 673 1906 quorum
707 1832 783 1890 alter
815 1831 993 1906 interposito
1026 1833 1164 1908 tempore

193 1919 348 1992 tamqnam
369 1917 489 1975 mortuo
512 1917 592 1976 socio
614 1915 752 1991 squalore
773 1915 887 1976 obsitus
903 1933 1005 1976 omnes
1019 1934 1162 1978 nummos
1177 1934 1205 1976 ao

194 2000 316 2076 accepit
352 1999 527 2075 superuenit
548 1999 656 2059 deinde
677 2000 754 2060 alter
776 2019 809 2060 ac
832 1999 1002 2075 depositum
1024 2004 1164 2076 expetore

196 2085 304 2159 coepit.
331 2086 398 2142 tum
419 2084 553 2143 aniculae
575 2085 709 2143 haerenti
731 2087 821 2161 atque
837 2085 962 2160 penuria
979 2084 1164 2146 defensionis

195 2168 318 2228 territae
348 2171 515 2244 opportune
537 2168 752 2229 Demosthenes
780 2173 924 2244 petronus
947 2168 1051 2229 adfuit.
1099 2173 1163 2247 qui,
1267 2187 1268 2228 1

193 2254 229 2312 ut
255 2252 288 2311 in
315 2251 541 2312 aduocationem
563 2253 661 2325 uenit,
685 2253 826 2313 ‘mulier'
850 2253 949 2328 inquit
971 2255 1094 2330 ‘perata
1117 2260 1165 2317 est
1267 2259 1268 2320 l

194 2337 323 2413 depositi
344 2336 433 2396 fidem
456 2338 604 2413 exhihere,
627 2338 678 2397 sed
700 2338 759 2398 nisi
781 2339 894 2398 socium
909 2337 1077 2414 adduxeris,
1100 2355 1203 2401 nonas
1267 2391 1268 2398 ,

194 2422 324 2497 potest’.

160 2515 176 2563 6
259 2506 386 2578 Quidam
413 2506 541 2568 Athenis
569 2507 709 2568 uniuerso
738 2507 849 2583 populo
877 2507 1007 2582 inuisus,
1042 2527 1163 2569 causam

195 2591 276 2667 apud
305 2610 372 2650 eum
395 2591 531 2666 capitalis
554 2592 687 2652 criminis
711 2591 845 2652 dicturus
883 2591 1027 2652 honorem
1059 2596 1163 2669 petere

195 2677 302 2752 coepit,
325 2694 385 2735 non
407 2676 487 2752 quod
509 2677 651 2751 sperabat
672 2677 813 2752 consequi
835 2695 866 2736 se
887 2676 974 2735 illum
989 2694 1086 2752 posse,
1110 2678 1162 2739 sed
1267 2667 1268 2732 l

194 2763 228 2820 ut
255 2761 400 2820 haberent
427 2760 562 2820 homines
595 2761 647 2820 ubi
674 2779 848 2838 procursum
877 2761 938 2818 irae
967 2761 1162 2824 effunderent,
1176 2777 1202 2817 eo
1267 2833 1268 2838 η

193 2863 292 2921 neque
321 2864 389 2905 eum
417 2844 490 2904 haec
516 2845 593 2905 ratio
621 2845 744 2905 fefellit:
778 2844 907 2906 comitiis
930 2844 1011 2904 enim
1033 2845 1163 2908 clamore
1267 2859 1268 2926 1

193 2930 304 2990 infesto
333 2931 364 2989 et
385 2928 495 2989 crebris
518 2930 665 2990 contionis
688 2929 784 2990 sibilis
806 2931 890 2989 actus
912 2929 1043 2989 eiusdem
1064 2931 1164 3006 plebis
1267 2935 1268 2970 l

193 3013 283 3090 paulo
310 3015 380 3090 post
406 3014 439 3074 in
469 3013 638 3074 discrimine
666 3015 745 3076 uitae
768 3014 998 3075 clementissima
1019 3015 1163 3094 suffisgia

194 3100 334 3174 expertus
357 3101 411 3160 est.

164 3193 183 3264 7¹
261 3182 420 3260 Hannibal,
442 3183 575 3243 eDuilio
598 3201 657 3244 cos.
673 3184 773 3243 nauali
792 3183 906 3259 proelio
920 3183 1030 3260 uictus,
1052 3185 1163 3250 timens
1174 3198 1199 3239 co

196 3285 234 3325 ne
250 3267 352 3326 classis
367 3267 493 3328 amissae
509 3285 620 3344 poenas
636 3269 733 3342 daret,
751 3268 946 3329 offensionem
960 3269 1073 3328 astutia
1087 3272 1162 3332 mire

262 3465 278 3511 4
296 3462 329 3512 ut
346 3477 411 3514 eum
433 3462 493 3522 Vol.
518 3466 528 3532 1
553 3469 585 3520 32
604 3466 683 3520 ectus
701 3465 768 3534 cod..
791 3467 915 3537 agitatus
934 3467 1043 3536 Gerros
1065 3468 1165 3524 molire
1267 3499 1268 3510 1

192 3526 313 3579 uexatus
331 3542 346 3579 c
366 3527 426 3582 Vol.
