2562 3950
239 141 309 196 LIB.
319 140 352 198 V.
388 139 465 196 CAP.
483 146 508 207 6,
526 139 589 198 Ext.
603 146 678 197 1—4.
714 140 900 207 CAP.'I,1.2.
990 140 1055 207 529

84 299 195 376 cuique
217 298 385 360 minitando
406 299 505 358 iurare
527 316 629 359 omnes
651 299 750 376 coegit
771 317 933 375 numquam
956 317 987 359 se
1002 318 1055 374 pa-

83 384 176 444 triam
198 385 363 446 relicturos

151 469 215 527 Rex
229 468 460 528 Atheniensium
474 467 589 529 Codrus
611 467 732 527 obsessa
753 468 882 542 patriae
898 457 1104 567 Lacedae-⁸³1¹*

24 573 25 578 ¹
84 553 206 630 moniis,
229 571 297 613 cum
320 573 375 612 sua
395 555 491 612 morte
514 552 620 612 scisset
642 570 731 627 posse
752 551 819 610 fieri
839 552 984 612 uictorem
998 571 1050 628 pc·

24 659 25 664 ¹
50 638 202 713 epulum,
225 638 400 697 famularem
422 637 523 696 induit
544 636 657 696 cultum
679 639 771 712 atquc
785 637 830 695 ita
844 635 1054 712 pabulantium

24 715 26 752 ²
84 723 220 782 bostium
248 722 338 799 globo
361 740 393 781 se
414 722 524 781 obiecit
544 724 575 781 et
595 740 690 780 nuum
711 740 748 780 ex
768 720 815 780 hia
838 721 913 781 falce
934 739 1051 797 percus·

24 803 26 836 ζ
86 807 209 867 eumin
231 807 351 866 caedem
373 825 457 866 suam
479 805 623 882 conpulit.

24 889 26 922 ³
150 891 371 967 Thrasybulus,
400 909 467 950 cum
497 891 532 949 de
558 907 622 948 xxx
649 894 846 966 tyrannorum
868 892 962 949 morte
985 902 1088 950 con·2

25 977 26 982 ’
84 975 187 1035 silium
209 976 311 1046 iniret,
342 975 460 1034 dicente
481 975 539 1034 sibi
560 975 656 1033 amico
679 976 840 1050 ‘quantum
861 974 918 1034 tibi
938 976 1053 1051 gratiae

38 1078 69 1119 10
86 1059 241 1119 debebunt
262 1053 501 1119 AtheniensesP’
530 1059 686 1134 respondit
707 1059 752 1117 ‘di
774 1060 884 1119 faciant
905 1062 940 1118 ut
960 1078 1052 1136 quan·

86 1146 135 1204 tas
157 1146 221 1220 ipse
243 1145 303 1204 illis
327 1145 420 1203 debeo
442 1143 547 1202 uidear
567 1142 747 1202 rettulisee'.

24 1229 27 1240 '
154 1229 373 1289 Themistocles
395 1230 493 1304 petria
514 1228 628 1303 pulsus,
651 1245 690 1286 ne
712 1227 855 1288 adaerere
868 1229 951 1289 illum
972 1239 1087 1288 exer-3

24 1319 27 1354 ἰ
86 1314 180 1373 citum
203 1315 333 1388 duceret,
356 1314 437 1372 tauri
459 1313 635 1388 sanguinem
658 1312 765 1373 hausit

24 1469 26 1480 γ
153 1397 229 1458 Cum
256 1398 335 1456 iuter
357 1396 567 1473 Carthaginem
596 1399 627 1455 et
649 1395 782 1473 Cyrenas
809 1396 846 1454 de
873 1398 938 1473 agri
964 1397 1089 1457 modos

24 1499 73 1540 =15
89 1482 328 1558 pertinacissima
349 1483 501 1542 contentio
524 1485 616 1552 esset,
639 1480 753 1556 placuit
774 1480 925 1556 utrimque
948 1481 1053 1540 eodem

24 1575 27 1612 ῐ
87 1572 223 1641 ternpore
245 1567 369 1625 iuuenes
392 1566 428 1624 ad
450 1566 551 1625 locum
571 1564 663 1623 mitti.
693 1564 749 1623 hoc
770 1567 889 1640 pactum
900 1565 971 1642 'duo
993 1565 1051 1624 fra·

24 1663 26 1696 1
87 1653 150 1710 tres
166 1647 459 1725 Carthaginiensium
473 1649 611 1709 Philaeni
626 1648 753 1725 perfidia
768 1653 1051 1724 praecucurrerunt:

87 1738 235 1794 maturato
258 1735 338 1793 enim
360 1735 492 1793 aduentu
513 1735 640 1793 ulterius
662 1732 758 1792 adhuc
779 1733 923 1792 terminos
946 1750 1054 1808 posue-

24 1827 27 1866 ῑ
86 1821 169 1878 runt.
198 1817 386 1896 Cyrenenses
409 1818 461 1877 diu
483 1818 519 1877 de
541 1818 659 1877 fallacia
681 1835 783 1876 eorum
799 1818 897 1892 questi
913 1817 1054 1878 dixerunt

24 1913 74 1960 iao
89 1903 132 1963 sic
159 1923 227 1963 eum
256 1904 345 1963 finem
373 1907 472 1962 ratum
494 1903 571 1975 lore,
599 1903 625 1962 si
647 1921 679 1961 se
700 1901 836 1960 Philaeni
858 1901 944 1962 uiuos
967 1903 1055 1962 obrui

86 1989 167 2064 pessi
189 1991 298 2048 essent.
342 2007 404 2048 non
425 1988 569 2065 fugerunt
591 1987 796 2047 condicionem
818 1986 941 2046 iuuenes
963 1990 1054 2063 etque

25 2087 26 2090 ’
86 2074 131 2132 ita
162 2074 276 2148 patriae
304 2072 455 2149 longiores
485 2073 632 2132 terminos
661 2090 752 2148 quem
780 2071 861 2130 uitae
891 2090 960 2132 suae
987 2091 1054 2134 esee

25 2199 26 2204 η
86 2157 266 2216 maluerunt.

204 2325 259 2383 DE
280 2324 506 2385 PARENTVM
528 2323 669 2385 AMORE
691 2324 736 2384 IN
758 2323 941 2385 LIBEROS.

47 2460 75 2502 ss
152 2443 263 2504 Fabius
285 2442 442 2504 Rullianus
470 2444 604 2520 quinque
631 2443 837 2504 consulatibus
858 2444 988 2519 peractis
1010 2444 1050 2503 le·
1060 2448 1104 2515 7,1

90 2529 179 2606 gatus
200 2528 244 2588 ire
259 2528 354 2587 Fabio
377 2528 439 2588 filio
462 2527 500 2587 cd
522 2528 637 2587 bellum
659 2527 782 2588 difficile
803 2530 835 2586 et
854 2528 1054 2605 periculosum
1153 2591 1156 2602 ,

90 2616 231 2689 grauatus
253 2632 315 2672 non
336 2616 396 2673 est:
419 2612 557 2690 idemque
580 2631 648 2672 eum
664 2612 898 2687 triumphantem
914 2629 993 2688 equo
1008 2612 1054 2672 iu-

91 2698 188 2758 sidens
212 2701 331 2758 secutus
354 2701 410 2758 est.

152 2779 306 2842 Caesetius
328 2800 419 2858 eques
441 2783 603 2853 Romanus,
627 2799 695 2842 oum
718 2783 876 2856 cogeretur
897 2778 1088 2840 aCaesarer

49 2865 184 2926 aofilium
212 2867 364 2940 abdicare,
396 2865 476 2944 quod
503 2868 529 2952 is
558 2869 597 2928 tr.
620 2867 662 2942 pl.
685 2865 829 2924 inuidiam
851 2866 879 2924 ei
902 2873 1056 2940 tamquam

90 2950 253 3011 adfectanti
274 2970 401 3028 regnum
423 2952 553 3025 lecisset,
575 2951 734 3025 respoudit
755 2949 891 3009 ‘celerius
913 2953 948 3010 tu
969 2949 1054 3030 mihi,

92 3030 207 3109 Caesar,
232 3054 335 3096 omnes
357 3035 549 3112 filioserques
571 3054 662 3112 quom
683 3052 717 3095 ec
738 3035 783 3095 bia
805 3052 855 3110 epo
875 3052 972 3095 socom
985 3040 1056 3097 noto

91 3139 155 3180 mco
170 3121 307 3195 peomn'.

156 3256 172 3305 3
190 3247 411 3304 lucredemoniia
429 3249 439 3318 fl
457 3254 488 3303 11
507 3248 599 3303 debeo
616 3250 651 3302 nt
666 3247 743 3302 idem
760 3247 906 3302 retulisset
921 3263 956 3303 m.
970 3251 1009 3318 Il
1024 3255 1054 3303 12

93 3317 224 3372 aduersus
241 3317 322 3370 illem
340 3330 391 3370 om.
411 3317 481 3382 cod„
498 3317 591 3384 suppl.
610 3316 675 3370 Mai
729 3322 758 3372 rt
777 3321 802 3371 ot
819 3323 852 3370 20
869 3316 976 3384 phileui
995 3319 1006 3386 t
1023 3323 1057 3372 20

92 3385 216 3440 Philaeni
225 3385 286 3454 (ibi
314 3385 396 3438 uiuos
414 3383 502 3439 cVol.
518 3390 596 3452 recte,
615 3385 649 3439 πί
665 3384 698 3451 so
710 3385 760 3448 lor,
780 3384 876 3439 Gertz·
889 3385 899 3454 ΙΙ
912 3391 942 3438 21
962 3385 1055 3455 adque

92 3469 125 3508 m.
138 3458 154 3508 1
161 3456 177 3574 d
189 3460 222 3510 31
290 3452 396 3507 ectunti
414 3453 451 3522 (ti
461 3453 494 3507 tra
504 3454 572 3522 raa.)
585 3453 596 3522 t
608 3459 640 3508 «Ὦ
654 3452 756 3522 eripies
765 3452 911 3520 -pellam
923 3467 974 3510 om.
987 3453 1056 3520 cod„

92 3537 179 3590 capp.
198 3521 263 3576 Mai
281 3519 368 3576 cVol.
381 3521 391 3591 l
404 3527 436 3576 33
453 3521 559 3591 pellam
575 3538 640 3576 mea
656 3521 721 3576 Mat
737 3520 825 3576 Halm

140 3614 282 3659 vanam
870 3611 904 3663 34
