2606 3958
234 153 297 216 416
633 148 702 209 ΙιΙΒ,
722 149 797 204 VIII.

237 325 358 368 annum
380 303 526 387 ingresso
543 301 745 367 consulatum
761 301 879 386 largiti.
917 323 1055 386 quorum
1073 305 1222 371 alterum

236 389 331 452 decus
354 388 499 451 uetustae
522 385 671 470 originis,
704 387 820 469 optimi
841 387 983 451 nominis
1006 408 1111 472 gens,
1142 391 1221 456 Ocr-

236 473 306 536 nini
335 472 483 556 amplexa
512 490 692 554 cognomen
725 474 876 554 usurpat,
908 471 1045 536 alterum
1084 495 1219 540 summo

238 558 407 643 subiungit
429 557 617 620 ornamento
643 559 711 619 tarn
739 555 902 620 celeritate
925 577 1022 639 quam
1043 558 1218 644 principio

213 643 424 707 sconsulatus
446 640 623 725 gloriando.

300 727 329 792 6.
364 730 414 792 Ac
436 747 478 789 ne
507 723 543 799 Q.
567 723 697 807 quidem
720 723 909 806 Scaeuolae,
938 745 1031 807 quem
1055 725 1217 793 110111-

239 833 292 876 sus
315 813 350 876 in
372 809 539 876 consulatu
563 808 718 893 collegam
741 809 870 890 habuit,
894 808 996 894 gloria
1017 831 1142 892 parum
1167 815 1215 877 in-

237 897 363 979 lustris,
393 894 448 978 qui
474 893 582 960 Asiam
604 896 671 956 tam
698 897 808 957 sancte
831 896 950 958 ettam
974 892 1106 958 fortiter
1132 897 1215 961 obti-

236 981 319 1063 nuit,
342 984 379 1044 ut
401 981 531 1042 senatus
553 977 704 1060 deinceps
731 979 766 1041 in
795 998 866 1042 eam
889 978 1092 1062 prouinciam
1114 981 1214 1045 ituris

202 1087 227 1128 ιο
240 1063 482 1212 mpgistrptibnp
506 1062 687 1146 exemplum
709 1064 804 1210 atqrpe
826 1083 974 1127 normam
990 1063 1093 1127 officii
1117 1064 1213 1130 Scae-

238 1171 278 1213 uo
293 1171 344 1212 am
390 1167 495 1212 ecreo
517 1168 575 1211 suo
620 1168 655 1210 ro
679 1166 800 1210 onere.

297 1235 331 1298 ’7.
354 1231 531 1295 Inhaerent
545 1169 617 1296 unip
625 1169 700 1296 ndei
714 1231 902 1315 posterioris
918 1231 1067 1295 Africani
1084 1237 1211 1316 septem

238 1316 272 1382 Ο.
302 1317 397 1381 Marii
428 1316 614 1380 consulatus
647 1337 685 1379 ac
719 1317 780 1380 duo
800 1316 1001 1399 amplissimi
1033 1317 1210 1402 triumphi:

238 1404 280 1467 ad
302 1424 418 1488 rogum
441 1404 528 1466 enim
550 1423 650 1484 usque
671 1399 790 1485 gaudio
814 1401 989 1481 exultauit,
1013 1402 1110 1484 quod,
1135 1424 1208 1467 eum

200 1507 225 1548 15
238 1488 321 1571 apud
351 1487 562 1553 Numantiam
590 1487 649 1550 sub
678 1505 714 1548 eo
742 1485 822 1549 duee
850 1486 1010 1568 equestria
1045 1487 1208 1569 stipendia

239 1575 377 1636 mereret
398 1577 432 1637 et
453 1571 539 1636 forte
561 1571 647 1635 inter
670 1591 782 1634 cenam
805 1570 933 1652 quidam
950 1569 1137 1652 Scipionem
1161 1573 1207 1634 in·

237 1660 448 1742 arrogasset,
482 1657 509 1720 si
543 1654 618 1741 quid
649 1654 698 1718 illi
732 1655 913 1738 accidisset,
948 1675 1123 1737 quemnam
1158 1677 1206 1720 res

237 1742 367 1840 publica
389 1763 489 1826 aeque
510 1761 665 1838 magnum
687 1738 837 1802 habitura
858 1741 943 1803 esset
963 1740 1204 1856 impepatorem,

199 1931 224 1971 20
237 1847 485 1994 llllllnlule
493 1847 628 1992 ,tgna
651 1824 1205 1993 11111113111111611111
1287 1927 1288 1930 κ

238 1996 393 2059 orientem
428 1995 580 2058 uirtutem
619 1994 778 2057 uideritne
815 1993 933 2057 certius
966 2014 1009 2056 an
1042 1993 1205 2058 efficacius

237 2079 419 2142 accenderit
445 2077 601 2161 perpendi
628 2079 683 2140 uix
712 2080 834 2163 potest:
867 2077 925 2140 illa
952 2077 1105 2141 nimirum
1128 2099 1205 2143 cena

236 2162 384 2226 militaris
408 2162 658 2246 speciosissimas
680 2165 750 2226 tota
778 2163 812 2226 in
841 2163 919 2226 urbe
947 2162 1051 2226 Mario
1078 2163 1204 2227 futuras

237 2268 332 2311 cenas
356 2247 500 2311 ominata
522 2251 584 2311 est:
615 2251 785 2332 postquam
816 2247 903 2310 enim
926 2246 1072 2312 Cimbros
1103 2248 1144 2312 ab
1169 2269 1203 2311 eo

198 2349 223 2388 aa
237 2330 357 2395 deletos
386 2332 479 2396 initio
506 2331 612 2396 noctis
645 2333 778 2396 nuntius
806 2332 970 2414 peruenit,
1005 2352 1101 2395 nemo
1129 2332 1201 2407 fuit,

236 2417 292 2500 qui
314 2438 380 2480 non
402 2417 450 2481 illi
480 2419 646 2500 tamquam
673 2417 721 2480 dis
749 2417 985 2480 immortalibus
1009 2416 1092 2500 apud
1116 2438 1205 2482 sacra

235 2523 364 2584 mensae
386 2523 461 2566 suae
483 2502 643 2566 libauerit.
724 2491 740 2518 '

299 2587 330 2650 8.
354 2586 423 2651 Iam
446 2607 527 2671 quae
550 2587 585 2649 in
601 2585 659 2651 (ln.
676 2585 865 2669 Pompeium
887 2587 919 2649 et
942 2585 1048 2668 ampla
1071 2588 1105 2649 et
1119 2607 1205 2650 noua

236 2674 388 2755 congesta
403 2676 488 2755 sunt,
510 2671 588 2735 hinc
604 2669 795 2734 adsensione
810 2669 930 2734 fenoris
938 2718 947 2751 ‚
963 2669 1056 2734 illino
1070 2670 1205 2735 fremitu

303 2862 319 2908 2
347 2856 468 2910 hominis
496 2855 570 2921 LA,
597 2872 645 2910 em.
672 2854 841 2910 Perizonius
860 2855 870 2932 11
899 2854 1025 2908 coruinia
1051 2855 1124 2922 LA,
1154 2873 1206 2910 em.

235 2923 357 2992 Papulas
369 2926 379 2992 11
396 2931 412 2978 3
431 2923 597 2992 cognomine
615 2924 654 2976 A²
675 2925 718 2992 114
736 2923 917 2990 subiungitur
934 2923 1007 2988 LA,
1026 2937 1074 2976 cm.
1091 2925 1208 2978 Portae·

159 3015 164 3024 ·
235 2991 301 3046 aias
313 2993 323 3059 1
336 2993 503 3046 ornamenta
520 2991 590 3044 LA¹
603 2992 641 3059 116
659 2991 780 3046 crassius
797 2991 857 3044 LA
869 2991 907 3059 111
926 2991 1104 3044 consulatum
1122 2992 1162 3045 L¹
1182 2999 1208 3047 et

235 3057 267 3112 tir
282 3075 317 3113 m.
335 3063 355 3113 2
375 3064 455 3114 entra
472 3075 543 3114 aare.
562 3060 590 3113 A
610 3061 620 3126 11
642 3059 734 3128 gloria
751 3059 834 3112 L¹A¹
856 3060 865 3127 11
887 3065 903 3113 8
921 3059 990 3127 quia
1007 3062 1012 3126 1
1032 3074 1113 3112 snam
1131 3061 1170 3113 A¹
1201 3061 1206 3122 1

236 3134 269 3180 16
286 3142 413 3181 normam
434 3125 555 3194 Genap.
567 3129 622 3180 294
633 3125 694 3180 coll.
707 3127 785 3180 IIII
792 3130 818 3191 3,
829 3129 862 3192 5,·
879 3128 1000 3182 formam
1011 3126 1071 3179 LA
1088 3127 1178 3182 Halm
1202 3129 1206 3195 1

237 3199 269 3246 11
287 3194 335 3247 uni
353 3209 410 3248 aas.
429 3195 465 3260 cf.
483 3194 504 3264 §
521 3199 551 3260 9,
574 3195 618 3247 illi
636 3193 695 3247 LA
713 3194 801 3249 Halm
818 3195 828 3262 11
848 3199 880 3248 16
896 3197 986 3249 caena
1007 3199 1033 3248 et
1050 3197 1089 3250 22
1106 3211 1207 3260 caena,

235 3262 282 3316 sed
300 3263 337 3316 24
359 3275 442 3316 cenas
459 3265 487 3315 A
508 3264 518 3330 11
539 3261 654 3328 quidem
672 3263 711 3315 A¹
732 3263 742 3332 11
765 3267 796 3316 1⁷
819 3261 868 3329 qni
884 3262 927 3316 illi
944 3263 1038 3330 L¹A¹,
1062 3262 1132 3330 quid
1149 3264 1208 3332 ipsi

234 3329 322 3383 Halm
342 3332 352 3398 11
373 3345 514 3398 quennam
541 3329 603 3383 LA
623 3331 633 3397 1
654 3336 686 3383 11
702 3329 876 3384 ‘accenderit
904 3334 940 3398 Γ,
970 3331 1105 3385 acciderit
1131 3331 1207 3397 LA,

237 3397 345 3449 acuerit
368 3399 437 3455 coni.
462 3397 614 3452 Torreaias
637 3400 646 3465 1
669 3403 701 3450 13
723 3399 787 3453 tota
807 3396 878 3464 ΕΓ,
906 3399 988 3452 tanta
1007 3400 1035 3452 A
1055 3397 1065 3468 11
1087 3405 1121 3452 14
1143 3415 1208 3454 cae-

234 3475 290 3576 illisa
304 3463 719 3594 fipllleppppapglppriprofflli
733 3467 742 3533 11
761 3471 794 3518 16
815 3465 918 3520 dilatos
939 3467 1005 3534 1111
1025 3473 1060 3521 16
1083 3467 1147 3520 illi*
1164 3465 1205 3536 L,
