2608 3952
231 194 294 258 236
654 191 721 247 LlB.
741 194 774 252 V.

234 344 311 408 Asia
334 344 468 428 imperio
491 345 603 429 populi
624 344 763 410 Romani
786 345 911 410 adiecta
933 345 1204 429 speciosissimus-

231 449 292 512 que
313 429 495 512 triumphus
518 435 554 494 nt
575 431 740 514 peculatus
761 452 833 494 reus
860 429 952 494 fieret
981 435 1015 495 et
1039 431 1072 495 in
1097 452 1205 498 carce-
1293 501 1294 530 ,

230 533 298 578 rem
321 513 395 577 duci
417 514 580 578 iuberetur
603 535 731 578 causam
753 516 911 598 praebuit.

294 597 349 663 ad.
378 597 489 663 Nihilo
512 599 632 663 uirtute
646 601 805 683 posterior
821 599 994 663 Africanus
1009 619 1070 663 auo
1086 599 1203 684 minor,
1293 643 1294 650 κ

205 681 285 746 seed
308 704 349 746 ne
372 683 460 747 exitu
482 684 610 766 quidem
632 684 771 748 felicior:
801 683 924 748 duabus
946 685 1033 748 enim
1054 684 1200 768 urbibus,

231 765 408 832 Numantia
438 771 534 850 atque
562 767 778 854 Karthagine,
812 769 947 851 imperio
976 767 1122 832 Romano
1155 769 1204 833 in-

231 851 429 916 minentibus
445 873 483 914 ex
499 873 604 916 rerum
615 856 731 917 natura
743 852 881 936 depulsis
897 857 1057 935 raptorem
1070 852 1203 936 spiritus

232 935 318 1000 domi
339 935 475 1018 inuenit,
498 937 610 1000 mortis
632 939 813 1019 punitorem
829 938 864 1002 in
879 936 951 1001 foro
966 958 1034 1002 non
1048 958 1105 1020 rep
1131 937 1203 1002 erit.

295 1020 347 1083 2e.
384 1019 461 1095 Quis
482 1021 611 1105 ignorat
630 1024 757 1086 tantum
779 1020 881 1085 laudis
904 1021 1086 1168 Scipionem
1141 1022 1204 1086 asi-

194 1122 218 1160 10
233 1124 302 1168 cam
324 1107 401 1186 toga
422 1109 579 1187 quantum
602 1106 699 1169 armis
727 1110 898 1190 utrumque
921 1107 948 1168 A
967 1106 1112 1169 ricarium
1139 1127 1204 1170 me·

232 1187 345 1267 ruisse,
369 1187 424 1270 qui
445 1189 598 1272 pestifera
613 1189 662 1253 Ti.
680 1190 818 1254 Gracchi
840 1212 938 1254 manu
958 1189 1106 1253 faucibus
1130 1211 1205 1255 con·
1294 1213 1295 1272 ᾗ

232 1271 424 1354 prehensam
446 1274 691 1356 rempublicam
708 1274 904 1358 strangulari
921 1295 1032 1358 passus
1047 1294 1113 1338 non
1130 1275 1203 1338 cst?
1294 1289 1295 1294 ’

232 1356 287 1420 sed
308 1357 337 1420 is
360 1377 485 1440 quoque
499 1362 632 1442 propter
646 1359 881 1442 iniquissimam
896 1361 1053 1423 uirtutum
1073 1379 1205 1423 suarum

233 1441 319 1524 apud
342 1442 427 1506 ciues
450 1442 708 1508 aestimationem
731 1444 789 1508 sub
810 1444 907 1508 titulo
930 1443 1104 1528 legationis
1125 1443 1204 1507 Per·
1294 1439 1295 1468 ¹

194 1539 219 1580 1⁵
232 1547 364 1609 gamum
388 1530 520 1591 secessit
542 1530 574 1590 et
595 1529 680 1611 quod
702 1528 788 1592 uitae
811 1528 970 1612 superfuit
991 1528 1037 1592 ibi
1052 1527 1122 1592 sine
1137 1527 1206 1591 ullo

234 1611 381 1694 ingratae
403 1613 528 1695 patriae
550 1612 708 1676 desiderio
730 1615 864 1696 peregit.

294 1695 345 1759 af.
379 1695 419 1759 In
440 1697 550 1761 eodem
576 1700 708 1760 nomine
734 1717 844 1761 uersor
869 1695 1005 1760 necdum
1033 1693 1205 1767 Corneliae

231 1781 337 1864 gentis
360 1780 517 1864 querellas
540 1781 688 1845 exhausi:
711 1802 850 1864 namque
871 1781 906 1845 P.
923 1779 1078 1846 Lentulus
1095 1780 1205 1845 claris-

231 1864 329 1928 simus
356 1870 388 1928 et
417 1865 655 1929 amantissimus
686 1867 732 1930 rei
762 1866 910 1949 publicae
939 1864 1033 1948 ciuis,
1067 1885 1141 1929 cum
1168 1867 1205 1930 in

192 1963 217 2004 ²0
230 1947 395 2014 Auentino
418 1948 453 2014 C.
477 1949 613 2014 Gracchi
641 1950 783 2015 nefarios
806 1954 940 2014 conatus
963 1953 996 2013 et
1024 1949 1127 2014 aciem
1149 1951 1207 2033 pia

231 2053 268 2096 ac
289 2032 367 2096 forti
389 2052 499 2117 pugna
522 2056 574 2097 ma
598 2036 648 2098 nis
673 2035 859 2099 uulneribus
882 2034 1024 2118 exceptis
1045 2034 1206 2118 fugasset,

230 2115 342 2198 proelii
365 2115 469 2199 illius,
494 2139 557 2200 quo
574 2056 682 2204 leges,
705 2140 817 2202 pacem
832 2119 1077 2201 libertatemque
1093 2122 1129 2182 in
1145 2141 1206 2182 suo

134 2205 138 2212 '
231 2203 317 2264 statu
346 2201 538 2286 retinuerat,
568 2203 651 2268 hanc
679 2205 857 2268 mercedem
885 2203 962 2268 tulit
990 2223 1031 2266 ne
1059 2203 1094 2267 in
1125 2204 1206 2268 urbe

231 2287 342 2348 nostra
363 2290 556 2351 moreretur:
579 2289 605 2351 si
625 2288 753 2372 quidem
775 2288 899 2352 inuidia
921 2291 953 2352 et
967 2287 1206 2353 obtrectatione

194 2384 220 2424 2⁵
234 2369 407 2452 conpulsus
430 2369 591 2454 legatione
614 2397 636 2438 c
658 2376 772 2438 senatu
795 2373 896 2436 libera
917 2372 1090 2455 impetrata
1112 2371 1206 2437 habi-

297 2967 314 3014 4
332 2975 386 3015 auo
402 2974 467 3027 nos,
485 2962 536 3014 aut
548 2961 614 3015 'LA
631 2964 640 3030 ΙΙ
662 2968 677 3015 6
695 2963 844 3018 numanus
860 2963 917 3031 atq.
935 2961 1103 3030 karthagine
1122 2963 1205 3017 L¹A¹

232 3031 270 3096 118
288 3028 362 3098 foro]
382 3027 452 3081 urbe
470 3028 541 3082 Par.
563 3031 572 3097 ΙΙ
596 3036 624 3082 ll
644 3031 866 3098 conprehensam
887 3045 946 3089 uos.
972 3045 1002 3096 p.
1022 3031 1088 3093 120,
1107 3034 1134 3098 9,
1153 3047 1171 3084 a
1193 3060 1203 3070 ·

228 3095 397 3228 prehensam
413 3095 545 3164 Pighius,
569 3113 732 3178 oppressam
755 3098 824 3152 LA¹
843 3098 943 3164 Halm,
966 3112 1135 3166 oppressam
1184 3102 1203 3163 ²,

243 3168 293 3217 ort.
313 3179 482 3233 apprensam
499 3164 599 3230 Halm,
618 3165 742 3235 Madurp
761 3167 802 3218 II
818 3170 884 3230 318,
910 3171 940 3220 at
958 3182 986 3218 a.
1008 3165 1046 3218 ad
1058 3180 1090 3231 p.
1107 3168 1169 3232 134,
1185 3170 1205 3220 9

230 3232 285 3298 1112
304 3231 378 3283 stran
400 3230 472 3299 ylari
490 3230 532 3297 L,
551 3233 712 3301 strangilari
727 3233 778 3311 Al
791 3239 822 3286 14
840 3234 884 3286 his
902 3233 929 3287 L
966 3239 996 3286 16
1035 3232 1110 3302 ergit
1127 3236 1165 3312 4¹
1190 3234 1206 3355 lp

231 3247 637 3433 {titali-,latta
652 3248 1205 3437 lecizzthsstlatsn

229 3432 268 3507 A}
282 3411 450 3507 ,aduentino
459 3434 499 3485 Αι
511 3436 521 3503 ΙΙ
533 3408 666 3505 nefarios]
684 3436 750 3490 cdd.
764 3409 964 3504 conpressisset
977 3434 1081 3489 Gertz*
1093 3437 1103 3504 l
1115 3442 1149 3490 24
1160 3435 1204 3490 in·

230 3471 307 3567 min
326 3500 355 3552 et
373 3499 410 3552 n¹
435 3502 444 3567 p
470 3505 502 3553 es
520 3518 538 3554 a
554 3516 605 3561 om.
625 3503 697 3557 nn
717 3505 727 3572 p
748 3506 878 3557 sanatum
895 3505 942 3570 m,
964 3518 1031 3557 sane
1050 3504 1109 3556 ium
1129 3503 1168 3556 A*
1189 3505 1203 3575 p

229 3570 262 3617 27
280 3564 428 3634 populum]
449 3583 476 3633 p.
497 3567 529 3623 n.
548 3571 618 3628 Par.
631 3571 641 3640 [Ι
655 3577 687 3627 29
706 3571 839 3640 deinceps
856 3570 957 3639 Halm,
976 3569 1078 3626 deinde
1098 3571 1158 3625 LA
1215 3599 1229 3620 0

232 2457 329 2537 taque
352 2455 520 2538 contione,
542 2478 606 2540 qua
626 2479 644 2519 a
665 2457 714 2520 dis
728 2456 955 2521 inmortalibus
970 2457 1064 2539 petiit
1077 2478 1120 2520 ne
1134 2479 1207 2520 um·
1295 2511 1296 2516 ,

234 2559 329 2620 quam
352 2539 392 2602 ad
414 2540 576 2624 ingratum
592 2542 747 2625 populum
763 2544 987 2618 reuerteretur‚
1010 2541 1043 2604 in
1061 2538 1206 2606 Siciliam

233 2622 397 2706 profectus
421 2630 469 2687 est
497 2624 605 2708 ibique
626 2629 870 2710 perseueranter
895 2624 1048 2690 morando
1075 2647 1206 2710 compo-

232 2717 298 2772 tem
321 2729 355 2772 se
377 2712 446 2773 uoti
470 2709 554 2776 fecit.
600 2712 741 2796 quinque
764 2711 865 2794 igitur
887 2710 1038 2793 deinceps
1061 2709 1206 2774 Cornelii

194 2792 370 2857 meotidem
393 2797 468 2857 sunt
489 2795 660 2860 notissima
681 2797 828 2880 ingratae
850 2795 974 2878 patriae
996 2794 1152 2878 exempla.
