2608 3952
507 165 584 221 ose.
602 166 642 234 11,
661 171 676 232 s
693 172 769 222 s-e.
1057 167 1120 234 325

150 319 273 386 timoris
288 319 428 399 modum,
450 339 574 402 poenae
592 339 707 403 genus,
732 319 800 402 spei
821 319 908 385 uiam
923 340 987 384 uno
1002 321 1119 386 mentis

151 405 273 489 impetu
294 403 458 488 rapiendo.

215 489 244 554 6.
273 488 370 554 Nunc
392 487 432 552 ad
454 491 585 553 senatus
604 491 675 553 scta
696 487 925 573 transgrediar.
970 509 1043 554 oum
1066 489 1118 554 ad·

151 595 263 639 uersus
291 572 508 638 Hannibalem
537 572 706 639 Claudium
735 571 899 638 Neronem
933 576 966 637 et
993 573 1119 638 Liuium

152 657 368 725 Salinatorem
397 657 543 723 consules
572 659 715 723 mitteret
742 678 858 741 eosque
887 661 924 722 ut
946 658 1119 723 uirtutibus
1146 676 1158 716 s

151 764 263 828 pares,
291 743 338 808 ita
364 742 543 806 inimicitiis
572 744 726 808 acerrime
753 743 839 807 inter
867 764 901 808 se
930 742 1119 808 dissidentes

152 828 288 906 uideret,
307 848 433 891 summo
450 827 556 892 studio
572 827 607 892 in
622 827 764 913 gratiam
779 826 915 907 reduxit,
930 850 973 892 ne
987 830 1119 975 propter

151 912 295 997 priuatas
323 911 536 976 dissensiones
564 932 632 977 rem
661 911 824 995 publicam
857 934 970 996 parum
999 913 1044 977 uti
1059 913 1121 978 iter

152 997 428 1080 administrarent,
457 996 533 1081 quia
555 996 723 1061 consulum
744 996 879 1081 imperio
902 998 966 1062 nisi
989 1018 1118 1062 concor·

153 1083 206 1148 dia
228 1082 328 1160 inest,
351 1081 452 1146 maior
473 1081 579 1146 aliena
595 1102 693 1165 opera
707 1081 935 1165 interpellandi
951 1104 1046 1166 quam
1062 1103 1121 1147 sua
1134 1100 1157 1141 ιο

153 1167 269 1232 edendi
291 1165 450 1250 cupiditas
471 1165 623 1231 nascitur.
668 1166 724 1230 ubi
754 1187 830 1232 uero
854 1167 950 1232 etiam
972 1167 1121 1250 pertinax

153 1250 328 1316 intercedit
349 1249 473 1328 odium,
502 1250 583 1315 alter
606 1250 700 1315 alteri
722 1272 817 1334 quam
838 1255 971 1335 uterque
996 1255 1122 1318 contra-

151 1337 210 1402 riis
233 1335 347 1400 castris
375 1335 491 1399 certior
517 1334 619 1399 hostis
646 1335 870 1419 proficiscitur.
919 1336 1046 1400 eosdem
1075 1357 1121 1401 se·

152 1424 265 1502 natus,
290 1441 362 1484 oum
384 1419 426 1483 ob
449 1419 545 1483 nimis
569 1440 680 1503 aspere
703 1423 808 1484 actam
831 1441 998 1485 censuram
1020 1443 1039 1484 a
1062 1419 1120 1486 On.

153 1505 275 1570 Baebio
298 1503 429 1568 tribuno
451 1502 494 1586 pl.
517 1525 576 1587 pro
599 1505 711 1568 rostris
727 1508 900 1588 agerentur
920 1505 983 1584 rei,
1007 1525 1121 1569 causae
1139 1525 1160 1562 ιι

154 1589 295 1654 dictione
318 1587 446 1653 decreto
470 1609 527 1652 suo
550 1589 701 1653 liberauit
723 1610 862 1653 uacuum
885 1589 990 1653 omnis
1012 1589 1122 1654 iudicii

153 1677 241 1740 metu
264 1693 337 1738 eum
364 1673 519 1737 honorem
548 1673 724 1757 reddendo,
754 1674 810 1756 qui
839 1673 966 1757 exigere
994 1672 1123 1738 deberet

154 1759 328 1838 rationem,
352 1779 420 1822 non
441 1757 583 1822 reddere.

217 1843 281 1908 Par
309 1842 366 1906 illa
388 1842 546 1926 sapientia
568 1846 708 1907 senatus.
749 1841 796 1906 Ti.
821 1840 999 1906 Gracchum
1022 1843 1121 1906 tribu·

155 1950 234 1993 num
261 1927 304 2012 pl.
333 1927 494 2012 agrariam
521 1928 627 2012 legem
655 1927 860 2011 promulgare
883 1947 997 1990 susum
1019 1930 1123 1993 morte
1136 1944 1161 1984 20

154 2012 316 2079 multauit.
362 2012 447 2076 idem
469 2016 506 2077 ut
522 2012 698 2077 secundum
714 2012 817 2097 legem
840 2012 908 2076 eius
931 2031 988 2096 per
1009 2012 1122 2076 trium-

154 2099 242 2163 uiros
259 2117 334 2182 ager
349 2096 468 2180 populo
484 2097 605 2162 uiritim
627 2096 822 2161 diuideretur
843 2096 972 2181 egregie
988 2098 1122 2180 censuit,

155 2181 334 2265 siquidem
357 2181 568 2265 grauissimae
597 2181 761 2246 seditionis
790 2181 901 2246 eodem
924 2185 1069 2267 tempore
1091 2185 1124 2246 et

154 2271 319 2333 auctorem
342 2271 374 2330 et
398 2288 524 2331 oausam
547 2266 685 2331 sustulit.
1185 2328 1187 2332 .

220 2349 322 2426 Quem
356 2349 470 2414 deinde
503 2372 537 2415 se
571 2351 746 2434 prudenter
779 2350 814 2414 in
847 2371 923 2435 rege
953 2350 1122 2416 Masinissa
1137 2379 1161 2419 ss

156 2436 269 2524 gessit!
308 2456 383 2498 nam
414 2456 486 2499 cum
514 2436 754 2518 promptissima
781 2438 814 2499 et
841 2435 1026 2500 fidelissima
1054 2437 1123 2500 eius

158 2542 257 2606 opera
279 2519 432 2584 aduersus
454 2518 743 2604 Karthaginienses
771 2541 846 2584 usus
876 2523 961 2584 esset
988 2541 1121 2603 eumque

155 2607 190 2670 in
214 2604 378 2669 dilatando
399 2625 501 2688 regno
525 2604 701 2668 auidiorem
724 2609 881 2682 cerneret,
913 2603 1018 2686 legem
1045 2604 1122 2667 ferri

153 2691 261 2774 iussit,
294 2710 356 2772 qua
383 2687 573 2753 Masinissae
602 2688 643 2773 ab
671 2690 806 2774 imperio
841 2688 954 2773 populi
981 2687 1121 2752 Romani

156 2775 292 2840 solutam
309 2773 490 2837 libertatem
513 2773 678 2841 tribueret.
714 2795 778 2857 quo
801 2773 887 2837 facto
910 2794 982 2836 cum
999 2773 1120 2856 optime

155 2859 263 2925 meriti
290 2856 544 2928 beniuolentiam
574 2857 723 2942 retinuit,
752 2861 820 2922 tum
849 2855 1062 2922 Mauritaniae
1091 2861 1123 2921 et

224 3065 240 3113 4
257 3057 459 3181 Hannibales}
477 3059 543 3114 odd.
563 3061 677 3115 senatus
694 3059 733 3112 Α2
751 3076 765 3114 e
782 3059 851 3114 Por.
870 3061 880 3128 ΙΙ
898 3065 913 3113 t
931 3058 1078 3112 mitterent
1095 3059 1123 3113 L

155 3131 192 3184 A¹
229 3128 413 3182 tacerimme
462 3128 520 3196 1119
539 3128 684 3183 consulum
706 3127 806 3182 Weusk
838 3129 926 3194 p.12,
945 3125 1122 3180 consimiliL

154 3198 182 3251 A
231 3195 287 3250 alm
300 3195 310 3264 ΙΙ
324 3201 356 3248 10
375 3196 449 3249 inest
467 3195 558 3249 maior
576 3196 657 3264 (corr.
678 3211 711 3250 err
729 3143 946 3258 inaesiimatior)
965 3193 1024 3247 LA
1037 3194 1047 3261 ΙΙ
1059 3211 1122 3249 sua·

155 3263 241 3320 dendi
260 3263 329 3317 ΙιΑΙ
343 3265 397 3332 1111
417 3261 594 3332 cipiditasL¹
608 3264 618 3332 ΙΙ
633 3269 663 3317 15
681 3262 764 3316 bebio
783 3261 810 3315 L
823 3263 832 3330 11
845 3261 964 3329 reiLA‚
983 3261 1049 3316 odd.
1059 3278 1122 3316 reos

156 3334 194 3388 sic
212 3350 240 3386 u.
262 3331 291 3398 (i.
307 3347 327 3391 e,
346 3332 438 3395 uetus)
457 3345 551 3401 usurpo
569 3332 596 3385 Α
615 3347 628 3385 e
645 3331 715 3385 Par.
737 3333 746 3399 ΙΙ
770 3335 800 3383 17
819 3329 896 3384 metri
913 3331 951 3383 A1
973 3330 983 3399 lt
1004 3329 1123 3384 deberet

155 3416 206 3456 uos
223 3405 249 3455 et
270 3399 383 3466 Gertz&
415 3399 520 3453 debent
537 3399 609 3467 LA,
640 3399 727 3454 debet
746 3398 803 3468 (scd
821 3397 901 3456 add:
922 3397 987 3464 sort.
1007 3397 1120 3466 debeat)

155 3487 242 3542 Halm
255 3487 265 3554 ΙΙ
284 3491 315 3541 19
331 3471 365 3539 T.
383 3483 535 3555 gracchum
553 3484 610 3539 LA
624 3485 679 3554 1121
697 3485 729 3538 ut
746 3484 794 3552 A‘,
813 3484 887 3538 etA¹
902 3485 956 3553 {129
975 3498 1048 3553 quae
1066 3482 1119 3537 Pc-

154 3555 279 3610 rtrcaius
291 3555 301 3622 ΙΙ
314 3560 345 3610 31
364 3554 423 3608 tam
441 3552 479 3605 A¹
