2606 3952
201 185 264 250 104
619 179 686 234 mu.
706 178 742 238 11.

201 333 461 400 excellentissimi
494 332 556 396 uiri
589 333 738 396 uenerari
773 352 869 417 quam
899 332 1044 399 dolorem
1077 355 1171 400 suum

199 419 310 484 ulcisci
333 418 456 482 maluit.

265 503 316 569 Ad
339 503 476 567 eundem
494 500 683 566 Africanum
705 501 738 564 in
755 500 923 566 Liternina
944 502 1023 567 uilla
1037 525 1071 568 se
1094 525 1171 569 con-

200 590 360 653 tinentem
383 587 553 671 conplures
575 585 772 668 praedonum
795 584 891 650 duces
914 586 1088 653 uidendum
1118 610 1170 654 eo-

175 669 274 738 adem
295 676 441 757 tempore
463 671 547 737 forte
570 669 802 735 confluxerunt.
843 691 923 754 quos
946 693 1019 735 cum
1040 673 1080 737 ad
1103 675 1170 739 uim

200 758 382 824 faciendam
404 757 514 821 uenire
540 754 768 837 existimasset,
796 755 992 837 praesidium
1021 757 1170 823 domesti-

201 864 310 908 corum
333 843 367 906 in
389 844 475 906 tecto
499 840 682 905 conlocauit
704 842 833 924 eratque
854 839 890 904 in
912 840 962 904 his
977 842 1170 925 repellendis

202 931 235 992 et
256 927 365 992 aniino
389 930 422 990 et
443 928 600 1008 apparatu
623 927 807 1007 occupatus.
841 925 925 1007 quod
941 929 978 990 ut
990 927 1169 1009 praedones

201 1011 508 1088 animaduerterunt,
532 1009 672 1072 dimissis
687 1009 843 1073 militibus
860 1009 1057 1095 abiectisque
1072 1013 1170 1078 armis

162 1114 187 1153 10
200 1097 316 1161 ianuae
338 1095 599 1179 adpropinquant
616 1097 649 1158 et
663 1093 750 1158 clara
766 1114 844 1158 uoce
858 1095 1011 1160 nuntiant
1027 1096 1170 1180 Scipioni

200 1202 268 1245 non
283 1181 368 1244 uitae
385 1180 452 1244 eius
467 1179 586 1260 hostes,
603 1179 657 1242 sed
673 1178 800 1244 uirtutis
816 1178 1027 1245 admiratores
1042 1182 1170 1246 uenisse

202 1269 409 1347 conspectum
433 1266 466 1328 et
487 1283 694 1348 congressum
717 1262 801 1328 tanti
824 1264 885 1328 uiri
913 1264 1003 1348 quasi
1033 1265 1169 1332 caeleste

201 1349 331 1433 aliquod
354 1348 543 1413 beneficium
558 1350 759 1432 expetentes:
784 1348 920 1432 proinde
936 1369 1082 1414 securum
1098 1371 1132 1415 se
1148 1355 1169 1432 †

200 1433 294 1498 nobis
317 1457 331 1499 s
356 1432 527 1498 eetandum
549 1433 702 1516 praebere
724 1454 765 1497 ne
787 1437 948 1518 grauatus
982 1434 1061 1500 haec
1083 1440 1170 1519 post

162 1536 298 1602 requam
327 1456 493 1583 domestici
521 1517 665 1601 Scipioni
694 1516 886 1594 retulerunt,
920 1517 1005 1583 fores
1032 1521 1169 1586 reserari

201 1624 318 1687 eosque
340 1603 515 1668 intromitti
537 1603 639 1666 iussit.
674 1601 728 1686 qui
750 1605 859 1686 postes
873 1604 988 1667 ianuae
1003 1608 1170 1688 tamquam

201 1688 341 1773 aliquam
363 1687 638 1770 religiosissimam
661 1707 749 1751 aram
778 1690 988 1771 sanctumque
1010 1690 1169 1772 templum

180 1775 348 1856 ¹uenerati
371 1772 485 1856 cupide
508 1772 669 1856 Scipionis
696 1771 859 1836 dexteram
887 1771 1170 1855 adprehenderunt

202 1878 240 1922 ac
264 1857 318 1922 diu
341 1857 477 1922 osculati
499 1857 612 1940 positis
635 1859 711 1921 ante
733 1856 927 1921 uestibulum
948 1857 1055 1937 donis,
1086 1881 1169 1943 quae

162 1942 334 2007 acdeorum
357 1941 578 2006 inmortalium
599 1941 726 2006 numini
747 1942 926 2006 consecrari
942 1941 1057 2026 solent,
1079 1943 1168 2028 laeti,

119 2073 126 2092 ,
201 2028 285 2110 quod
314 2025 497 2109 Scipionem
525 2026 643 2091 uidisse
671 2027 875 2110 contigisset,
904 2027 945 2090 ad
974 2027 1094 2107 †lares
1120 2050 1169 2093 re·

200 2113 379 2175 uerterunt.
408 2111 483 2194 quid
499 2110 561 2176 hoc
575 2109 682 2175 fructu
704 2111 882 2175 maiestatis
904 2112 1068 2196 excelsius,
1092 2114 1169 2196 quid

201 2194 298 2260 etiam
320 2195 512 2260 iucundius?
549 2194 653 2260 hostis
681 2195 763 2260 iram
790 2195 1001 2260 admiratione
1029 2197 1080 2262 sui
1101 2200 1169 2296 pla·

202 2281 303 2361 cauit,
327 2281 508 2364 spectaculo
531 2281 731 2364 praesentiae
754 2301 830 2345 suae
851 2279 1013 2345 latronum
1030 2287 1169 2366 gestien-

163 2381 189 2422 ra
202 2363 245 2429 tis
267 2364 377 2429 oculos
400 2365 490 2429 uidit.
536 2364 667 2449 delapsa
690 2365 776 2429 caelo
799 2364 902 2430 sidera
928 2364 1113 2432 hominibus
1141 2367 1170 2432 si

203 2470 237 2514 se
260 2449 411 2527 offerant,
434 2450 651 2514 uenerationis
674 2449 811 2533 amplius
832 2470 900 2514 non
921 2450 1090 2533 recipient.

264 2534 296 2598 3.
337 2533 382 2598 Et
408 2533 487 2598 haee
517 2534 646 2618 quidem
673 2534 748 2599 uiuo
771 2533 926 2617 Scipioni,
954 2534 1034 2599 illud
1062 2540 1169 2601 autem

200 2618 341 2683 Aemilio
359 2617 462 2683 Paulo
485 2619 625 2684 exanimi
647 2618 801 2704 contigit:
823 2639 898 2683 nam
921 2640 993 2684 cum
1016 2619 1170 2704 exe'quiae

269 2775 284 2824 3
307 2769 462 2824 liter-nina*
478 2769 520 2836 A,
546 2769 613 2825 add.
638 2771 658 2824 l.
677 2770 707 2824 P.
724 2770 754 2823 in
777 2769 873 2824 literni
894 2769 964 2825 uilla
987 2787 1082 2841 urarpo
1104 2772 1133 2826 A
1156 2789 1171 2829 c

199 2839 269 2894 Par.
291 2838 301 2906 ΙΙ
322 2844 339 2892 4
356 2836 511 2891 uidendum
530 2838 604 2904 LA,
627 2837 648 2894 Ι.
667 2837 699 2892 Ρ,
718 2836 835 2891 uidendi
853 2838 911 2894 eius
930 2854 1014 2894 causa
1030 2853 1125 2961 margo
1141 2844 1169 2895 A

199 2907 305 2964 cPom
331 2906 405 2974 quod
462 2905 550 2971 ecfert
572 2905 682 2971 Halm„
709 2905 858 2960 tollendam
880 2921 971 2960 accen
993 2922 1062 2961 cena
1114 2913 1171 2963 ertu

194 2987 226 3094 p.
245 2975 321 3043 2701}
335 2980 349 3028 7
368 2973 402 3026 iis
445 2973 502 3027 alm
514 2974 528 3051 ll
539 2979 570 3028 10
587 2973 738 3027 nunciante
751 2972 778 3027 L
790 2975 800 3042 ΙΙ
816 2980 843 3028 11
864 2974 983 3028 uirtutes
995 2976 1032 3028 A¹
1046 2975 1056 3043 11
1070 2981 1102 3030 14
1120 2993 1169 3031 no-

218 3041 243 3094 is
260 3040 301 3106 A,
324 3042 381 3095 not
399 3041 438 3103 L,
462 3040 543 3094 uudrs
565 3040 704 3109 Wopkens
720 3041 753 3095 ia
769 3043 868 3096 Arata.
886 3042 960 3096 misc.
976 3056 1006 3162 p.
1026 3045 1072 3108 44,
1094 3059 1170 3098 nuuc

198 3107 232 3161 iis
249 3107 382 3164 Foertsclr
393 3109 503 3175 11111,
523 3123 616 3162 coram
631 3108 751 3178 Wcrtsty
783 3145 790 3162 .
802 3113 819 3163 5
831 3109 841 3177 ΙΙ
856 3115 886 3164 15
898 3109 975 3162 rettu

202 3177 213 3244 ll
234 3180 266 3229 16
282 3176 365 3255 iussit
383 3177 441 3241 (aad
458 3177 509 3254 ts.
529 3177 557 3243 l.)
576 3176 634 3298 Ἴ
654 3123 781 3255 potesL
803 3178 812 3245 {l
835 3182 867 3230 17
890 3176 1014 3243 aliquam
1033 3179 1168 3257 om3dctt.

198 3243 330 3298 umumllc
342 3244 352 3310 ΙΙ
367 3249 398 3296 19
416 3243 588 3315 uestibulum
646 3245 655 3312 l
669 3260 718 3311 qur
736 3243 854 3298 deorum
872 3243 933 3298 LA
944 3246 954 3313 ll
967 3251 997 3297 21
1018 3247 1169 3315 contigisse

199 3309 281 3363 L¹A¹
294 3311 304 3378 ΙΙ
317 3310 389 3365 lares
407 3311 481 3375 LA,
499 3326 587 3365 naues
605 3311 676 3368 coni.
689 3311 853 3370 Turranius.
872 3311 1013 3379 idipsum
1030 3315 1076 3368 uel
1094 3315 1170 3368 rates

195 3377 298 3445 probat
317 3377 400 3432 Getta
414 3393 444 3446 p.
462 3381 525 3444 270,
544 3379 603 3434 coll.
621 3378 721 3447 Ncpot.
741 3379 858 3433 classem
876 3379 1109 3446 conscenderunt,
1130 3398 1170 3436 aa

200 3443 237 3498 ad
256 3443 376 3498 classes?
401 3446 405 3512 Ι
435 3451 468 3499 23
486 3445 703 3500 admirationem
721 3446 764 3500 sui
802 3447 890 3501 lacuit
908 3447 989 3502 L¹A¹
1014 3450 1024 3516 l
1048 3455 1080 3504 2⁷
1098 3447 1170 3504 haec

201 3511 281 3592 L’ct
300 3510 365 3565 dett.
380 3512 495 3580 peria,
518 3513 570 3567 hoo
589 3513 658 3580 alii,
677 3514 731 3568 hae
751 3463 821 3569 LPA
845 3515 855 3582 n
879 3519 911 3569 28
933 3517 1075 3590 exsequia
1093 3517 1120 3570 A
1144 3522 1170 3572 ct

200 3594 261 3635 sanc
278 3593 334 3633 ras.
351 3577 391 3644 L,
412 3593 506 3646 exseq.
524 3579 619 3640 Halm,

988 3112 1071 3164 amnt
1082 3110 1170 3166 Halm
