2562 3950
327 121 485 176 eraum.
511 119 586 176 cae.
601 128 625 190 1,
643 121 739 176 absol.
752 128 845 178 a-1o.
994 124 1059 190 559

89 279 273 341 tribuniciae
288 279 329 340 M.
342 277 416 340 Octo
438 280 564 340 ultimae
579 281 742 340 senectutis
758 279 967 357 subscriberet,
989 301 1058 343 reus

88 365 168 426 nihil
194 383 250 441 pro
278 384 309 425 se
336 384 476 426 recusans
503 363 581 424 filios
609 383 679 425 suos
706 365 818 441 populo
851 368 1058 428 commendere

90 451 195 526 coepit
216 467 311 525 eoque
334 449 415 510 facto
437 449 577 526 mitigata
599 450 737 510 contione
759 450 915 511 absolutus
938 455 993 512 est.

156 536 194 594 A.
225 532 369 596 Gabinius
403 554 421 593 a
453 532 486 594 Ο.
520 534 660 594 Memmio
693 537 865 610 accusatus,
899 555 967 596 oum
999 537 1095 596 iam3

58 621 300 697 adamnaretur,
323 621 461 680 seruatus
490 622 548 678 est:
581 637 651 678 nam
681 637 747 678 cum
773 638 804 680 se
825 619 905 680 filius
927 621 990 682 aius
1014 621 1059 680 Si-

89 722 184 766 senna
205 704 333 782 genibus
355 704 534 764 accusetoris
550 703 727 764 subiecisset
740 708 845 780 petens
860 705 987 780 ueniam,
1012 724 1058 765 re·

89 789 197 866 pulsus
227 789 264 848 ab
287 805 335 860 eo,
365 806 489 848 excusso
511 789 602 847 etiam
625 789 733 867 anulo,
762 792 930 866 spectantes
952 792 1058 866 mouit,

91 877 124 934 et
144 875 188 932 ita
210 872 323 932 dimitti
346 871 506 932 Gabinium
528 871 653 948 placuit.

159 958 236 1033 App.
260 955 401 1017 Claudius
429 957 467 1016 ob
495 957 635 1016 amissam
663 958 786 1018 classem
814 959 925 1018 infesto
948 959 1095 1036 populea

43 1063 76 1103 ιο
91 1042 237 1118 obiectus,
261 1061 330 1102 cum
352 1042 482 1119 effugere
503 1060 630 1117 poenam
652 1042 737 1102 nullo
759 1043 848 1103 modo
870 1047 985 1119 posset,
1008 1044 1059 1104 be-

90 1126 198 1187 neficio
226 1126 325 1186 subito
352 1127 446 1187 coorti
473 1126 578 1186 imbris
602 1127 696 1186 dilato
717 1127 843 1207 iudicio,
874 1131 978 1204 postea
999 1148 1061 1189 non

92 1213 139 1272 est
161 1214 327 1271 accusatus·

157 1296 193 1355 L.
220 1295 290 1355 Piso
319 1315 337 1355 a
364 1295 494 1355 Pulchro
523 1298 691 1369 accusatus,
721 1295 814 1356 effuso
842 1296 943 1356 subito
971 1298 1097 1357 imbrib

92 1399 161 1440 cum
175 1381 259 1440 humi
273 1381 442 1456 prostratus
456 1380 547 1456 pedes
561 1381 693 1440 iudicum
709 1381 902 1458 oscularetur,
925 1400 957 1441 os
972 1401 1059 1442 suum

52 1484 79 1524 re
95 1483 186 1525 caeno
208 1465 346 1541 repleuit,
369 1465 450 1541 quod
472 1468 662 1541 conspectum
685 1467 781 1526 totam
797 1468 1003 1543 qaaestionem
1023 1467 1061 1526 ad

93 1551 286 1611 clementiam
307 1550 472 1609 transtulit.

160 1634 194 1706 Q.
210 1634 333 1694 Flauius
356 1633 425 1698 aO.
439 1632 560 1694 Valerio
583 1634 677 1693 aedile
700 1653 766 1694 reus
788 1637 880 1705 actus,
904 1654 972 1695 cum
986 1653 1061 1695 x1111
1079 1641 1095 1690 7

93 1719 228 1778 tribuum
257 1718 405 1795 suffragiis
428 1718 586 1780 damnatus
609 1722 702 1797 esset,
730 1720 931 1795 proclamauit
953 1738 983 1779 se
1007 1738 1059 1796 op·

94 1803 186 1879 primi
207 1805 405 1863 innocentem.
443 1804 490 1862 cui
513 1821 581 1864 cum
602 1804 739 1863 Valerius
761 1803 966 1879 respondisset
986 1805 1062 1863 nihil

44 1909 80 1948 so
96 1907 150 1947 sua
181 1889 324 1948 interesse
356 1905 466 1948 nocens
497 1907 537 1948 an
568 1889 711 1948 innocens
739 1888 867 1964 periret,
900 1889 1063 1948 dummodo

95 1973 219 2050 periret,
244 1975 358 2032 ceterae
380 1973 478 2032 tribus
493 1975 591 2034 motae
606 1974 766 2034 insolentia
779 1973 907 2033 hominis
922 1975 1062 2033 Flauium

96 2057 299 2118 absoluerunt.

162 2141 195 2204 G.
219 2141 399 2202 Cosconium
420 2159 505 2200 reum
529 2141 657 2201 Seruilia
682 2143 749 2218 lege
771 2144 940 2201 accusatum
963 2162 981 2202 a
1002 2142 1061 2201 Va·
1080 2149 1099 2198 8

97 2227 171 2287 lerio
183 2225 309 2286 Valente
332 2229 362 2286 et
383 2227 443 2285 iam
465 2226 651 2285 damnationi
673 2225 843 2303 propiorem
864 2245 912 2286 res
927 2245 987 2287 una
1001 2246 1063 2287 ser-

55 2329 83 2371 as
97 2311 195 2386 uenit,
230 2311 311 2388 quod
338 2329 445 2387 poema
472 2311 654 2370 accusatoris
682 2311 728 2370 sui
756 2311 909 2388 recitauit,
943 2313 974 2370 in
1002 2330 1063 2388 quo

99 2415 224 2473 puerum
251 2396 415 2472 ingenuum
444 2398 475 2455 et
502 2395 651 2472 uirginem
679 2395 840 2472 ingenuam
868 2398 1024 2472 corruptos
1046 2415 1063 2454 a

98 2500 129 2541 se
152 2480 346 2558 significabat.
383 2498 459 2556 quae
481 2499 528 2540 res
552 2482 586 2540 ut
607 2480 760 2541 innocenti
782 2479 926 2541 Cosconio
947 2481 1065 2557 peperit

99 2566 330 2626 excusationem.
527 2580 533 2590 “

162 2651 203 2713 M.
214 2649 344 2709 Atilium
360 2647 540 2724 Calatinum,
564 2648 747 2709 Soranorum
769 2650 873 2726 oppidi
894 2648 1099 2726 proditiones

61 2753 89 2794 so
103 2735 253 2809 infamem,
276 2736 409 2794 seruauit
432 2734 467 2805 Q.
490 2734 636 2794 Maximus
659 2752 758 2812 socer,
782 2736 840 2810 qui
856 2753 887 2794 se
909 2733 1064 2794 adseuera·
1171 2749 1174 2754 ·

103 2821 156 2893 uit,
180 2820 205 2880 si
226 2821 260 2880 in
281 2837 316 2879 eo
339 2819 460 2878 crimine
483 2822 600 2879 sontem
616 2818 701 2878 illum
717 2819 932 2897 deprendisset,
955 2819 1063 2878 direm-

101 2908 202 2965 turom
224 2905 316 2965 fuisse
338 2903 534 2964 adfinitatem.

163 2990 203 3048 Μ.
216 2990 362 3049 Aemilius
378 2988 506 3048 Scaurus
526 2989 758 3065 repetundarum
779 3006 846 3049 reus
867 2991 991 3065 propter
1013 3007 1063 3048 ue·
1084 2994 1118 3044 10

101 3075 297 3134 tustissimam
324 3073 513 3134 nobilitatem
543 3077 574 3133 et
600 3076 751 3134 recentem
777 3075 950 3133 memoriam
971 3074 1065 3149 patris

65 3175 89 3218 aa
102 3159 253 3220 absolutus
276 3161 331 3219 est.

168 3311 200 3361 13
218 3305 335 3376 pulscho
354 3305 411 3361 cod.
431 3309 457 3360 ct
474 3305 507 3358 io
523 3319 610 3374 morp.
629 3304 695 3358 add.
714 3304 731 3358 l.
750 3303 862 3359 claudio
879 3303 996 3373 pulchro
1009 3304 1019 3372 ss
1033 3308 1065 3357 17

103 3374 185 3429 aedili
201 3391 236 3428 m.
249 3375 291 3442 211
304 3380 334 3427 21
354 3373 501 3426 hominum
523 3374 532 3440 l
554 3379 588 3427 24
604 3373 687 3426 immo
706 3371 867 3430 Valentino,
904 3373 939 3438 cf.
960 3371 1021 3426 Vol.
1041 3375 1066 3426 ct

29 3539 32 3561 r
102 3443 286 3582 ἔῒξὲωρέὂῗ
302 3441 344 3496 Μ.
366 3442 376 3509 ΙΙ
397 3445 431 3494 25
449 3456 541 3509 poena
563 3442 572 3508 ΙΙ
596 3447 628 3495 31
648 3440 853 3510 dirempturum
871 3457 905 3498 m.
918 3444 946 3507 2,
965 3439 1066 3494 direm-
