2562 3950
197 158 326 216 112111.
346 159 423 218 cnr.
436 164 545 226 us-r.
563 159 627 214 uxr.
641 165 715 214 1-4.
733 158 812 217 cAP.
825 166 849 228 e,
861 165 884 214 1.
974 162 1037 228 541

37 319 99 379 tis
118 318 265 378 creditori
285 335 339 377 suo
355 317 527 378 satisfacere
542 317 648 395 nollet,
672 318 832 395 collegium
845 318 1037 378 tribunorum

41 403 204 463 decreuit
226 402 368 462 creditori
390 402 533 462 aduersus
556 402 701 479 collegam
723 404 869 462 auxilium
891 403 978 464 ferre.

129 486 189 547 Cn.
212 487 365 547 Domitius
386 487 457 547 trib.
480 487 521 562 pl.
544 505 612 546 oum
640 486 719 546 diem
741 488 786 547 M.
810 487 922 548 Scauro
945 489 1069 549 dixis-t

42 577 118 645 set,
145 590 252 632 seruus
269 570 374 632 Scauri
396 575 488 632 noctu
510 571 547 630 ad
568 590 637 630 eum
655 572 749 645 uenit,
772 573 990 632 instructurum
1005 592 1036 632 se

44 659 127 718 eius
152 655 374 716 accusationem
394 656 499 715 multis
523 655 635 716 domini
658 657 832 716 criminibus
847 658 1035 733 promittens.

43 740 264 805 memorastis
280 739 430 800 Domitius
446 760 567 801 seruum
584 740 696 800 Scauro
710 740 828 801 remisit
842 742 1036 819 puniendum.

127 826 169 885 L.
194 824 319 885 Crassus
340 825 389 885 die
411 826 492 884 dicta
514 823 568 884 Cn.
593 824 732 897 Carboni,
755 844 823 884 oum
845 845 950 886 seruus
973 827 1035 886 eius
1054 835 1070 884 6

48 910 98 972 ad
129 929 163 970 se
193 909 337 970 scrinium
371 909 485 969 domini
513 909 672 969 adtulisset
699 910 843 986 conplura
870 911 1035 980 continens,

48 995 175 1073 quibus
198 992 294 1053 Carbo
322 994 409 1054 facile
436 993 567 1070 opprimi
594 998 710 1070 posset,
740 997 775 1054 ut
797 999 862 1055 erat
883 996 1036 1073 signatum

21 1096 137 1140 ocum
160 1097 248 1138 seruo
271 1081 407 1138 catenato
429 1080 466 1137 ad
489 1078 643 1138 dominum
664 1080 791 1139 remisit.

130 1164 168 1223 L.
193 1163 291 1239 Sulla,
321 1182 388 1222 oum
412 1162 579 1237 Sulpicium
600 1163 714 1222 Rufum
745 1164 815 1223 trib.
836 1164 877 1240 pl.
909 1164 1070 1239 proserii

53 1249 177 1326 psisset
197 1251 287 1324 atque
311 1267 378 1306 eum
401 1267 419 1307 a
440 1266 527 1310 smuo
548 1248 702 1323 proditum
724 1249 922 1324 conperisset,
944 1267 1037 1307 manu

55 1333 192 1394 missum
213 1332 409 1408 parricidam,
439 1336 474 1390 ut
495 1331 569 1391 fides
591 1332 681 1392 edicti
704 1334 750 1392 sui
774 1336 899 1406 extaret,
922 1334 1035 1408 praeci-

57 1418 158 1494 pitari
180 1416 318 1494 protinus
341 1416 469 1491 Tarpeio
492 1435 561 1476 saxo
583 1417 741 1492 pilleatum
761 1417 860 1480 iussit.

25 1518 42 1558 s
128 1502 267 1561 Pittacus
279 1501 476 1577 Mitylenaeus
499 1502 572 1577 ipsis
595 1501 710 1560 ciuibus
733 1501 924 1577 tyrannidem
945 1499 1022 1560 date
1031 1509 1087 1552 let·

61 1586 213 1661 rentibus,
236 1589 272 1644 ut
294 1585 435 1645 aduersus
449 1585 649 1645 Athenienses
673 1587 733 1643 dux
755 1588 843 1657 esset,
867 1603 939 1661 paee
955 1566 1067 1646 facte1

64 1670 211 1729 continuo
233 1669 464 1729 reclamantibus
487 1670 636 1745 deposuit.

132 1754 276 1813 Zaleucus
291 1754 366 1813 urbe
381 1754 577 1814 Locrensium
591 1753 759 1813 utilissimis
774 1753 893 1829 legibus
908 1754 1035 1832 munita,
1053 1767 1069 1816 3

65 1857 135 1897 cum
163 1837 244 1898 filius
272 1837 337 1898 eius
364 1838 506 1898 adulterii
535 1839 658 1898 crimine
687 1838 843 1898 damnatus
872 1839 1035 1898 secundum

21 1938 52 1979 eo
67 1923 115 1982 ius
145 1923 182 1982 ab
210 1924 275 1999 ipso
303 1923 502 1984 constitutum
523 1927 652 1998 utroque
675 1923 760 1982 ooulo
783 1941 881 1982 cerere
903 1922 1034 1996 deberet,

67 2010 208 2083 precante
230 2007 293 2068 filio
321 2011 352 2067 et
374 2008 487 2083 populo
510 2011 545 2066 ut
566 2011 715 2084 parceret,
745 2008 862 2068 medius
884 2008 964 2066 inter
985 2027 1035 2083 pa·

66 2095 146 2151 trem
167 2095 199 2152 et
219 2093 449 2169 legumlatorem
471 2093 547 2152 fuit:
571 2111 625 2152 suo
648 2092 730 2151 euim
744 2093 837 2167 prius,
860 2092 969 2152 deinde
990 2091 1035 2151 fili

68 2177 154 2237 oculo
177 2180 263 2236 eruto
285 2197 374 2236 usum
396 2178 518 2253 utrique
541 2176 664 2236 uidendi
685 2177 817 2253 reliquit.

133 2260 306 2321 Charondae
329 2262 510 2320 Thuriorum
537 2262 733 2338 legumlator,
761 2281 829 2321 oum
851 2261 973 2321 tulisset
993 2261 1068 2324 le-4

25 2358 56 2400 rs
71 2364 138 2422 gem
159 2363 196 2405 ne
219 2346 271 2421 qui
294 2347 448 2405 contiones
470 2365 539 2405 aum
560 2346 641 2405 ferro
663 2347 800 2417 intraret,
822 2345 887 2405 fore
905 2347 986 2405 anim
999 2348 1036 2405 ut

73 2431 313 2506 interemeretur,
335 2430 414 2492 forte
436 2449 473 2490 ex
493 2431 658 2507 longinquo
679 2431 786 2490 itinere
807 2432 977 2503 reuenieus,
1000 2433 1036 2489 ut

71 2517 134 2574 erat
154 2515 254 2591 gladio
276 2515 407 2588 cinctus,
436 2515 548 2574 curiam
569 2516 705 2574 intrauit.
748 2515 919 2574 admonitus
940 2514 1035 2590 igitur

72 2599 145 2658 solui
166 2619 184 2659 a
206 2619 237 2660 ee
258 2598 340 2677 leges
362 2599 504 2659 destricto
527 2600 607 2659 ferro
629 2599 777 2658 incubuit.

362 2767 416 2827 Du
438 2767 531 2827 FIDE
553 2765 741 2828 PVBLICA.

35 2884 62 2925 ao
135 2867 208 2928 Cum
230 2868 422 2930 Ptolomaeus
451 2890 503 2928 rex
529 2873 661 2930 tutorem
688 2871 833 2946 populum
862 2868 1030 2929 Romanum
1040 2875 1085 2941 6,1

75 2953 133 3012 filio
155 2972 206 3013 suo
221 2954 399 3031 reliquisset,
423 2958 542 3014 senatus
558 2954 598 3016 M.
614 2953 779 3014 Aemilium
793 2953 941 3029 Lepidum
959 2972 1033 3030 pon·
1079 2955 1081 2962 ’

140 3138 154 3186 6
169 3131 291 3188 inmotus
308 3148 366 3198 uos,
383 3151 439 3188 non
456 3139 550 3188 motus
563 3134 646 3188 Certa
664 3135 681 3194 l.
693 3151 725 3201 c,
742 3137 836 3188 motus
854 3134 912 3188 cod.
925 3132 1034 3202 Halmii

80 3207 107 3254 11
124 3200 190 3268 sylla
227 3207 257 3255 13
275 3201 410 3256 scrobem.
427 3202 489 3256 uid.
509 3203 653 3256 constaret
664 3204 674 3269 11
693 3208 725 3256 14
742 3203 842 3271 tarpeo
864 3202 874 3268 1
897 3207 928 3254 16
946 3201 1035 3255 Athe·

78 3267 172 3322 niensis
220 3268 276 3322 alm
297 3269 309 3390 i
328 3274 361 3322 22
379 3269 594 3338 legemlatorem
611 3274 675 3324 m.1
697 3271 706 3338 11
727 3276 760 3323 24
778 3269 925 3338 yriorumll
942 3271 1035 3338 legem

78 3350 124 3391 uos
135 3353 151 3402 ‚e
166 3337 236 3391 corat.
248 3336 298 3391 Ha
309 3337 360 3390 mii
388 3336 466 3406 leges
483 3337 541 3392 cod.
554 3339 564 3406 1
577 3342 609 3391 26
626 3337 844 3392 interemeretur
863 3337 976 3400 Gertffl,
994 3337 1035 3390 in-

79 3402 246 3458 terficeretur
262 3403 327 3458 Mai
343 3378 444 3468 dicim,
471 3405 649 3458 inueniretur
666 3406 724 3460 ood.
745 3407 755 3474 1
776 3405 925 3459 reueniens
942 3404 1037 3460 Bueot

77 3474 171 3592 111ῗίίὶ
179 3472 371 3594 ηειιὶθηεῖοά,
390 3472 477 3527 Halm
498 3474 509 3542 11
529 3479 563 3528 80
580 3470 757 3542 ptolemaeus
774 3476 841 3528 m.2
858 3473 945 3528 Helm
967 3475 979 3543 1
1002 3477 1034 3529 31

82 3553 132 3607 pon
172 3555 235 3594 oum
252 3556 286 3597 m.
