2590 3948
218 133 259 195 12
646 123 714 184 ura.
733 124 753 180 1.

280 281 311 346 3.
339 279 539 363 Quamquam
569 278 645 362 quid
678 277 795 342 attinet
821 299 927 343 mores
956 279 1090 343 natione
1119 300 1196 363 per·

217 364 337 450 pendi?
361 367 395 428 in
417 365 523 429 media
538 363 687 429 barbaria
710 365 798 427 ortus
820 363 1024 448 sacrilegium
1046 364 1195 428 alienum

217 449 360 515 rescidit:
393 449 558 534 Syracusis
586 448 715 533 genitus
738 447 913 532 Dionysius
942 452 991 513 tot
1018 448 1196 534 sacrilegia

162 599 163 604 ,
218 557 283 612 sua,
307 539 385 619 quot
406 536 469 600 iam
486 553 762 619 recognoscemus,
786 532 902 597 iocosis
923 533 1016 599 dictis
1036 534 1193 618 prosequi

192 620 393 704 suoluptatis
422 621 493 685 loco
517 618 624 683 duxit:
655 617 734 681 fano
761 617 848 682 enim
874 617 1087 701 Proserpinae
1117 640 1195 702 spo·

217 705 296 770 liato
318 705 443 786 Locris,
478 726 550 769 oum
578 725 635 787 per
662 703 762 766 altum
792 703 930 767 secundo
959 706 1058 768 uento
1088 703 1194 770 classe

217 792 404 871 ueheretur,
433 789 541 854 ridens
564 787 674 853 amicis
697 786 879 852 ‘uidetisne’
903 787 949 852 ait
972 794 1080 871 ‘quam
1104 788 1194 854 bona

216 873 609 1024 trtttttttpttt
624 871 1046 1022 ild⁰ti¹l¹¹t⁵ttl⁰i³⁸
1059 873 1193 1023 <illuit

180 1065 204 1106 10
219 1065 324 1131 aureo,
339 1040 492 1122 amiculo,
521 1064 585 1126 quo
607 1063 680 1106 eum
702 979 860 1125 tyrdnnbs
884 979 1005 1107 Geldne
1028 979 1193 1108 riianubiis

217 1127 542 1212 Karthaginiensium
556 1130 735 1206 ornauerat,
758 1127 941 1211 iniectoque
957 1128 987 1191 ei
1003 1129 1098 1193 laneo
1124 1129 1193 1212 pal-

218 1213 262 1278 lio
287 1213 368 1277 dixit
389 1215 511 1277 aestate
527 1233 626 1297 graue
642 1232 711 1276 esse
726 1232 857 1277 aureum
874 1212 1058 1294 amiculum,
1083 1211 1193 1278 hieme
1277 1241 1278 1246 ¹

217 1298 389 1382 frigidum,
418 1298 546 1362 laneum
577 1300 683 1362 autem
705 1295 746 1360 ad
768 1300 939 1380 utrumque
961 1300 1090 1380 tempus
1113 1299 1193 1364 anni
1277 1291 1278 1320 ¹

219 1384 334 1468 aptius.
378 1382 462 1446 idem
491 1381 646 1466 Epidauri
675 1381 868 1466 Aesculapio
899 1382 1030 1446 barbam
1058 1403 1192 1470 auream
1277 1397 1278 1458 ξ

181 1488 205 1528 15
219 1469 304 1533 demi
325 1469 433 1551 iussit,
462 1466 553 1550 quod¹
572 1467 755 1531 adfirmaret
776 1487 843 1531 non
866 1467 1047 1531 conuenire
1063 1471 1193 1550 patrem
1277 1471 1278 1480 ³

219 1554 403 1638 Apollinem
417 1552 594 1632 imberbem,
610 1552 716 1635 ipsum
733 1550 901 1616 barbatum
917 1552 1068 1635 conspici.
1105 1552 1194 1618 idem

218 1661 345 1704 mensas
361 1641 529 1724 argenteas
545 1639 640 1719 atque
659 1656 770 1700 aureas
787 1657 803 1700 e
821 1637 906 1701 fanis
929 1637 1068 1715 sustulit,
1091 1639 1194 1720 quod·
1273 1677 1278 1702 -,

219 1745 280 1808 que
308 1725 344 1788 in
371 1723 421 1786 his
448 1742 536 1786 more
559 1720 711 1785 Graeciae
740 1721 895 1805 scriptum
928 1725 998 1787 erat
1029 1721 1193 1788 bonorum
1277 1759 1278 1780 ,

220 1810 351 1872 deorum
374 1827 427 1869 eas
450 1826 535 1887 esse,
559 1805 606 1868 uti
628 1826 661 1870 se
684 1805 828 1870 bonitate
852 1827 959 1871 eorum
980 1799 1207 1890 praedicauit'

181 1892 304 1957 aoidem
327 1890 487 1954 Victorias
510 1911 622 1954 aureas
651 1893 684 1954 et
711 1894 839 1974 pateras
865 1895 898 1956 et
925 1911 1074 1975 coronas,
1109 1915 1194 1978 quao
1277 1931 1278 1954 r

221 1976 463 2040 simulacrorum
478 1974 634 2058 porrectis
656 1975 804 2039 manibus
825 1976 1074 2053 sustinebantur,
1097 1976 1194 2042 tolle-
1277 1985 1278 2014 ³

219 2062 277 2127 bat
298 2063 331 2124 et
346 2080 399 2123 eas
414 2080 448 2124 se
470 2059 624 2143 accipere,
646 2081 713 2125 non
731 2059 857 2124 auferre
873 2060 1010 2146 dicebat,
1032 2082 1194 2146 perquam
1277 2055 1278 2078 ¹

220 2145 355 2210 stultum
370 2165 439 2208 esse
455 2145 719 2228 argumentando,
743 2166 761 2208 a
776 2145 891 2229 quibus
910 2145 996 2211 bona
1009 2168 1193 2230 precamur,

221 2230 262 2295 ab
283 2229 334 2293 bis
356 2229 594 2314 porrigentibus
616 2229 702 2294 nolle
727 2251 860 2294 sumere.
891 2231 957 2314 qui,
979 2232 1110 2298 tametsi
1138 2232 1193 2296 de·
1277 2239 1278 2266 l

182 2330 207 2373 ss
221 2315 289 2379 bita
304 2313 462 2398 supplicia
477 2315 544 2380 iton
561 2315 709 2398 exsoluit,
733 2314 884 2379 dedecore
905 2318 1016 2381 tamen
1037 2317 1085 2381 fili
1106 2337 1192 2381 mor·
1277 2377 1278 2380 ,

219 2404 295 2465 tuus
307 2420 427 2482 poenas
438 2399 602 2483 pependit,
618 2420 698 2483 quas
709 2399 803 2464 uiuus
813 2399 983 2485 effugerat:
1000 2400 1089 2466 lento
1102 2401 1193 2466 enim
1277 2403 1278 2450 l

220 2484 322 2571 gradu
338 2483 380 2547 ad
394 2484 571 2548 uindictam
587 2486 637 2548 sui
649 2483 760 2549 diuina
770 2485 915 2569 procedit
929 2486 978 2550 ira
990 2485 1192 2552 tarditatem·
1277 2489 1278 2566 ,

221 2579 282 2654 que
305 2568 454 2653 supplicii
476 2570 639 2654 grauitate
660 2572 784 2653 pensat.

290 2710 301 2758 1
323 2703 488 2772 Quanquam
506 2703 534 2757 A
550 2704 560 2772 ss
577 2710 593 2758 3
611 2703 746 2758 dionisius
763 2703 801 2757 A¹
814 2704 824 2772 ΙΙ
837 2709 854 2756 4
867 2719 1100 2774 recognoscemus
1118 2706 1191 2761 coni.

219 2773 320 2837 Halm,
343 2771 570 2841 recognoscimus
593 2771 647 2825 LA
659 2772 698 2840 118
716 2771 759 2824 dis
778 2771 813 2838 L,
840 2771 893 2826 diis
915 2779 938 2825 A
950 2773 1038 2828 Halm
1050 2776 1060 2842 ΙΙ
1074 2778 1106 2828 10
1124 2773 1191 2844 galo

220 2842 288 2896 LA¹
304 2842 384 2908 Nep,
405 2853 472 2908 gero
482 2839 531 2906 A²,
550 2839 628 2893 hiero
646 2853 741 2909 morpo
752 2841 779 2892 A
793 2855 807 2892 e
819 2839 888 2898 Par.
906 2845 932 2895 ct
949 2841 1013 2896 dett.
1031 2840 1090 2907 scre
1106 2856 1191 2907 cmm,
1277 2839 1278 2880 t

220 2915 250 2965 ct
262 2925 290 2968 u.
306 2909 363 2965 (lic.
382 2906 414 2962 dc
432 2907 505 2961 deor.
524 2912 582 2964 cut.
594 2907 704 2986 11134,
717 2908 777 3028 &lii
788 2913 818 2961 11
837 2908 932 2977 palleo
950 2909 985 2962 L¹
1000 2910 1010 2978 ΙΙ
1025 2915 1057 2963 12
1070 2924 1192 2978 grauem

220 2977 275 3031 LA
288 2979 299 3046 ΙΙ
315 2978 417 3045 hyeme
435 2975 475 3028 A²
491 2975 501 3042 l
520 2979 551 3028 14
569 2975 732 3042 eprdaunae
779 2975 818 3028 ¹A
833 2977 843 3044 ΙΙ
860 2976 1020 3045 aescolapio
1038 2976 1066 3029 L
1082 2977 1154 3032 Par.

222 3049 253 3097 1o
272 3043 447 3122 appollinem
464 3043 500 3106 A,
524 3041 630 3096 dolend.
648 3058 717 3099 eccs.
731 3043 888 3114 Eberhard,
905 3044 1001 3100 Herm.
1024 3043 1104 3098 VIII
1120 3047 1155 3098 93
1179 3102 1180 3114 ,
1277 3051 1278 3064 ¹

222 3117 254 3166 18
273 3111 409 3166 scnbtum
419 3111 456 3164 A¹
471 3111 481 3178 ss
495 3109 632 3164 bonarum
645 3109 725 3163 L¹A¹
740 3112 794 3179 l19
808 3127 855 3166 eas
869 3127 930 3167 esse
943 3112 1012 3179 LA,
1029 3128 1080 3170 orn.
1091 3112 1191 3182 Halm,

220 3195 291 3300 punc
313 3179 412 3246 aporia
435 3193 489 3233 ease
507 3177 666 3298 suspirate}
687 3193 773 3244 cram,
796 3179 870 3248 qaod
890 3196 941 3235 ccc
961 3181 1037 3260 Par..
1058 3195 1108 3234 ccc
1132 3180 1191 3238 θέο.
1273 3245 1278 3270 ¹,

220 3262 276 3366 rt·
293 3246 463 3390 truncatu
482 3244 732 3391 atauus
744 3247 1088 3385 antecurrit
1085 3251 1191 3386 euru
1277 3275 1278 3308 ³

220 3380 321 3450 pendit
337 3395 395 3445 cos,
414 3380 545 3449 rependit
562 3379 722 3450 ALHazm,
745 3386 775 3436 at
792 3399 819 3441 c.
838 3384 891 3449 16,
910 3387 929 3437 6
946 3388 972 3438 et
988 3388 1014 3446 7,
1032 3388 1066 3450 4,·
1088 3383 1191 3452 V3,2

220 3450 285 3516 firm
306 3447 352 3500 VI
366 3451 467 3511 1,5et
485 3452 509 3512 3,
527 3453 561 3513 9;
582 3447 749 3526 VLI2crct.
768 3455 888 3518 rrae,
907 3455 941 3514 6,·
963 3451 1045 3506 VIII
1058 3451 1190 3508 1dcrrm.

220 3519 255 3581 2;
276 3514 433 3580 V111115,
452 3518 469 3566 1
488 3517 867 3582 etc.tlt'11ra:*iurcs.A
