<?xml version="1.0" encoding="UTF-8"?>
<!DOCTYPE html PUBLIC "-//W3C//DTD XHTML 1.0 Transitional//EN"
    "http://www.w3.org/TR/xhtml1/DTD/xhtml1-transitional.dtd">
<html xmlns="http://www.w3.org/1999/xhtml" xml:lang="en" lang="en">
 <head>
  <title>
</title>
<meta http-equiv="Content-Type" content="text/html;charset=utf-8" />
  <meta name='ocr-system' content='tesseract 3.04.00' />
  <meta name='ocr-capabilities' content='ocr_page ocr_carea ocr_par ocr_line ocrx_word'/>
</head>
<body>
  <div class='ocr_page' id='page_1' title='image "./valeriimaximifa00nepogoog_0496.png"; bbox 0 0 2550 3958; ppageno 0'>
   <div class='ocr_carea' id='block_1_1' title="bbox 357 166 1056 235">
    <p class='ocr_par' dir='ltr' id='par_1_1' title="bbox 357 166 1056 235">
     <span class='ocr_line' id='line_1_1' title="bbox 357 166 1056 235; baseline 0.024 -17"><span class='ocrx_word' id='word_1_1' title='bbox 357 167 436 226; x_wconf 83' lang='lat' dir='ltr'>oAP.</span> <span class='ocrx_word' id='word_1_2' title='bbox 454 167 501 232; x_wconf 80' lang='lat' dir='ltr'>xl,</span> <span class='ocrx_word' id='word_1_3' title='bbox 520 166 536 227; x_wconf 67' lang='lat' dir='ltr'>s</span> <span class='ocrx_word' id='word_1_4' title='bbox 552 172 628 222; x_wconf 82' lang='lat' dir='ltr'>a-r.</span> <span class='ocrx_word' id='word_1_5' title='bbox 647 166 711 227; x_wconf 74' lang='lat' dir='ltr'>Ext,</span> <span class='ocrx_word' id='word_1_6' title='bbox 729 174 781 235; x_wconf 81' lang='lat'>§1-</span> <span class='ocrx_word' id='word_1_7' title='bbox 992 169 1056 235; x_wconf 83' lang='grc'>455</span> 
     </span>
    </p>
   </div>
   <div class='ocr_carea' id='block_1_2' title="bbox 3 318 1093 2924">
    <p class='ocr_par' dir='ltr' id='par_1_2' title="bbox 6 318 1080 910">
     <span class='ocr_line' id='line_1_2' title="bbox 87 318 1056 406; baseline -0.002 -20"><span class='ocrx_word' id='word_1_8' title='bbox 87 323 158 387; x_wconf 90' lang='lat' dir='ltr'>uita</span> <span class='ocrx_word' id='word_1_9' title='bbox 173 325 205 386; x_wconf 90' lang='lat' dir='ltr'>et</span> <span class='ocrx_word' id='word_1_10' title='bbox 225 321 433 385; x_wconf 77' lang='lat' dir='ltr'>incrementis</span> <span class='ocrx_word' id='word_1_11' title='bbox 449 340 545 403; x_wconf 88' lang='lat' dir='ltr'>quam</span> <span class='ocrx_word' id='word_1_12' title='bbox 568 318 606 383; x_wconf 88' lang='lat' dir='ltr'>de</span> <span class='ocrx_word' id='word_1_13' title='bbox 621 319 746 405; x_wconf 90' lang='lat' dir='ltr'>reliquo</span> <span class='ocrx_word' id='word_1_14' title='bbox 762 321 878 406; x_wconf 86' lang='lat' dir='ltr'>spiritu</span> <span class='ocrx_word' id='word_1_15' title='bbox 894 342 951 388; x_wconf 87' lang='lat' dir='ltr'>suo</span> <span class='ocrx_word' id='word_1_16' title='bbox 968 319 1056 385; x_wconf 89' lang='lat' dir='ltr'>solli·</span> 
     </span>
     <span class='ocr_line' id='line_1_3' title="bbox 89 403 1056 489; baseline -0.001 -18"><span class='ocrx_word' id='word_1_17' title='bbox 89 408 172 472; x_wconf 88' lang='lat' dir='ltr'>citus</span> <span class='ocrx_word' id='word_1_18' title='bbox 188 428 231 470; x_wconf 89' lang='lat' dir='ltr'>an</span> <span class='ocrx_word' id='word_1_19' title='bbox 246 403 414 469; x_wconf 88' lang='lat' dir='ltr'>incolumis</span> <span class='ocrx_word' id='word_1_20' title='bbox 436 408 519 468; x_wconf 89' lang='lat' dir='ltr'>esset</span> <span class='ocrx_word' id='word_1_21' title='bbox 539 407 572 468; x_wconf 89' lang='lat' dir='ltr'>et</span> <span class='ocrx_word' id='word_1_22' title='bbox 587 425 629 468; x_wconf 90' lang='lat' dir='ltr'>an</span> <span class='ocrx_word' id='word_1_23' title='bbox 650 405 895 489; x_wconf 81' lang='lat' dir='ltr'><strong>imperatoribus</strong></span> <span class='ocrx_word' id='word_1_24' title='bbox 915 405 993 470; x_wconf 87' lang='lat' dir='ltr'>satis</span> <span class='ocrx_word' id='word_1_25' title='bbox 1008 405 1056 470; x_wconf 86' lang='lat' dir='ltr'>fa·</span> 
     </span>
     <span class='ocr_line' id='line_1_4' title="bbox 91 490 1054 575; baseline -0.001 -19"><span class='ocrx_word' id='word_1_26' title='bbox 91 494 177 556; x_wconf 85' lang='lat' dir='ltr'>caret</span> <span class='ocrx_word' id='word_1_27' title='bbox 197 491 396 572; x_wconf 88' lang='lat' dir='ltr'>interrogare</span> <span class='ocrx_word' id='word_1_28' title='bbox 411 510 465 553; x_wconf 90' lang='lat' dir='ltr'>eos</span> <span class='ocrx_word' id='word_1_29' title='bbox 486 490 598 572; x_wconf 88' lang='lat' dir='ltr'>coepit</span> <span class='ocrx_word' id='word_1_30' title='bbox 634 511 651 554; x_wconf 90' lang='lat' dir='ltr'>e</span> <span class='ocrx_word' id='word_1_31' title='bbox 674 491 790 575; x_wconf 89' lang='lat' dir='ltr'>quibus</span> <span class='ocrx_word' id='word_1_32' title='bbox 811 513 893 555; x_wconf 90' lang='lat' dir='ltr'>nnus</span> <span class='ocrx_word' id='word_1_33' title='bbox 916 490 968 554; x_wconf 72' lang='lat' dir='ltr'>‘ab</span> <span class='ocrx_word' id='word_1_34' title='bbox 986 490 1054 555; x_wconf 92' lang='lat' dir='ltr'>illo&#39;</span> 
     </span>
     <span class='ocr_line' id='line_1_5' title="bbox 88 573 1055 660; baseline 0.001 -21"><span class='ocrx_word' id='word_1_35' title='bbox 88 576 203 660; x_wconf 90' lang='lat' dir='ltr'>inquit,</span> <span class='ocrx_word' id='word_1_36' title='bbox 227 581 333 658; x_wconf 82' lang='lat' dir='ltr'>‘quem</span> <span class='ocrx_word' id='word_1_37' title='bbox 354 577 524 657; x_wconf 87' lang='lat' dir='ltr'>tantopere</span> <span class='ocrx_word' id='word_1_38' title='bbox 546 573 663 658; x_wconf 82' lang='lat' dir='ltr'>diligis,</span> <span class='ocrx_word' id='word_1_39' title='bbox 686 575 923 641; x_wconf 86' lang='lat' dir='ltr'>demonstratus</span> <span class='ocrx_word' id='word_1_40' title='bbox 945 577 1055 640; x_wconf 86' lang='lat' dir='ltr'>nostro</span> 
     </span>
     <span class='ocr_line' id='line_1_6' title="bbox 7 658 1080 758; baseline -0.004 -33"><span class='ocrx_word' id='word_1_41' title='bbox 7 709 8 716; x_wconf 35' lang='lat'>1</span> <span class='ocrx_word' id='word_1_42' title='bbox 89 661 268 725; x_wconf 90' lang='lat' dir='ltr'>ministerio</span> <span class='ocrx_word' id='word_1_43' title='bbox 290 658 350 722; x_wconf 90' lang='lat' dir='ltr'>filii</span> <span class='ocrx_word' id='word_1_44' title='bbox 369 658 488 723; x_wconf 89' lang='lat' dir='ltr'>indicio</span> <span class='ocrx_word' id='word_1_45' title='bbox 511 659 679 742; x_wconf 87' lang='lat' dir='ltr'>occideris,</span> <span class='ocrx_word' id='word_1_46' title='bbox 709 661 920 758; x_wconf 77' lang='lat' dir='ltr'>protinusque</span> <span class='ocrx_word' id='word_1_47' title='bbox 943 663 1080 743; x_wconf 77' lang='lat' dir='ltr'>peetusu</span> 
     </span>
     <span class='ocr_line' id='line_1_7' title="bbox 88 743 1052 829; baseline -0.002 -19"><span class='ocrx_word' id='word_1_48' title='bbox 88 746 156 810; x_wconf 90' lang='lat' dir='ltr'>eius</span> <span class='ocrx_word' id='word_1_49' title='bbox 184 744 293 828; x_wconf 91' lang='lat' dir='ltr'>gladio</span> <span class='ocrx_word' id='word_1_50' title='bbox 320 743 455 810; x_wconf 89' lang='lat' dir='ltr'>traiecit.</span> <span class='ocrx_word' id='word_1_51' title='bbox 508 743 679 828; x_wconf 89' lang='lat' dir='ltr'>conlapsus</span> <span class='ocrx_word' id='word_1_52' title='bbox 713 747 822 829; x_wconf 85' lang='lat' dir='ltr'>rtaque</span> <span class='ocrx_word' id='word_1_53' title='bbox 851 750 901 810; x_wconf 87' lang='lat' dir='ltr'>est</span> <span class='ocrx_word' id='word_1_54' title='bbox 927 744 1052 827; x_wconf 84' lang='lat' dir='ltr'>infelix,</span> 
     </span>
     <span class='ocr_line' id='line_1_8' title="bbox 6 827 848 910; baseline -0.002 -14"><span class='ocrx_word' id='word_1_55' title='bbox 6 893 7 896; x_wconf 74' lang='grc'>,</span> <span class='ocrx_word' id='word_1_56' title='bbox 88 832 218 894; x_wconf 81' lang='lat' dir='ltr'>auctore</span> <span class='ocrx_word' id='word_1_57' title='bbox 241 827 346 893; x_wconf 86' lang='lat' dir='ltr'>caedis</span> <span class='ocrx_word' id='word_1_58' title='bbox 368 849 463 910; x_wconf 89' lang='lat' dir='ltr'>quam</span> <span class='ocrx_word' id='word_1_59' title='bbox 485 827 555 910; x_wconf 86' lang='lat' dir='ltr'>ipsa</span> <span class='ocrx_word' id='word_1_60' title='bbox 577 828 672 894; x_wconf 86' lang='lat' dir='ltr'>caede</span> <span class='ocrx_word' id='word_1_61' title='bbox 695 829 848 894; x_wconf 87' lang='lat' dir='ltr'>miserior.</span> 
     </span>
    </p>

    <p class='ocr_par' dir='ltr' id='par_1_3' title="bbox 3 912 1093 1927">
     <span class='ocr_line' id='line_1_9' title="bbox 151 912 1054 979; baseline -0.002 0"><span class='ocrx_word' id='word_1_62' title='bbox 151 914 183 978; x_wconf 89' lang='grc'>6.</span> <span class='ocrx_word' id='word_1_63' title='bbox 207 912 305 979; x_wconf 80' lang='lat' dir='ltr'>Cuius</span> <span class='ocrx_word' id='word_1_64' title='bbox 328 912 389 976; x_wconf 86' lang='lat' dir='ltr'>fati</span> <span class='ocrx_word' id='word_1_65' title='bbox 405 912 612 978; x_wconf 72' lang='lat' dir='ltr'>acerbitatem</span> <span class='ocrx_word' id='word_1_66' title='bbox 635 913 671 977; x_wconf 83' lang='lat' dir='ltr'>L.</span> <span class='ocrx_word' id='word_1_67' title='bbox 688 913 806 979; x_wconf 84' lang='lat' dir='ltr'>Villius</span> <span class='ocrx_word' id='word_1_68' title='bbox 829 913 967 978; x_wconf 80' lang='lat' dir='ltr'>Annalis</span> <span class='ocrx_word' id='word_1_69' title='bbox 990 933 1054 977; x_wconf 88' lang='lat' dir='ltr'>sor·</span> 
     </span>
     <span class='ocr_line' id='line_1_10' title="bbox 86 996 1054 1081; baseline -0.001 -19"><span class='ocrx_word' id='word_1_70' title='bbox 86 1000 178 1080; x_wconf 86' lang='lat' dir='ltr'>titus,</span> <span class='ocrx_word' id='word_1_71' title='bbox 202 1018 272 1062; x_wconf 88' lang='lat' dir='ltr'>oum</span> <span class='ocrx_word' id='word_1_72' title='bbox 296 997 331 1062; x_wconf 90' lang='lat' dir='ltr'>in</span> <span class='ocrx_word' id='word_1_73' title='bbox 353 1017 502 1080; x_wconf 89' lang='lat' dir='ltr'>campum</span> <span class='ocrx_word' id='word_1_74' title='bbox 525 996 565 1060; x_wconf 90' lang='lat' dir='ltr'>ad</span> <span class='ocrx_word' id='word_1_75' title='bbox 581 999 762 1081; x_wconf 87' lang='lat' dir='ltr'>quaestoria</span> <span class='ocrx_word' id='word_1_76' title='bbox 777 999 906 1064; x_wconf 89' lang='lat' dir='ltr'>comitia</span> <span class='ocrx_word' id='word_1_77' title='bbox 928 997 987 1062; x_wconf 93' lang='lat' dir='ltr'>filii</span> <span class='ocrx_word' id='word_1_78' title='bbox 1002 997 1054 1062; x_wconf 89' lang='lat' dir='ltr'>de-</span> 
     </span>
     <span class='ocr_line' id='line_1_11' title="bbox 6 1082 1093 1165; baseline -0.002 -17"><span class='ocrx_word' id='word_1_79' title='bbox 6 1083 7 1092; x_wconf 74' lang='grc'>’</span> <span class='ocrx_word' id='word_1_80' title='bbox 89 1083 245 1148; x_wconf 84' lang='lat' dir='ltr'>scandens</span> <span class='ocrx_word' id='word_1_81' title='bbox 260 1082 475 1165; x_wconf 79' lang='lat' dir='ltr'>proscriptum</span> <span class='ocrx_word' id='word_1_82' title='bbox 491 1103 525 1145; x_wconf 90' lang='lat' dir='ltr'>se</span> <span class='ocrx_word' id='word_1_83' title='bbox 541 1085 720 1165; x_wconf 82' lang='lat' dir='ltr'>cognosset,</span> <span class='ocrx_word' id='word_1_84' title='bbox 737 1083 777 1148; x_wconf 90' lang='lat' dir='ltr'>ad</span> <span class='ocrx_word' id='word_1_85' title='bbox 793 1084 944 1149; x_wconf 90' lang='lat' dir='ltr'>clientem</span> <span class='ocrx_word' id='word_1_86' title='bbox 960 1104 1054 1147; x_wconf 91' lang='lat' dir='ltr'>suum</span> <span class='ocrx_word' id='word_1_87' title='bbox 1068 1101 1093 1140; x_wconf 81' lang='grc' dir='ltr'>ιο</span> 
     </span>
     <span class='ocr_line' id='line_1_12' title="bbox 5 1166 1054 1253; baseline -0.001 -20"><span class='ocrx_word' id='word_1_88' title='bbox 5 1241 7 1250; x_wconf 72' lang='lat'>‚</span> <span class='ocrx_word' id='word_1_89' title='bbox 86 1167 243 1252; x_wconf 84' lang='lat' dir='ltr'>confugit.</span> <span class='ocrx_word' id='word_1_90' title='bbox 288 1167 343 1230; x_wconf 89' lang='lat' dir='ltr'>sed</span> <span class='ocrx_word' id='word_1_91' title='bbox 365 1188 406 1230; x_wconf 89' lang='lat' dir='ltr'>ne</span> <span class='ocrx_word' id='word_1_92' title='bbox 428 1166 490 1230; x_wconf 88' lang='lat' dir='ltr'>fids</span> <span class='ocrx_word' id='word_1_93' title='bbox 506 1167 573 1230; x_wconf 90' lang='lat' dir='ltr'>eius</span> <span class='ocrx_word' id='word_1_94' title='bbox 595 1169 684 1232; x_wconf 87' lang='lat' dir='ltr'>tutus</span> <span class='ocrx_word' id='word_1_95' title='bbox 700 1189 769 1232; x_wconf 85' lang='lat' dir='ltr'>esse</span> <span class='ocrx_word' id='word_1_96' title='bbox 791 1171 910 1253; x_wconf 88' lang='lat' dir='ltr'>posset,</span> <span class='ocrx_word' id='word_1_97' title='bbox 935 1167 1054 1232; x_wconf 88' lang='lat' dir='ltr'>scelere</span> 
     </span>
     <span class='ocr_line' id='line_1_13' title="bbox 5 1250 1054 1337; baseline -0.002 -20"><span class='ocrx_word' id='word_1_98' title='bbox 5 1257 6 1262; x_wconf 74' lang='grc'>’</span> <span class='ocrx_word' id='word_1_99' title='bbox 86 1252 204 1318; x_wconf 91' lang='lat' dir='ltr'>nefarii</span> <span class='ocrx_word' id='word_1_100' title='bbox 218 1251 344 1315; x_wconf 88' lang='lat' dir='ltr'>iuuenis</span> <span class='ocrx_word' id='word_1_101' title='bbox 361 1250 508 1314; x_wconf 85' lang='lat' dir='ltr'>effectum</span> <span class='ocrx_word' id='word_1_102' title='bbox 525 1254 581 1329; x_wconf 88' lang='lat' dir='ltr'>est,</span> <span class='ocrx_word' id='word_1_103' title='bbox 601 1251 629 1315; x_wconf 93' lang='lat' dir='ltr'>si</span> <span class='ocrx_word' id='word_1_104' title='bbox 646 1252 773 1336; x_wconf 89' lang='lat' dir='ltr'>quidem</span> <span class='ocrx_word' id='word_1_105' title='bbox 788 1275 845 1337; x_wconf 92' lang='lat' dir='ltr'>per</span> <span class='ocrx_word' id='word_1_106' title='bbox 867 1254 936 1337; x_wconf 87' lang='lat' dir='ltr'>ipsa</span> <span class='ocrx_word' id='word_1_107' title='bbox 957 1251 1054 1317; x_wconf 90' lang='lat' dir='ltr'>uesti-</span> 
     </span>
     <span class='ocr_line' id='line_1_14' title="bbox 85 1333 1053 1421; baseline 0 -21"><span class='ocrx_word' id='word_1_108' title='bbox 85 1338 141 1421; x_wconf 83' lang='lat' dir='ltr'>gia</span> <span class='ocrx_word' id='word_1_109' title='bbox 163 1335 263 1419; x_wconf 87' lang='lat' dir='ltr'>patris</span> <span class='ocrx_word' id='word_1_110' title='bbox 285 1333 441 1398; x_wconf 88' lang='lat' dir='ltr'>militibus</span> <span class='ocrx_word' id='word_1_111' title='bbox 469 1334 572 1399; x_wconf 90' lang='lat' dir='ltr'>ductis</span> <span class='ocrx_word' id='word_1_112' title='bbox 595 1336 804 1401; x_wconf 85' lang='lat' dir='ltr'>occidendum</span> <span class='ocrx_word' id='word_1_113' title='bbox 828 1359 900 1401; x_wconf 91' lang='lat' dir='ltr'>enm</span> <span class='ocrx_word' id='word_1_114' title='bbox 922 1337 957 1400; x_wconf 92' lang='lat' dir='ltr'>in</span> <span class='ocrx_word' id='word_1_115' title='bbox 979 1357 1053 1401; x_wconf 93' lang='lat' dir='ltr'>con·</span> 
     </span>
     <span class='ocr_line' id='line_1_15' title="bbox 86 1419 1053 1505; baseline -0.002 -19"><span class='ocrx_word' id='word_1_116' title='bbox 86 1426 198 1505; x_wconf 90' lang='lat' dir='ltr'>speetu</span> <span class='ocrx_word' id='word_1_117' title='bbox 221 1440 278 1484; x_wconf 87' lang='lat' dir='ltr'>suo</span> <span class='ocrx_word' id='word_1_118' title='bbox 302 1419 430 1502; x_wconf 89' lang='lat' dir='ltr'>obiecit,</span> <span class='ocrx_word' id='word_1_119' title='bbox 455 1419 503 1483; x_wconf 89' lang='lat' dir='ltr'>bis</span> <span class='ocrx_word' id='word_1_120' title='bbox 524 1421 691 1502; x_wconf 89' lang='lat' dir='ltr'>parricida,</span> <span class='ocrx_word' id='word_1_121' title='bbox 715 1422 850 1486; x_wconf 89' lang='lat' dir='ltr'>consilio</span> <span class='ocrx_word' id='word_1_122' title='bbox 872 1422 971 1503; x_wconf 92' lang='lat' dir='ltr'>prius,</span> <span class='ocrx_word' id='word_1_123' title='bbox 995 1421 1053 1484; x_wconf 87' lang='lat' dir='ltr'>ite·</span> 
     </span>
     <span class='ocr_line' id='line_1_16' title="bbox 84 1502 1091 1672; baseline 0 -19"><span class='ocrx_word' id='word_1_124' title='bbox 84 1502 395 1654; x_wconf 38' lang='lat' dir='ltr'>romzsqqqtqcptltqfis</span> <span class='ocrx_word' id='word_1_125' title='bbox 411 1587 539 1672; x_wconf 91' lang='lat' dir='ltr'>quidem</span> <span class='ocrx_word' id='word_1_126' title='bbox 559 1587 705 1653; x_wconf 81' lang='lat' dir='ltr'>Salassus</span> <span class='ocrx_word' id='word_1_127' title='bbox 726 1590 924 1672; x_wconf 86' lang='lat' dir='ltr'>proscriptus</span> <span class='ocrx_word' id='word_1_128' title='bbox 939 1609 1052 1672; x_wconf 87' lang='lat' dir='ltr'>parurn</span> <span class='ocrx_word' id='word_1_129' title='bbox 1066 1522 1091 1564; x_wconf 55' lang='lat' dir='ltr'><em>w</em></span> 
     </span>
     <span class='ocr_line' id='line_1_17' title="bbox 3 1673 1052 1754; baseline -0.002 -16"><span class='ocrx_word' id='word_1_130' title='bbox 3 1685 4 1690; x_wconf 77' lang='grc'>’</span> <span class='ocrx_word' id='word_1_131' title='bbox 85 1675 185 1738; x_wconf 91' lang='lat' dir='ltr'>amari</span> <span class='ocrx_word' id='word_1_132' title='bbox 214 1673 326 1738; x_wconf 86' lang='lat' dir='ltr'>exitus.</span> <span class='ocrx_word' id='word_1_133' title='bbox 370 1694 465 1754; x_wconf 92' lang='lat' dir='ltr'>quem</span> <span class='ocrx_word' id='word_1_134' title='bbox 493 1673 649 1738; x_wconf 85' lang='lat' dir='ltr'>latentem</span> <span class='ocrx_word' id='word_1_135' title='bbox 676 1694 757 1737; x_wconf 89' lang='lat' dir='ltr'>uxor</span> <span class='ocrx_word' id='word_1_136' title='bbox 784 1673 1052 1752; x_wconf 87' lang='lat' dir='ltr'>interficiendum,</span> 
     </span>
     <span class='ocr_line' id='line_1_18' title="bbox 85 1757 1052 1842; baseline -0.002 -20"><span class='ocrx_word' id='word_1_137' title='bbox 85 1758 161 1841; x_wconf 91' lang='lat' dir='ltr'>quid</span> <span class='ocrx_word' id='word_1_138' title='bbox 183 1757 297 1841; x_wconf 88' lang='lat' dir='ltr'>dicam,</span> <span class='ocrx_word' id='word_1_139' title='bbox 320 1757 454 1821; x_wconf 85' lang='lat' dir='ltr'>tradidit</span> <span class='ocrx_word' id='word_1_140' title='bbox 469 1777 510 1820; x_wconf 89' lang='lat' dir='ltr'>an</span> <span class='ocrx_word' id='word_1_141' title='bbox 531 1758 603 1840; x_wconf 88' lang='lat' dir='ltr'>ipsa</span> <span class='ocrx_word' id='word_1_142' title='bbox 622 1758 804 1842; x_wconf 78' lang='lat' dir='ltr'>iugulauit?</span> <span class='ocrx_word' id='word_1_143' title='bbox 828 1761 949 1841; x_wconf 90' lang='lat' dir='ltr'>quanto</span> <span class='ocrx_word' id='word_1_144' title='bbox 966 1757 1052 1821; x_wconf 91' lang='lat' dir='ltr'>enim</span> 
     </span>
     <span class='ocr_line' id='line_1_19' title="bbox 83 1840 1018 1927; baseline -0.001 -21"><span class='ocrx_word' id='word_1_145' title='bbox 83 1843 187 1908; x_wconf 89' lang='lat' dir='ltr'>lenius</span> <span class='ocrx_word' id='word_1_146' title='bbox 210 1846 260 1907; x_wconf 89' lang='lat' dir='ltr'>est</span> <span class='ocrx_word' id='word_1_147' title='bbox 281 1841 400 1927; x_wconf 89' lang='lat' dir='ltr'>scelus,</span> <span class='ocrx_word' id='word_1_148' title='bbox 423 1841 473 1906; x_wconf 89' lang='lat' dir='ltr'>eui</span> <span class='ocrx_word' id='word_1_149' title='bbox 496 1845 624 1906; x_wconf 90' lang='lat' dir='ltr'>tantum</span> <span class='ocrx_word' id='word_1_150' title='bbox 647 1843 742 1907; x_wconf 90' lang='lat' dir='ltr'>modo</span> <span class='ocrx_word' id='word_1_151' title='bbox 765 1863 881 1906; x_wconf 90' lang='lat' dir='ltr'>manns</span> <span class='ocrx_word' id='word_1_152' title='bbox 904 1840 1018 1906; x_wconf 82' lang='lat' dir='ltr'>abest?</span> 
     </span>
    </p>

    <p class='ocr_par' dir='ltr' id='par_1_4' title="bbox 81 1926 1091 2924">
     <span class='ocr_line' id='line_1_20' title="bbox 147 1926 1091 2010; baseline -0.003 -17"><span class='ocrx_word' id='word_1_153' title='bbox 147 1927 223 1993; x_wconf 77' lang='lat' dir='ltr'>Eat.</span> <span class='ocrx_word' id='word_1_154' title='bbox 242 1930 270 1991; x_wconf 92' lang='lat'>1.</span> <span class='ocrx_word' id='word_1_155' title='bbox 304 1926 388 1991; x_wconf 92' lang='lat' dir='ltr'>Illud</span> <span class='ocrx_word' id='word_1_156' title='bbox 410 1929 517 1991; x_wconf 85' lang='lat' dir='ltr'>autem</span> <span class='ocrx_word' id='word_1_157' title='bbox 539 1926 677 2009; x_wconf 78' lang='lat' dir='ltr'>facinus,</span> <span class='ocrx_word' id='word_1_158' title='bbox 701 1927 775 2010; x_wconf 91' lang='lat' dir='ltr'>quia</span> <span class='ocrx_word' id='word_1_159' title='bbox 797 1930 965 1991; x_wconf 88' lang='lat' dir='ltr'>externum</span> <span class='ocrx_word' id='word_1_160' title='bbox 989 1929 1048 2008; x_wconf 88' lang='lat' dir='ltr'>est,</span> <span class='ocrx_word' id='word_1_161' title='bbox 1064 1945 1091 1985; x_wconf 80' lang='lat'>20</span> 
     </span>
     <span class='ocr_line' id='line_1_21' title="bbox 83 2011 1051 2097; baseline -0.002 -20"><span class='ocrx_word' id='word_1_162' title='bbox 83 2012 306 2097; x_wconf 85' lang='lat' dir='ltr'>tranquilliore</span> <span class='ocrx_word' id='word_1_163' title='bbox 327 2012 456 2076; x_wconf 90' lang='lat' dir='ltr'>adfectu</span> <span class='ocrx_word' id='word_1_164' title='bbox 478 2011 671 2076; x_wconf 84' lang='lat' dir='ltr'>narrabitur.</span> <span class='ocrx_word' id='word_1_165' title='bbox 715 2011 866 2095; x_wconf 85' lang='lat' dir='ltr'>Scipione</span> <span class='ocrx_word' id='word_1_166' title='bbox 894 2011 1051 2075; x_wconf 86' lang='lat' dir='ltr'>Africano</span> 
     </span>
     <span class='ocr_line' id='line_1_22' title="bbox 85 2095 1053 2182; baseline -0.003 -21"><span class='ocrx_word' id='word_1_167' title='bbox 85 2098 187 2180; x_wconf 90' lang='lat' dir='ltr'>patris</span> <span class='ocrx_word' id='word_1_168' title='bbox 210 2100 243 2161; x_wconf 88' lang='lat' dir='ltr'>et</span> <span class='ocrx_word' id='word_1_169' title='bbox 287 2099 371 2161; x_wconf 81' lang='lat' dir='ltr'>strui</span> <span class='ocrx_word' id='word_1_170' title='bbox 395 2098 584 2160; x_wconf 90' lang='lat' dir='ltr'>memoriam</span> <span class='ocrx_word' id='word_1_171' title='bbox 606 2096 801 2182; x_wconf 88' lang='lat' dir='ltr'>gladiatorio</span> <span class='ocrx_word' id='word_1_172' title='bbox 823 2117 956 2160; x_wconf 90' lang='lat' dir='ltr'>munere</span> <span class='ocrx_word' id='word_1_173' title='bbox 972 2095 1053 2160; x_wconf 91' lang='lat' dir='ltr'>Kar·</span> 
     </span>
     <span class='ocr_line' id='line_1_23' title="bbox 83 2181 1052 2267; baseline 0.001 -23"><span class='ocrx_word' id='word_1_174' title='bbox 83 2181 219 2265; x_wconf 90' lang='lat' dir='ltr'>thagine</span> <span class='ocrx_word' id='word_1_175' title='bbox 274 2202 336 2245; x_wconf 90' lang='lat' dir='ltr'>oua</span> <span class='ocrx_word' id='word_1_176' title='bbox 358 2181 540 2245; x_wconf 89' lang='lat' dir='ltr'>celebrante</span> <span class='ocrx_word' id='word_1_177' title='bbox 563 2182 624 2245; x_wconf 92' lang='lat' dir='ltr'>duo</span> <span class='ocrx_word' id='word_1_178' title='bbox 647 2182 732 2267; x_wconf 87' lang='lat' dir='ltr'>regis</span> <span class='ocrx_word' id='word_1_179' title='bbox 754 2181 813 2245; x_wconf 86' lang='lat' dir='ltr'>filii</span> <span class='ocrx_word' id='word_1_180' title='bbox 835 2201 938 2265; x_wconf 89' lang='lat' dir='ltr'>nuper</span> <span class='ocrx_word' id='word_1_181' title='bbox 959 2184 1052 2265; x_wconf 88' lang='lat' dir='ltr'>patre</span> 
     </span>
     <span class='ocr_line' id='line_1_24' title="bbox 84 2265 1053 2363; baseline 0.001 -35"><span class='ocrx_word' id='word_1_182' title='bbox 84 2269 210 2330; x_wconf 86' lang='lat' dir='ltr'>mortuo</span> <span class='ocrx_word' id='word_1_183' title='bbox 238 2265 273 2328; x_wconf 89' lang='lat' dir='ltr'>in</span> <span class='ocrx_word' id='word_1_184' title='bbox 301 2265 457 2329; x_wconf 88' lang='lat' dir='ltr'>harenam</span> <span class='ocrx_word' id='word_1_185' title='bbox 485 2270 711 2363; x_wconf 87' lang='lat' dir='ltr'>processerunt</span> <span class='ocrx_word' id='word_1_186' title='bbox 742 2265 943 2349; x_wconf 86' lang='lat' dir='ltr'>pollicitique</span> <span class='ocrx_word' id='word_1_187' title='bbox 977 2275 1053 2330; x_wconf 89' lang='lat' dir='ltr'>sunt</span> 
     </span>
     <span class='ocr_line' id='line_1_25' title="bbox 82 2348 1090 2434; baseline -0.001 -21"><span class='ocrx_word' id='word_1_188' title='bbox 82 2349 129 2413; x_wconf 94' lang='lat' dir='ltr'>ibi</span> <span class='ocrx_word' id='word_1_189' title='bbox 152 2370 185 2413; x_wconf 89' lang='lat' dir='ltr'>se</span> <span class='ocrx_word' id='word_1_190' title='bbox 208 2349 246 2412; x_wconf 92' lang='lat' dir='ltr'>de</span> <span class='ocrx_word' id='word_1_191' title='bbox 268 2370 369 2434; x_wconf 88' lang='lat' dir='ltr'>regno</span> <span class='ocrx_word' id='word_1_192' title='bbox 392 2348 619 2433; x_wconf 87' lang='lat' dir='ltr'>proelraturos,</span> <span class='ocrx_word' id='word_1_193' title='bbox 643 2357 707 2434; x_wconf 89' lang='lat' dir='ltr'>quo</span> <span class='ocrx_word' id='word_1_194' title='bbox 730 2351 947 2434; x_wconf 89' lang='lat' dir='ltr'>spectaculum</span> <span class='ocrx_word' id='word_1_195' title='bbox 969 2349 1050 2414; x_wconf 93' lang='lat' dir='ltr'>illud</span> <span class='ocrx_word' id='word_1_196' title='bbox 1065 2369 1090 2411; x_wconf 81' lang='lat' dir='ltr'>a</span> 
     </span>
     <span class='ocr_line' id='line_1_26' title="bbox 84 2433 1051 2518; baseline 0 -20"><span class='ocrx_word' id='word_1_197' title='bbox 84 2434 253 2517; x_wconf 86' lang='lat' dir='ltr'>inlustrius</span> <span class='ocrx_word' id='word_1_198' title='bbox 275 2454 387 2518; x_wconf 87' lang='lat' dir='ltr'>pugna</span> <span class='ocrx_word' id='word_1_199' title='bbox 409 2455 468 2498; x_wconf 90' lang='lat' dir='ltr'>sua</span> <span class='ocrx_word' id='word_1_200' title='bbox 490 2434 644 2500; x_wconf 80' lang='lat' dir='ltr'>lacerent.</span> <span class='ocrx_word' id='word_1_201' title='bbox 690 2456 743 2498; x_wconf 90' lang='lat' dir='ltr'>eos</span> <span class='ocrx_word' id='word_1_202' title='bbox 767 2456 839 2500; x_wconf 92' lang='lat' dir='ltr'>curn</span> <span class='ocrx_word' id='word_1_203' title='bbox 856 2433 962 2516; x_wconf 87' lang='lat' dir='ltr'>Scipio</span> <span class='ocrx_word' id='word_1_204' title='bbox 984 2456 1051 2498; x_wconf 93' lang='lat' dir='ltr'>mo·</span> 
     </span>
     <span class='ocr_line' id='line_1_27' title="bbox 82 2517 1053 2602; baseline -0.001 -19"><span class='ocrx_word' id='word_1_205' title='bbox 82 2520 207 2583; x_wconf 85' lang='lat' dir='ltr'>ruisset</span> <span class='ocrx_word' id='word_1_206' title='bbox 228 2521 265 2584; x_wconf 91' lang='lat' dir='ltr'>nt</span> <span class='ocrx_word' id='word_1_207' title='bbox 287 2519 393 2582; x_wconf 90' lang='lat' dir='ltr'>uerbis</span> <span class='ocrx_word' id='word_1_208' title='bbox 409 2539 504 2602; x_wconf 91' lang='lat' dir='ltr'>quam</span> <span class='ocrx_word' id='word_1_209' title='bbox 526 2519 611 2583; x_wconf 89' lang='lat' dir='ltr'>ferro</span> <span class='ocrx_word' id='word_1_210' title='bbox 627 2517 802 2583; x_wconf 86' lang='lat' dir='ltr'>diiudicare</span> <span class='ocrx_word' id='word_1_211' title='bbox 825 2518 960 2582; x_wconf 87' lang='lat' dir='ltr'>mallent</span> <span class='ocrx_word' id='word_1_212' title='bbox 981 2521 1053 2582; x_wconf 93' lang='lat' dir='ltr'>uter</span> 
     </span>
     <span class='ocr_line' id='line_1_28' title="bbox 81 2602 1051 2688; baseline -0.001 -21"><span class='ocrx_word' id='word_1_213' title='bbox 81 2624 218 2688; x_wconf 89' lang='lat' dir='ltr'>regnare</span> <span class='ocrx_word' id='word_1_214' title='bbox 241 2603 379 2682; x_wconf 91' lang='lat' dir='ltr'>deberet,</span> <span class='ocrx_word' id='word_1_215' title='bbox 403 2623 442 2666; x_wconf 88' lang='lat' dir='ltr'>ac</span> <span class='ocrx_word' id='word_1_216' title='bbox 463 2602 526 2666; x_wconf 88' lang='lat' dir='ltr'>iam</span> <span class='ocrx_word' id='word_1_217' title='bbox 541 2603 645 2668; x_wconf 90' lang='lat' dir='ltr'>maior</span> <span class='ocrx_word' id='word_1_218' title='bbox 659 2606 737 2668; x_wconf 90' lang='lat' dir='ltr'>natu</span> <span class='ocrx_word' id='word_1_219' title='bbox 753 2602 887 2668; x_wconf 87' lang='lat' dir='ltr'>oonsilio</span> <span class='ocrx_word' id='word_1_220' title='bbox 910 2602 978 2667; x_wconf 90' lang='lat' dir='ltr'>eius</span> <span class='ocrx_word' id='word_1_221' title='bbox 994 2603 1051 2666; x_wconf 93' lang='lat' dir='ltr'>ob·</span> 
     </span>
     <span class='ocr_line' id='line_1_29' title="bbox 82 2687 1050 2773; baseline -0.003 -20"><span class='ocrx_word' id='word_1_222' title='bbox 82 2691 293 2773; x_wconf 87' lang='lat' dir='ltr'>temperaret,</span> <span class='ocrx_word' id='word_1_223' title='bbox 316 2688 421 2751; x_wconf 91' lang='lat' dir='ltr'>minor</span> <span class='ocrx_word' id='word_1_224' title='bbox 437 2688 581 2770; x_wconf 90' lang='lat' dir='ltr'>corporis</span> <span class='ocrx_word' id='word_1_225' title='bbox 602 2687 724 2752; x_wconf 86' lang='lat' dir='ltr'>uiribus</span> <span class='ocrx_word' id='word_1_226' title='bbox 738 2687 841 2768; x_wconf 81' lang='lat' dir='ltr'>fretus</span> <span class='ocrx_word' id='word_1_227' title='bbox 856 2687 891 2750; x_wconf 91' lang='lat' dir='ltr'>in</span> <span class='ocrx_word' id='word_1_228' title='bbox 907 2687 1050 2751; x_wconf 85' lang='lat' dir='ltr'>amentia</span> 
     </span>
     <span class='ocr_line' id='line_1_30' title="bbox 81 2771 1089 2857; baseline -0.005 -20"><span class='ocrx_word' id='word_1_229' title='bbox 81 2774 224 2857; x_wconf 91' lang='lat' dir='ltr'>perstitit</span> <span class='ocrx_word' id='word_1_230' title='bbox 238 2773 381 2857; x_wconf 89' lang='lat' dir='ltr'>initoque</span> <span class='ocrx_word' id='word_1_231' title='bbox 396 2773 573 2837; x_wconf 87' lang='lat' dir='ltr'>certamine</span> <span class='ocrx_word' id='word_1_232' title='bbox 594 2773 791 2856; x_wconf 88' lang='lat' dir='ltr'>pertinacior</span> <span class='ocrx_word' id='word_1_233' title='bbox 813 2772 963 2856; x_wconf 84' lang='lat' dir='ltr'>impietas</span> <span class='ocrx_word' id='word_1_234' title='bbox 985 2771 1049 2835; x_wconf 87' lang='lat' dir='ltr'>for·</span> <span class='ocrx_word' id='word_1_235' title='bbox 1063 2789 1089 2832; x_wconf 85' lang='lat' dir='ltr'>so</span> 
     </span>
     <span class='ocr_line' id='line_1_31' title="bbox 83 2855 690 2924; baseline 0 -3"><span class='ocrx_word' id='word_1_236' title='bbox 83 2860 183 2922; x_wconf 90' lang='lat' dir='ltr'>tunae</span> <span class='ocrx_word' id='word_1_237' title='bbox 205 2858 323 2923; x_wconf 90' lang='lat' dir='ltr'>iudicio</span> <span class='ocrx_word' id='word_1_238' title='bbox 346 2861 450 2924; x_wconf 88' lang='lat' dir='ltr'>morte</span> <span class='ocrx_word' id='word_1_239' title='bbox 473 2855 609 2922; x_wconf 89' lang='lat' dir='ltr'>multata</span> <span class='ocrx_word' id='word_1_240' title='bbox 632 2860 690 2922; x_wconf 88' lang='lat' dir='ltr'>est.</span> 
     </span>
    </p>
   </div>
   <div class='ocr_carea' id='block_1_3' title="bbox 81 3006 1052 3619">
    <p class='ocr_par' dir='ltr' id='par_1_5' title="bbox 81 3006 1052 3619">
     <span class='ocr_line' id='line_1_32' title="bbox 119 3006 1052 3110; baseline -0.003 -48"><span class='ocrx_word' id='word_1_241' title='bbox 119 3076 124 3086; x_wconf 36' lang='grc' dir='ltr'>Ι</span> <span class='ocrx_word' id='word_1_242' title='bbox 150 3014 166 3062; x_wconf 79' lang='lat'>2</span> <span class='ocrx_word' id='word_1_243' title='bbox 184 3008 331 3062; x_wconf 87' lang='lat' dir='ltr'>incolomis</span> <span class='ocrx_word' id='word_1_244' title='bbox 348 3009 387 3061; x_wconf 90' lang='lat' dir='ltr'>A¹</span> <span class='ocrx_word' id='word_1_245' title='bbox 417 3009 472 3076; x_wconf 78' lang='lat' dir='ltr'>{et</span> <span class='ocrx_word' id='word_1_246' title='bbox 490 3023 559 3062; x_wconf 85' lang='lat' dir='ltr'>eras.</span> <span class='ocrx_word' id='word_1_247' title='bbox 576 3008 605 3062; x_wconf 97' lang='lat' dir='ltr'><strong><em>A</em></strong></span> <span class='ocrx_word' id='word_1_248' title='bbox 630 3009 635 3077; x_wconf 94' lang='grc'>1</span> <span class='ocrx_word' id='word_1_249' title='bbox 658 3014 675 3062; x_wconf 81' lang='lat'>4</span> <span class='ocrx_word' id='word_1_250' title='bbox 698 3007 815 3076; x_wconf 90' lang='lat' dir='ltr'>diligitis</span> <span class='ocrx_word' id='word_1_251' title='bbox 839 3007 873 3075; x_wconf 89' lang='lat' dir='ltr'>(it</span> <span class='ocrx_word' id='word_1_252' title='bbox 891 3010 972 3085; x_wconf 58' lang='lat' dir='ltr'>eras)</span> <span class='ocrx_word' id='word_1_253' title='bbox 997 3006 1052 3110; x_wconf 68' lang='grc'>1111</span> 
     </span>
     <span class='ocr_line' id='line_1_33' title="bbox 83 3074 1039 3155; baseline -0.004 -25"><span class='ocrx_word' id='word_1_254' title='bbox 83 3081 99 3130; x_wconf 70' lang='grc'>’1</span> <span class='ocrx_word' id='word_1_255' title='bbox 116 3092 178 3144; x_wconf 87' lang='lat' dir='ltr'>rpse</span> <span class='ocrx_word' id='word_1_256' title='bbox 196 3077 295 3144; x_wconf 74' lang='lat' dir='ltr'><strong><em>A¹118</em></strong></span> <span class='ocrx_word' id='word_1_257' title='bbox 314 3077 408 3154; x_wconf 79' lang='lat' dir='ltr'>acerui</span> <span class='ocrx_word' id='word_1_258' title='bbox 423 3079 500 3130; x_wconf 86' lang='lat' dir='ltr'>atam</span> <span class='ocrx_word' id='word_1_259' title='bbox 517 3076 569 3155; x_wconf 65' lang='lat'>4¹,</span> <span class='ocrx_word' id='word_1_260' title='bbox 588 3092 606 3129; x_wconf 87' lang='lat' dir='ltr'>a</span> <span class='ocrx_word' id='word_1_261' title='bbox 628 3076 655 3130; x_wconf 86' lang='lat' dir='ltr'>d.</span> <span class='ocrx_word' id='word_1_262' title='bbox 673 3076 743 3130; x_wconf 87' lang='lat' dir='ltr'>item</span> <span class='ocrx_word' id='word_1_263' title='bbox 763 3074 892 3143; x_wconf 61' lang='lat' dir='ltr'>sedern</span> <span class='ocrx_word' id='word_1_264' title='bbox 909 3075 994 3154; x_wconf 78' lang='lat' dir='ltr'>mlius</span> <span class='ocrx_word' id='word_1_265' title='bbox 1011 3074 1039 3126; x_wconf 90' lang='lat' dir='ltr'><strong><em>A</em></strong></span> 
     </span>
     <span class='ocr_line' id='line_1_34' title="bbox 84 3142 1048 3212; baseline -0.003 -13"><span class='ocrx_word' id='word_1_266' title='bbox 84 3145 155 3199; x_wconf 84' lang='lat' dir='ltr'>Par.</span> <span class='ocrx_word' id='word_1_267' title='bbox 170 3144 180 3212; x_wconf 95' lang='grc'>1</span> <span class='ocrx_word' id='word_1_268' title='bbox 196 3151 225 3196; x_wconf 76' lang='lat' dir='ltr'>la</span> <span class='ocrx_word' id='word_1_269' title='bbox 244 3145 345 3197; x_wconf 84' lang='lat' dir='ltr'>nefarn</span> <span class='ocrx_word' id='word_1_270' title='bbox 364 3145 497 3211; x_wconf 69' lang='lat' dir='ltr'>(extremo</span> <span class='ocrx_word' id='word_1_271' title='bbox 515 3144 568 3198; x_wconf 80' lang='lat' dir='ltr'>lrtt.</span> <span class='ocrx_word' id='word_1_272' title='bbox 589 3148 670 3199; x_wconf 74' lang='lat' dir='ltr'>extra</span> <span class='ocrx_word' id='word_1_273' title='bbox 687 3158 770 3208; x_wconf 81' lang='lat' dir='ltr'>uera,</span> <span class='ocrx_word' id='word_1_274' title='bbox 786 3142 835 3197; x_wconf 85' lang='lat' dir='ltr'>sed</span> <span class='ocrx_word' id='word_1_275' title='bbox 852 3146 915 3197; x_wconf 88' lang='lat' dir='ltr'>m.1</span> <span class='ocrx_word' id='word_1_276' title='bbox 933 3143 1048 3210; x_wconf 78' lang='lat' dir='ltr'>sarapta)</span> 
     </span>
     <span class='ocr_line' id='line_1_35' title="bbox 82 3209 1049 3279; baseline -0.003 -13"><span class='ocrx_word' id='word_1_277' title='bbox 82 3213 123 3277; x_wconf 89' lang='lat' dir='ltr'>A,</span> <span class='ocrx_word' id='word_1_278' title='bbox 142 3211 234 3266; x_wconf 87' lang='lat' dir='ltr'>nefari</span> <span class='ocrx_word' id='word_1_279' title='bbox 250 3211 338 3265; x_wconf 81' lang='lat' dir='ltr'>Halm</span> <span class='ocrx_word' id='word_1_280' title='bbox 354 3213 364 3279; x_wconf 92' lang='lat' dir='ltr'>l</span> <span class='ocrx_word' id='word_1_281' title='bbox 383 3217 414 3266; x_wconf 83' lang='grc'>16</span> <span class='ocrx_word' id='word_1_282' title='bbox 433 3211 553 3265; x_wconf 86' lang='lat' dir='ltr'>salassus</span> <span class='ocrx_word' id='word_1_283' title='bbox 570 3211 610 3270; x_wconf 85' lang='lat' dir='ltr'>A.</span> <span class='ocrx_word' id='word_1_284' title='bbox 635 3229 664 3264; x_wconf 92' lang='lat' dir='ltr'>u.</span> <span class='ocrx_word' id='word_1_285' title='bbox 683 3210 772 3278; x_wconf 87' lang='lat' dir='ltr'>saius;</span> <span class='ocrx_word' id='word_1_286' title='bbox 797 3209 860 3275; x_wconf 80' lang='lat' dir='ltr'>(sio,</span> <span class='ocrx_word' id='word_1_287' title='bbox 885 3209 933 3264; x_wconf 85' lang='lat' dir='ltr'>sect</span> <span class='ocrx_word' id='word_1_288' title='bbox 950 3211 961 3262; x_wconf 91' lang='lat' dir='ltr'>i</span> <span class='ocrx_word' id='word_1_289' title='bbox 978 3225 999 3264; x_wconf 90' lang='lat' dir='ltr'>s.</span> <span class='ocrx_word' id='word_1_290' title='bbox 1021 3209 1049 3270; x_wconf 83' lang='lat' dir='ltr'>t.)</span> 
     </span>
     <span class='ocr_line' id='line_1_36' title="bbox 82 3276 1051 3349; baseline -0.004 -15"><span class='ocrx_word' id='word_1_291' title='bbox 82 3294 177 3349; x_wconf 80' lang='lat' dir='ltr'>morpc</span> <span class='ocrx_word' id='word_1_292' title='bbox 194 3279 229 3345; x_wconf 87' lang='lat' dir='ltr'>A,</span> <span class='ocrx_word' id='word_1_293' title='bbox 249 3278 353 3334; x_wconf 87' lang='lat' dir='ltr'>saisum</span> <span class='ocrx_word' id='word_1_294' title='bbox 371 3279 476 3347; x_wconf 54' lang='lat' dir='ltr'>Perdi}</span> <span class='ocrx_word' id='word_1_295' title='bbox 491 3284 522 3333; x_wconf 90' lang='grc'>18</span> <span class='ocrx_word' id='word_1_296' title='bbox 545 3279 614 3346; x_wconf 87' lang='lat' dir='ltr'>quid</span> <span class='ocrx_word' id='word_1_297' title='bbox 637 3279 729 3332; x_wconf 89' lang='lat' dir='ltr'>dieam</span> <span class='ocrx_word' id='word_1_298' title='bbox 747 3277 793 3332; x_wconf 83' lang='lat' dir='ltr'>uel</span> <span class='ocrx_word' id='word_1_299' title='bbox 810 3276 880 3345; x_wconf 90' lang='lat' dir='ltr'>quid</span> <span class='ocrx_word' id='word_1_300' title='bbox 898 3277 950 3335; x_wconf 85' lang='lat' dir='ltr'>dcl.</span> <span class='ocrx_word' id='word_1_301' title='bbox 970 3277 1051 3331; x_wconf 82' lang='lat' dir='ltr'>Peri-</span> 
     </span>
     <span class='ocr_line' id='line_1_37' title="bbox 81 3345 1050 3415; baseline -0.005 -12"><span class='ocrx_word' id='word_1_302' title='bbox 81 3349 189 3411; x_wconf 78' lang='lat' dir='ltr'>soru&#39;us,</span> <span class='ocrx_word' id='word_1_303' title='bbox 209 3347 277 3415; x_wconf 90' lang='lat' dir='ltr'>quid</span> <span class='ocrx_word' id='word_1_304' title='bbox 290 3347 396 3412; x_wconf 85' lang='lat' dir='ltr'>dicam,</span> <span class='ocrx_word' id='word_1_305' title='bbox 409 3345 636 3401; x_wconf 87' lang='lat' dir='ltr'>interficiendum</span> <span class='ocrx_word' id='word_1_306' title='bbox 647 3345 843 3413; x_wconf 69' lang='lat' dir='ltr'>crumpamus.</span> <span class='ocrx_word' id='word_1_307' title='bbox 860 3361 929 3400; x_wconf 81' lang='lat' dir='ltr'>crus.</span> <span class='ocrx_word' id='word_1_308' title='bbox 944 3345 1050 3400; x_wconf 67' lang='lat' dir='ltr'>Gertz*</span> 
     </span>
     <span class='ocr_line' id='line_1_38' title="bbox 81 3411 1050 3536; baseline -0.003 -67"><span class='ocrx_word' id='word_1_309' title='bbox 81 3417 96 3536; x_wconf 65' lang='lat' dir='ltr'>p</span> <span class='ocrx_word' id='word_1_310' title='bbox 111 3422 140 3469; x_wconf 87' lang='grc'>19</span> <span class='ocrx_word' id='word_1_311' title='bbox 158 3415 250 3468; x_wconf 86' lang='lat' dir='ltr'>minus</span> <span class='ocrx_word' id='word_1_312' title='bbox 262 3415 300 3468; x_wconf 86' lang='lat' dir='ltr'>A¹</span> <span class='ocrx_word' id='word_1_313' title='bbox 313 3416 323 3483; x_wconf 93' lang='grc'>11</span> <span class='ocrx_word' id='word_1_314' title='bbox 336 3421 366 3467; x_wconf 80' lang='lat'>21</span> <span class='ocrx_word' id='word_1_315' title='bbox 381 3414 606 3482; x_wconf 84' lang='lat' dir='ltr'>tranquilliorem</span> <span class='ocrx_word' id='word_1_316' title='bbox 619 3415 656 3467; x_wconf 87' lang='lat' dir='ltr'>A¹</span> <span class='ocrx_word' id='word_1_317' title='bbox 670 3414 679 3482; x_wconf 95' lang='grc'>11</span> <span class='ocrx_word' id='word_1_318' title='bbox 693 3419 725 3467; x_wconf 78' lang='lat'>27</span> <span class='ocrx_word' id='word_1_319' title='bbox 743 3411 837 3466; x_wconf 85' lang='lat' dir='ltr'>uerbis</span> <span class='ocrx_word' id='word_1_320' title='bbox 855 3415 945 3491; x_wconf 86' lang='lat' dir='ltr'>magis</span> <span class='ocrx_word' id='word_1_321' title='bbox 964 3429 1050 3480; x_wconf 87' lang='lat' dir='ltr'>quam</span> 
     </span>
     <span class='ocr_line' id='line_1_39' title="bbox 94 3480 1048 3550; baseline -0.001 -14"><span class='ocrx_word' id='word_1_322' title='bbox 94 3498 156 3536; x_wconf 85' lang='lat' dir='ltr'>erro</span> <span class='ocrx_word' id='word_1_323' title='bbox 175 3483 361 3538; x_wconf 87' lang='lat' dir='ltr'>decernerent</span> <span class='ocrx_word' id='word_1_324' title='bbox 379 3484 441 3536; x_wconf 90' lang='lat' dir='ltr'>uter</span> <span class='ocrx_word' id='word_1_325' title='bbox 459 3483 519 3550; x_wconf 81' lang='lat' dir='ltr'>(sic)</span> <span class='ocrx_word' id='word_1_326' title='bbox 538 3486 567 3537; x_wconf 85' lang='lat'>11</span> <span class='ocrx_word' id='word_1_327' title='bbox 583 3484 593 3550; x_wconf 93' lang='grc'>11</span> <span class='ocrx_word' id='word_1_328' title='bbox 614 3480 764 3535; x_wconf 86' lang='lat' dir='ltr'>diiudicari</span> <span class='ocrx_word' id='word_1_329' title='bbox 782 3480 828 3543; x_wconf 83' lang='lat' dir='ltr'>A²,</span> <span class='ocrx_word' id='word_1_330' title='bbox 847 3480 981 3537; x_wconf 77' lang='lat' dir='ltr'>dimicare</span> <span class='ocrx_word' id='word_1_331' title='bbox 1002 3484 1028 3535; x_wconf 93' lang='grc' dir='ltr'>Γ</span> <span class='ocrx_word' id='word_1_332' title='bbox 1038 3482 1048 3550; x_wconf 95' lang='grc'>11</span> 
     </span>
     <span class='ocr_line' id='line_1_40' title="bbox 81 3548 871 3619; baseline -0.001 -16"><span class='ocrx_word' id='word_1_333' title='bbox 81 3550 145 3604; x_wconf 90' lang='lat' dir='ltr'>uter</span> <span class='ocrx_word' id='word_1_334' title='bbox 162 3550 214 3617; x_wconf 84' lang='lat' dir='ltr'>A²‚</span> <span class='ocrx_word' id='word_1_335' title='bbox 233 3553 304 3605; x_wconf 75' lang='lat' dir='ltr'>*sut</span> <span class='ocrx_word' id='word_1_336' title='bbox 320 3551 357 3603; x_wconf 86' lang='lat' dir='ltr'>A¹</span> <span class='ocrx_word' id='word_1_337' title='bbox 372 3552 382 3619; x_wconf 93' lang='lat' dir='ltr'>l</span> <span class='ocrx_word' id='word_1_338' title='bbox 395 3556 428 3605; x_wconf 78' lang='lat'>28</span> <span class='ocrx_word' id='word_1_339' title='bbox 446 3548 571 3604; x_wconf 85' lang='lat' dir='ltr'>consiliis</span> <span class='ocrx_word' id='word_1_340' title='bbox 589 3551 684 3618; x_wconf 73' lang='grc'>111129</span> <span class='ocrx_word' id='word_1_341' title='bbox 703 3549 826 3603; x_wconf 76' lang='lat' dir='ltr'>amentia</span> <span class='ocrx_word' id='word_1_342' title='bbox 842 3548 871 3602; x_wconf 87' lang='lat' dir='ltr'><strong><em>A</em></strong></span> 
     </span>
    </p>
   </div>
   <div class='ocr_carea' id='block_1_4' title="bbox 0 0 1280 3958">
    <p class='ocr_par' dir='ltr' id='par_1_6' title="bbox 0 0 1280 3958">
     <span class='ocr_line' id='line_1_41' title="bbox 0 0 1280 3958; baseline 0 1"><span class='ocrx_word' id='word_1_343' title='bbox 0 0 1280 3958; x_wconf 95' lang='lat' dir='ltr'> </span> 
     </span>
    </p>
   </div>
  </div>
 </body>
</html>
