2550 3958
243 127 307 192 504
458 123 525 176 LIB.
543 123 593 177 ιιι.
630 121 707 179 οΑΡ,
726 127 752 187 ι,
765 127 805 174 ιι.
841 120 904 174 axa
922 126 999 176 a-a,

246 281 412 357 proximum
434 280 589 356 scopulum
610 281 799 338 transuectus
820 280 905 350 esset,
930 281 1217 353 superuenientibus

245 366 391 441 hostibus,
409 366 516 424 ceteris
532 365 570 423 ad
585 363 658 424 litus
673 363 817 440 regressis
833 363 915 422 solns
931 363 1080 424 stationis
1095 366 1216 442 gradum

244 451 375 510 retinens
403 468 512 526 magno
542 449 623 508 edito
645 449 775 524 proelio,
809 447 921 506 femore
943 447 1092 521 traiecto,
1133 451 1217 524 clipeo

245 535 355 595 crebris
378 533 574 594 foraminibus
599 533 770 607 absumpto,
792 531 941 607 profundo
963 550 995 590 se
1011 534 1177 593 commisit
1196 542 1216 590 et

245 622 365 679 euectus
400 619 436 678 ad
467 618 540 676 litus
569 618 656 692 petiit
685 636 702 675 a
730 615 855 676 Caesare
882 617 917 674 ut
944 615 1003 675 sibi
1031 617 1226 693 ignosceret,÷

243 704 323 780 quod
347 704 410 762 sins
433 706 517 762 scuto
539 702 673 760 redisset.

194 801 230 848 ιι
312 787 346 847 L.
364 787 485 846 Sentius
501 786 649 844 Dentatus
672 785 784 844 centies
806 784 899 844 uicies
920 783 952 842 in
974 784 1074 844 aciem
1097 785 1213 845 descen-

245 871 304 943 dit,
336 889 411 932 xxvr
438 871 534 946 spolia
562 869 696 944 rettulit,
730 888 765 927 ex
793 869 839 927 his
861 870 929 928 octo
951 885 1077 941 eorum,
1109 871 1166 944 qui
1191 887 1213 926 ss

244 957 494 1031 prouocauerant:
520 972 594 1013 ιιιιιι
617 955 696 1013 ciues
719 953 851 1012 seruauit
865 972 900 1012 ex
916 952 1047 1026 proelio:
1073 970 1144 1013 xcv
1159 954 1212 1011 aul-

244 1059 315 1098 nera
336 1043 456 1114 pectore
478 1039 604 1116 excepit,
628 1040 715 1114 tergo
738 1037 924 1096 cicatricibus
945 1054 1058 1094 uacuo:
1083 1056 1150 1098 vm
1172 1038 1230 1096 tri-s

244 1124 398 1198 nmphales
421 1141 525 1182 currus
548 1125 668 1182 secutus
690 1127 740 1190 est,
763 1121 889 1180 donatus
911 1121 1007 1180 aureis
1030 1123 1160 1182 coronis
1182 1122 1213 1180 ci·

245 1208 318 1266 uicis
341 1221 415 1278 viu,
446 1207 610 1267 muralibus
633 1225 688 1282 111,
717 1205 896 1266 obsidionali
918 1223 990 1275 una,
1020 1207 1154 1281 torques
1177 1224 1214 1264 ac-

246 1292 325 1366 cepit
338 1308 476 1363 nxxxrn,
501 1291 632 1351 armillas
648 1308 722 1363 oux,
738 1290 839 1348 hastas
854 1307 949 1358 xv111,
965 1289 1109 1363 phaleras
1126 1308 1214 1348 xxxv.

193 1387 252 1425 uxr.
316 1377 440 1448 Dareus,
464 1395 529 1434 cum
552 1375 672 1435 sordida
691 1377 721 1434 et
743 1374 856 1434 crudeli
877 1391 1029 1449 magorum
1052 1375 1215 1450 tyrannide

211 1444 350 1520 '²Persas
378 1461 535 1535 liberaret,
571 1479 663 1518 unam
691 1478 726 1518 ex
754 1458 796 1518 eis
824 1458 973 1516 abiectum
1002 1460 1148 1532 corporis
1177 1460 1231 1517 sni.-

244 1545 375 1620 pondere
405 1563 532 1622 urgens,
561 1548 596 1602 ut
617 1544 695 1602 uidit
717 1543 950 1604 commilitonem
972 1541 1099 1616 plagam
1124 1545 1156 1602 ei
1178 1545 1214 1600 in·

246 1629 321 1688 terre
351 1630 553 1699 dubitantem,
582 1647 620 1687 nc
646 1647 699 1704 per
720 1645 851 1687 errorem
874 1625 1005 1686 Dareum
1028 1626 1214 1697 uolneraret

245 1715 296 1773 ‘tu
319 1714 407 1774 uero'
432 1713 531 1789 inquit
553 1713 617 1772 ‘uel
646 1731 699 1787 per
726 1715 884 1787 utrumque
910 1712 1048 1768 nostrum
1079 1712 1215 1788 gladium

244 1817 309 1874 age,
334 1799 494 1858 dummodo
519 1798 566 1856 hic
588 1816 678 1872 quam
700 1796 852 1856 celerrime
875 1797 977 1871 pereat
986 1795 1004 1852 ’.

210 1907 226 1954 3
308 1883 456 1942 Leonidas
479 1881 642 1958 Spartanus
665 1899 731 1940 cum
753 1881 893 1940 trecentis
916 1879 1033 1938 ciuibus
1055 1879 1098 1938 ad
1124 1881 1231 1940 Ther-s

245 1968 381 2043 mopylas
403 1967 462 2026 toti
484 1968 574 2026 Asiae
596 1965 745 2036 obiectus,
769 1963 894 2039 perfidia
916 1966 946 2022 et
967 1962 1079 2021 scelere
1104 1965 1215 2025 incola·

244 2069 310 2108 rum
331 2053 555 2126 opportunitate
570 2051 629 2109 loci
645 2050 798 2126 spoliatus,
823 2049 930 2107 occidit
947 2047 1106 2107 dimicans.
1132 2052 1213 2110 cuins

244 2134 314 2194 haec
335 2153 393 2192 uox
416 2134 524 2196 fertur:
549 2135 609 2194 ‘sic
630 2134 781 2209 prandete,
806 2131 1031 2198 commilitones,
1054 2133 1213 2210 tamqnam

244 2219 329 2293 apud.
352 2219 463 2278 inferos
492 2219 623 2279 cenaturi
632 2219 649 2278 '.
693 2217 934 2288 Lacedaemonii,
963 2216 1089 2292 perinde
1115 2238 1153 2278 ac
1178 2220 1214 2277 ui·

245 2304 340 2361 ctoria
363 2307 442 2364 esset
462 2303 623 2380 promissa,
647 2303 726 2362 dicto
747 2305 913 2378 paruerant
933 2301 1089 2375 intrepidi.
1127 2343 1133 2348 .
1223 2329 1233 2354 ι.

211 2411 227 2457 4
310 2385 477 2464 Othryades
494 2387 657 2464 Spartanus
673 2388 823 2462 speciosus
838 2404 940 2462 pugna
961 2403 994 2444 ac
1013 2388 1127 2461 morte,
1155 2408 1216 2448 san·

244 2472 335 2549 gnine
357 2491 410 2532 suo
438 2473 590 2547 inscriptis
617 2472 747 2546 tropaeis
775 2471 928 2545 dereptam
958 2468 1098 2530 hostibus
1124 2472 1216 2532 uicto·

244 2558 319 2615 riam
342 2557 403 2618 suis
426 2557 567 2616 restitnit.

210 2667 226 2714 5
308 2641 529 2717 Epaminondas
548 2639 706 2700 Thebanus
728 2639 872 2699 traiectus
892 2639 986 2714 hasta,
1009 2638 1166 2713 sanguine
1189 2645 1215 2700 et

245 2725 352 2802 spiritu
374 2725 521 2798 deficiens,
544 2743 678 2784 recreare
693 2742 723 2782 se
740 2726 878 2784 conantes
893 2723 1022 2798 primum
1040 2740 1079 2780 an
1097 2723 1214 2800 clipeus
1224 2740 1239 2778 a

245 2828 315 2870 suus
338 2810 438 2869 saluus
461 2813 557 2886 esset,
582 2809 689 2868 deinde
712 2827 750 2866 an
772 2808 891 2884 penitus
914 2806 972 2865 fusi
994 2807 1098 2865 hostes
1123 2809 1215 2869 inter·
1238 2861 1239 2868 ,

244 2895 373 2970 rogauit.
403 2896 511 2969 quibus
533 2895 576 2952 ita
599 2913 629 2954 sc
653 2893 760 2952 habere
783 2892 909 2968 cognitis
932 2889 1096 2950 ‘mirificas'
1114 2893 1239 2970 inquit*

246 2978 333 3037 ‘filias
356 2977 441 3038 uobis
463 2978 616 3054 relinquo,
639 2978 797 3036 Leuctram
820 2979 851 3036 et
873 2975 1080 3034 Mantineam'.

235 3112 238 3117 ·
312 3096 326 3143 '1
346 3107 397 3142 cxx
415 3095 441 3144 et
457 3106 477 3144 s.
491 3090 508 3144 t.
527 3091 594 3143 add.
608 3106 638 3143 es
650 3091 688 3158 119
707 3088 845 3142 seruauit:
865 3104 900 3142 ex
917 3087 1024 3154 proelio
1042 3086 1148 3158 Halm,
1169 3109 1215 3146 em.
1238 3061 1239 3078 Χ

245 3157 350 3211 Gertz*
374 3158 384 3225 l
410 3163 440 3211 10
458 3176 520 3211 vnn
538 3157 671 3225 triumph.
691 3157 758 3211 cdd.
776 3170 869 3225 margo
888 3171 901 3209 c
918 3155 977 3209 Vol.
997 3156 1007 3222 ΙΙ
1031 3160 1060 3207 11
1082 3158 1132 3210 est
1151 3161 1217 3214 add.

246 3223 365 3301 cenet,
382 3239 432 3277 om.
452 3224 511 3278 cod.
528 3225 615 3302 Halm
639 3225 649 3292 ΙΙ
673 3223 769 3277 ciuicis
786 3229 836 3277 nat
855 3222 962 3278 dolend.
981 3222 1027 3342 Sos.
1044 3237 1141 3289 capra
1161 3229 1179 3285 l,
1192 3231 1216 3292 9)

244 3296 294 3342 aut
311 3291 444 3348 scrabend.
464 3307 572 3344 coronis
590 3309 649 3357 vm,
668 3291 763 3344 cinicis
780 3308 846 3343 11111
864 3306 926 3345 cam
942 3289 983 3342 Va
995 3331 1001 3342 .
1014 3289 1095 3343 Ptin.
1119 3294 1216 3362 Goltl

245 3360 275 3406 13
294 3356 441 3422 pharetras
459 3362 526 3435 Μ
542 3361 574 3412 in
592 3373 689 3426 marg,
706 3359 820 3426 pateras
837 3375 872 3410 m.
888 3359 928 3478 ΙᾸΙ
945 3363 978 3410 20
995 3355 1218 3436 thermophylas

243 3436 277 3472 m.
289 3425 305 3472 1
318 3423 327 3487 ΙΙ
340 3429 372 3473 22
395 3425 588 3490 oportunitate
606 3440 696 3544 ιηᾳνὲ.
718 3425 744 3478 Α
769 3441 783 3478 e
802 3427 883 3490 Par,
923 3423 1011 3502 ccod.
1029 3425 1074 3477 ml
1092 3428 1218 3485 adnoto·
1238 3501 1239 3504 Ἴ

243 3489 300 3537 tum
314 3489 323 3552 ΙΙ
336 3492 369 3538 26
388 3503 420 3541 ac
437 3493 528 3544 morte
546 3492 619 3558 Mac,
638 3494 667 3545 ot
688 3491 774 3558 ryade
793 3493 851 3546 cod.
865 3493 874 3558 ΙΙ
888 3497 919 3544 17
938 3490 1081 3558 direptam
