2606 3952
1022 27 1078 71 NR

429 143 593 202 clevill.
621 144 683 202 axe.
702 149 820 210 §4-10.
1068 133 1296 218 εἶξα-ν’

139 297 229 382 poris
250 296 443 380 triclinium,
466 298 501 361 in
524 317 588 381 quo
609 295 730 381 Scopas
753 298 953 383 epulabatur,
978 301 1109 386 conlap-

139 403 211 446 sum
233 385 267 446 et
288 382 393 466 ipsum
409 385 443 446 et
457 402 568 446 omnes
584 383 737 447 conuiuas
753 383 925 467 oppressit.
955 385 1109 468 quidhoc

138 465 296 531 felicitate
311 466 518 551 locupletius,
542 487 639 550 quam
660 488 721 533 nec
742 489 830 532 mare
852 490 912 534 nec
933 472 1021 535 terra
1042 492 1110 536 sae-

138 551 232 616 uiens
254 551 443 636 extinguere
464 551 581 616 ualuitl

202 635 231 701 8.
258 634 335 701 Non
349 637 473 701 inuitus
493 635 568 700 huic
590 635 744 701 subnecto
760 635 958 722 Daphniten,
980 660 1022 703 ne
1038 639 1135 724 quiss

137 720 271 806 ignoret
292 723 449 805 quantum
470 719 655 785 interfuerit
677 721 829 786 cecinisse
844 721 976 787 deorum
999 722 1110 790 laudes

137 811 320 904 etunumen
346 807 555 904 obsecrasse,
597 804 666 890 hic,
695 827 768 871 oum
791 807 859 905 eius
888 807 986 872 studii
1014 812 1109 890 esset,

139 889 1111 1072 1111111111111111111111111111

138 1057 301 1125 consuluit
330 1081 371 1125 an
401 1079 519 1144 equum
546 1060 692 1124 inuenire
718 1066 844 1146 posset,
875 1083 947 1126 cum
976 1063 1108 1128 omnino
1122 1084 1147 1124 ιο

137 1143 266 1210 nullum
289 1144 464 1212 habuisset.
501 1145 589 1208 ouius
613 1165 651 1209 ex
672 1145 802 1210 oraculo
824 1144 950 1211 reddita
970 1168 1036 1213 uox
1051 1151 1108 1226 est,

135 1227 345 1294 inucntm'um
375 1250 508 1313 equum,
536 1228 591 1294 scd
618 1232 720 1294 uteo
748 1232 957 1315 proturbatus
978 1232 1109 1317 periret.

137 1312 215 1378 inde
237 1334 309 1378 cum
331 1313 533 1379 iocabundus
579 1315 650 1378 uaai
664 1313 774 1379 delusa
789 1337 953 1381 sacrarum
975 1317 1110 1382 sortium

136 1397 200 1463 fide
228 1401 459 1480 reuerteretur,
493 1335 609 1463 incidit
635 1398 671 1462 in
700 1419 809 1483 regam
839 1400 987 1466 Attalum
1015 1423 1110 1486 saepe

135 1504 272 1548 numero
295 1505 315 1547 a
342 1505 374 1548 se
397 1482 640 1548 contumeliosis
663 1483 756 1548 dictis
786 1483 952 1550 absentem
980 1486 1109 1551 lacessi·
1123 1508 1149 1549 rs

138 1572 227 1650 tum,
262 1568 393 1652 eiusque
425 1568 515 1632 iussu
547 1588 639 1644 saxo,
679 1568 731 1632 cui
763 1589 882 1633 nomen
915 1573 984 1635 erat
1012 1570 1108 1655 Equi,

136 1653 365 1737 praecipitatus
399 1651 440 1716 ad
472 1652 547 1718 deos
581 1673 682 1736 usque
721 1653 918 1718 cauillandos
952 1655 1109 1719 dementia

140 1737 243 1802 animi
265 1739 352 1802 iusta
374 1736 533 1820 supplicia
578 1737 717 1820 ependit.

204 1822 235 1886 9.
268 1821 392 1888 Eodem
414 1823 544 1886 oraculo
596 1821 770 1886 acedonum
793 1842 849 1886 rex
864 1821 1033 1906 Philippus
1055 1825 1109 1888 ad·

134 1907 279 1972 monitus
307 1911 344 1972 ut
366 1929 385 1972 a
407 1906 581 1991 quadrigae
608 1906 765 1971 uiolentia
785 1907 922 1971 salutem
944 1928 1035 1974 suam
1057 1931 1109 1973 ou·
1122 1931 1147 1972 ao

135 1991 286 2076 stodiret,
314 1994 384 2057 toto
413 2011 514 2140 reguo
543 1991 684 2076 disiungi
713 2012 824 2056 currus
852 1991 948 2057 iussit
974 2014 1108 2077 eumque

479 2097 536 2141 ceo

135 2077 258 2155 locum,
294 2078 350 2162 qui
386 2077 420 2140 in
537 2076 584 2140 tia
612 2075 776 2161 Quadriga
803 2080 950 2156 uocatur,
984 2099 1110 2162 semper

134 2161 265 2227 uitauit.
301 2182 362 2226 nec
383 2164 497 2225 tamen
512 2161 739 2225 denuntiatum
760 2160 895 2244 periculi
909 2181 1012 2246 genus
1035 2163 1110 2227 effu·

137 2247 203 2332 git:
225 2267 302 2311 nam
318 2245 498 2310 Pausanias
521 2247 556 2309 in
582 2246 696 2328 capulo
718 2245 828 2329 gladii,
852 2267 916 2329 quo
940 2269 1013 2311 eum
1028 2248 1110 2313 occi-

137 2332 199 2410 dit,
224 2331 414 2416 quadrigam
436 2330 550 2395 habuit
573 2330 738 2394 caelatam.
1120 2353 1146 2395 aa

44 2413 47 2420 ’
205 2415 253 2484 10.
291 2416 379 2492 Quae
402 2421 471 2480 tam
493 2415 642 2500 pertinax
664 2415 839 2480 necessitas
867 2415 902 2478 in
928 2418 1021 2500 petre
1042 2417 1109 2482 filio

136 2500 324 2564 Alexandro
350 2500 530 2566 consimilis
556 2501 722 2583 apparuit:
756 2499 784 2563 si
806 2499 936 2584 quidem
958 2499 1111 2566 Callanus

207 2725 219 2772 1
240 2735 339 2788 scopas
359 2718 458 2786 (ultien.
478 2736 491 2772 s
508 2735 543 2775 m.
556 2721 589 2787 2,
608 2717 723 2786 ataid.)
740 2718 768 2770 A
790 2719 800 2786 ΙΙ
821 2718 1011 2788 epulabantur
1027 2720 1110 2774 L¹A¹

138 2794 148 2856 11
172 2793 188 2840 5
207 2787 381 2856 daphaniten
401 2787 470 2852 LA,
493 2786 566 2854 qaod
582 2786 730 2841 emendarat
742 2801 755 2839 c
769 2787 839 2840 Par.
862 2785 1001 2864 Daphitae
1014 2792 1053 2842 cet
1064 2803 1111 2856 cp.

136 2857 195 2911 010.
213 2855 248 2910 de
258 2855 310 2920 fat.
323 2859 349 2923 3,
362 2858 380 2910 5
392 2854 642 2912 asseruerim]
651 2857 685 2908 39
698 2869 728 2921 p.
741 2856 803 2920 647,
827 2853 972 2922 Daphrdas
984 2871 1030 2923 cp.
1042 2855 1109 2908 Sui-

134 2925 202 2979 dcos
218 2928 243 2978 et
258 2923 376 2992 Hesper.
394 2939 414 2978 a.
432 2941 459 2982 a,
482 2923 492 2990 ΙΙ
514 2927 530 2976 8
546 2921 638 2992 inepti
655 2922 695 2985 L,
719 2920 815 2990 inepte
833 2925 874 2986 A,
901 2921 1006 2990 impiae
1026 2921 1110 2977 Gertz

133 2994 203 3055 264,
220 2996 299 3056 recte,
317 2995 349 3044 at
366 2991 426 3045 uid.
447 2992 457 3059 ΙΙ
479 2997 495 3044 9
513 2989 633 3058 delphye
645 2989 673 3043 A
690 2990 700 3058 ΙΙ
724 2994 791 3043 loct
805 2994 837 3042 1⁶2
856 3004 978 3056 aequum
992 2989 1064 3056 LA,
1083 2995 1108 3046 ct

133 3061 174 3115 sic
190 3057 249 3124 fere
259 3074 364 3126 semper
376 3059 385 3126 ΙΙ
400 3065 430 3113 11
450 3057 535 3112 ouis*
547 3060 625 3125 (corr.
640 3057 755 3123 ecuius]
765 3055 806 3110 L²
823 3057 901 3110 baad
916 3057 987 3110 male
999 3058 1009 3125 ΙΙ
1024 3063 1054 3110 12
1066 3058 1108 3111 in-

132 3127 297 3195 uenturum]
311 3125 377 3181 add.
391 3143 456 3181 eum
468 3128 538 3181 Par.
557 3127 567 3192 ΙΙ
586 3131 618 3179 13
636 3141 701 3178 cum
717 3123 906 3178 *iocabundus
918 3125 945 3178 A
958 3126 968 3192 ΙΙ
983 3130 1013 3178 14
1031 3124 1108 3180 fide*

133 3196 162 3250 A
189 3195 194 3264 1
215 3195 377 3248 reuertatur
398 3195 479 3248 L¹A¹
504 3194 514 3261 ΙΙ
540 3199 571 3247 18
594 3192 680 3246 animi
699 3191 770 3257 BG,
806 3192 917 3246 animam
939 3193 979 3258 A,
1013 3193 1107 3248 anime

134 3263 161 3316 L
179 3265 183 3330 Ι
205 3262 281 3316 iusso
292 3261 361 3315 LA¹
380 3263 390 3330 11
413 3269 444 3315 19
458 3260 618 3315 admonitus
632 3261 689 3325 (scd
708 3259 744 3312 ad
761 3261 794 3314 c‘a
806 3260 906 3323 litura)
917 3261 959 3326 A,
984 3261 1108 3316 monitus

133 3331 204 3385 Por.
227 3330 237 3398 ΙΙ
258 3335 290 3383 22
307 3329 405 3384 boetia
416 3331 444 3384 A
465 3331 475 3400 ΙΙ
496 3334 529 3384 25
546 3329 666 3382 celatam
679 3328 720 3393 A,
737 3331 769 3381 at
786 3341 836 3382 noa
848 3326 876 3380 L
887 3328 956 3386 Par.
978 3329 987 3397 l
1009 3334 1042 3382 26
1058 3346 1107 3383 ne-

133 3397 249 3452 cessitas
265 3397 318 3450 lati
334 3398 364 3450 in
382 3396 440 3451 filio
458 3397 528 3454 coni,
548 3396 660 3462 Gertr*,
683 3401 707 3450 et
728 3411 795 3449 sanc
836 3395 896 3450 atre
912 3396 1108 3465 1101101111ρο-

135 3471 209 3586 01οἯ
222 3466 231 3534 ΙΙ
245 3465 343 3588 0111001
360 3465 399 3532 in)
417 3465 474 3519 filio
493 3464 557 3520 dett.
570 3464 660 3532 pauci
672 3465 682 3533 l
695 3469 727 3518 27
742 3412 852 3531 siquid&
869 3464 1064 3532 (0111101111,
1084 3466 1108 3518 si

137 3551 186 3602 qui
208 3549 253 3586 am
