2550 3958
380 167 447 222 LIB.
467 167 503 222 ll.
530 166 608 222 cAP.
628 172 741 234 s,a-6.
980 169 1044 235 489

69 327 148 386 dum
171 346 238 386 eum
253 346 271 386 a
286 327 457 387 censoribus
480 325 512 384 in
534 326 670 393 ordinem
687 324 869 385 senatorium
884 326 1042 400 adlectum,

68 431 88 471 a
104 411 283 472 consulibus
306 411 479 488 obiurgatus
502 413 557 472 est.
575 441 615 451 -
633 407 708 468 Cum
723 409 814 468 Asiae
829 429 880 469 rex
895 411 1044 472 Eumenes

68 495 190 556 bellum
219 496 345 556 aPerss
367 496 510 556 aduersus
532 514 563 570 p.
586 494 623 554 R.
646 494 801 570 conparari
831 495 948 554 senatui
969 515 1045 554 nun·

70 581 194 653 tiasset,
218 599 279 641 non
302 583 371 640 ante
394 581 469 640 scire
490 579 592 655 potuit
613 599 642 656 p.
665 578 701 638 R.
732 578 804 655 quid
826 581 926 638 actum
948 580 980 638 in
1002 599 1045 640 se·

16 717 17 722 ,
40 667 151 725 onatu
175 665 280 725 suisset
301 684 390 740 quarn
412 664 517 723 Perses
539 665 717 723 uinceretur.

16 747 17 752 ’
139 750 323 810 Retinendae
344 749 442 826 gratia
462 749 622 826 grauitatis
638 748 755 823 antiqui
778 766 832 808 neo
847 747 966 808 Graecis
982 755 1079 808 um-2

16 831 17 838 ’
71 853 165 910 quam
193 835 251 894 nisi
279 835 372 894 latine
401 833 634 908 respondebant,
668 851 722 892 nec
745 833 825 908 ipsos
848 832 936 892 aliter
957 852 1047 910 quam

71 938 129 994 per
151 920 332 994 interpretes
353 918 504 993 loquentis
526 917 697 976 audiebant.

141 1003 243 1062 Melon
265 1004 377 1074 rhetor,
400 1002 456 1084 qui
475 1002 575 1062 studia
590 999 742 1062 Ciceronis
766 1003 861 1080 acuit,
883 1003 998 1078 primus
1013 1003 1079 1062 int

16 1091 61 1140 '10
76 1091 186 1147 senatu
208 1088 272 1147 sine
294 1088 460 1162 interprete
482 1086 600 1146 auditus
623 1089 678 1145 est.

16 1233 18 1240 ,
141 1173 268 1233 Maiores
297 1172 376 1231 hunc
406 1189 520 1229 morem
549 1170 675 1230 maxime
704 1170 879 1244 seruabant,
913 1189 951 1230 ne
978 1171 1080 1247 quiet

16 1259 18 1330 ᾗ
74 1257 156 1316 inter
185 1257 336 1316 consulem
364 1258 394 1316 et
415 1257 586 1329 proximum
613 1255 749 1315 lictorem
773 1273 804 1315 se
832 1256 1045 1331 interponeret.

16 1343 17 1422 ]
74 1341 177 1415 itaque
202 1341 237 1412 Q.
258 1341 368 1400 Fabius
391 1341 537 1398 Maximus
559 1341 579 1398 i
601 1346 658 1400 ebs.
682 1359 700 1398 a
720 1339 783 1399 filio
812 1357 870 1400 cos.
898 1341 1046 1400 inuitatus

16 1429 18 1438 ’
76 1429 112 1482 ut
135 1425 215 1483 inter
238 1444 268 1484 se
284 1428 315 1484 et
328 1424 465 1485 lictorem
480 1423 668 1499 procederet,
691 1442 729 1482 ne
744 1424 847 1483 hostili
863 1423 1046 1484 Samnitium

17 1517 62 1564 '15
75 1507 181 1580 turba,
213 1508 250 1567 ad
272 1527 399 1584 quorum
421 1509 612 1583 conloquium
634 1507 845 1581 descendebat,
876 1508 1045 1581 elideretur,

17 1669 18 1676 ἵ
77 1592 175 1653 facere
197 1593 306 1656 noluit.
857 1667 859 1671 Ι

141 1677 226 1736 Idem
247 1677 285 1736 ab
308 1679 413 1737 senatu
434 1677 472 1736 ad
495 1676 590 1735 filium
613 1694 672 1736 cos.
695 1677 813 1754 legatus
836 1677 943 1736 missus
960 1676 1046 1736 Sues-

78 1781 143 1822 sam
165 1761 332 1826 Pometiam
353 1761 528 1838 indignatus
551 1763 610 1833 est,
638 1761 718 1837 quod
739 1779 826 1820 nemo
850 1780 881 1820 se
904 1781 940 1820 ex
961 1761 1047 1820 licto-

16 1841 17 1862 ³
77 1846 162 1908 ribus
191 1865 268 1923 equo
298 1847 475 1906 descendere
504 1845 649 1906 iussisset.
686 1845 766 1921 quod
789 1864 856 1904 cum
877 1845 956 1906 filius
981 1865 1047 1905 sen·

33 1945 64 1986 ao
78 1932 179 2004 sisset,
203 1932 338 2006 proximo
354 1931 454 1991 lictori
469 1933 503 1989 ut
517 1930 575 1990 sibi
590 1933 747 2006 appareret
761 1930 933 2007 imperauit.
963 1931 1047 1990 cuius

16 2029 17 2032 ’
78 2016 145 2075 uoci
168 2017 309 2075 continuo
330 2015 441 2074 Fabius
463 2015 622 2075 obsecutus
646 2013 723 2074 ‘non
745 2015 818 2092 ego'
841 2015 955 2090 inquit,
981 2013 1046 2086 ‘fili

80 2119 228 2160 summum
249 2100 407 2176 imperium
430 2103 516 2158 tuum
539 2100 721 2175 contempsi,
739 2100 790 2160 sed
812 2100 942 2174 experiri
964 2099 1047 2159 uolui

80 2201 118 2243 an
140 2185 229 2244 scires
252 2185 405 2246 consulem
426 2188 539 2260 agere'.

143 2268 250 2345 Legati
276 2289 293 2327 a
321 2273 427 2328 senatu
449 2268 612 2328 Tarentum
634 2269 733 2346 missi,
765 2287 832 2329 cum
853 2269 1046 2346 grauissimas
1064 2273 1080 2324 5

36 2366 67 2410 as
80 2353 202 2413 iniurias
228 2372 290 2414 non
312 2355 375 2414 sinc
398 2354 579 2412 contumelia
600 2353 797 2429 accepissent,
827 2353 993 2413 introducti
1015 2355 1047 2413 in

81 2443 216 2498 senatum
240 2438 275 2498 de
298 2438 359 2510 his,
384 2456 459 2514 quae
480 2438 561 2512 passi
584 2441 681 2510 erant,
706 2439 805 2512 questi
819 2455 880 2497 non
903 2441 986 2510 sunt,
1009 2456 1046 2496 ne

82 2523 151 2598 quid
176 2523 256 2581 ultra
278 2541 311 2581 ac
333 2522 506 2582 mandatum
529 2523 594 2581 erat
614 2521 816 2598 loquerentur.

144 2606 243 2666 Antea
265 2608 386 2666 senatus
407 2605 563 2666 adsiduam
577 2606 737 2665 stationem
751 2624 786 2665 eo
801 2605 860 2665 loci
874 2606 1045 2681 peragebat,
1064 2613 1081 2662 6

81 2691 133 2767 qui
154 2690 299 2766 hodieque
322 2692 494 2750 senaculum
516 2688 697 2765 adpellatur:
737 2709 791 2750 nec
813 2689 992 2764 expectabat
1014 2693 1048 2750 ut

40 2791 70 2832 so
83 2776 178 2835 edicto
201 2774 434 2848 contraheretur,
458 2774 509 2834 sed
531 2774 600 2832 inde
615 2775 722 2834 citatus
737 2775 874 2849 protinus
890 2775 922 2832 in
937 2774 1048 2833 curiam

83 2860 234 2936 ueniebat,
258 2859 415 2936 ambiguae
431 2857 528 2918 laudis
543 2853 639 2918 ciuem
655 2859 847 2924 existumans,
872 2859 925 2934 qui
940 2857 1048 2918 debitis

83 2944 125 3002 rei
146 2963 174 3019 p.
198 2943 304 3002 officiis
326 2945 423 3004 iussus
445 2943 630 3020 fungeretur.

151 3078 164 3126 1
183 3088 200 3126 a
217 3072 380 3127 censoribus
397 3087 448 3128 om.
461 3071 550 3127 Halm
562 3073 601 3142 lt
618 3086 674 3126 non
684 3071 824 3126 -fuisset
840 3071 872 3125 iu
889 3087 984 3140 morp,
1002 3072 1050 3126 sed

85 3145 147 3197 m.1
165 3142 259 3208 sarept.
284 3142 294 3210 ΙΙ
320 3146 351 3194 12
374 3141 534 3208 proximum
550 3140 681 3208 suppleat
699 3157 714 3196 e
734 3139 794 3194 Vct.
812 3155 874 3193 curn
892 3139 1044 3209 Gertaiolll

86 3216 116 3264 13
133 3214 150 3266 i
168 3213 215 3264 obs
232 3209 265 3263 ire
282 3224 347 3276 raa,
366 3209 385 3262 i.
398 3224 420 3265 e.
439 3207 589 3276 quinquies
608 3223 691 3274 cons,
709 3213 742 3263 at
759 3208 820 3262 hub.
832 3206 901 3274 Vct,
921 3207 966 3262 uir
983 3222 1049 3261 con-

85 3277 181 3332 sularis
199 3277 286 3331 Halm
309 3278 319 3344 ΙΙ
344 3281 375 3331 15
398 3276 590 3331 descendebat
612 3275 658 3329 uel
676 3293 737 3330 cum
759 3275 819 3329 Vol.
839 3274 1050 3329 descendebant

88 3345 290 3415 decepere,
314 3343 500 3400 descenderat
518 3344 577 3398 cod.
601 3343 611 3411 ΙΙ
638 3347 669 3397 17
687 3343 767 3398 Idem
785 3342 861 3409 Mai,
881 3357 945 3396 curn
963 3343 1021 3397 cod.
1036 3343 1047 3411 ll

87 3419 117 3468 18
138 3414 295 3468 Pometiam
317 3427 368 3466 om.
386 3412 465 3468 codd.
486 3410 547 3464 Vol.
564 3410 634 3478 Nep.
657 3413 667 3481 ΙΙ
691 3427 725 3466 ex
758 3410 880 3465 addend.
898 3410 957 3464 uid.
977 3409 1050 3464 Xle

89 3479 146 3535 Vel.
159 3483 169 3550 ΙΙ
182 3487 215 3536 25
232 3481 261 3534 in
279 3480 423 3534 theatrum
441 3484 521 3546 recte,
539 3479 657 3546 ataid,
676 3495 690 3534 e
726 3479 764 3533 ol.
782 3477 882 3533 Gertz*
904 3479 916 3602 h
935 3483 967 3532 ‘ll
987 3479 1048 3532 erat

87 3549 150 3614 cod,
165 3555 238 3604 esset
247 3547 334 3603 Halm
346 3549 356 3618 l
370 3547 571 3617 eloquerentur
579 3545 637 3602 cod.
644 3546 740 3614 Halm,
755 3563 802 3602 cm,
813 3547 894 3602 Gertz
918 3562 952 3606 .c.
962 3562 976 3601 e
985 3545 1046 3600 Vol.
