2562 3950
393 177 461 232 LlB.
475 177 549 232 VIII.
572 175 648 234 cAP.
658 183 682 246 7,
699 177 763 236 Ext.
778 183 851 234 1-4.
881 185 884 192 ’
1038 182 1103 248 565

201 333 430 409 Demosthenes,
460 353 528 396 cunr
550 335 630 396 inter
650 323 739 396 initia
760 337 900 398 iuuentae
922 339 1000 400 artis
1018 337 1152 440 suaeffil‘i·

14 423 16 428 '
135 418 263 494 primam
296 419 426 480 litteram
458 418 556 480 dicere
583 439 644 480 non
671 424 789 497 posset,
822 423 882 482 oris
914 423 961 482 sui
993 424 1102 486 uitium

136 505 222 564 tento
251 503 351 564 studio
381 505 581 582 expugnauit,
610 507 645 565 ut
667 524 702 565 ea
725 505 846 566 anullo
869 507 1035 583 expressius
1057 529 1101 570 rc·

137 587 274 649 ferretur.
329 588 436 648 deinde
468 591 593 666 propter
620 590 745 650 nimiam
779 592 935 652 acritatem
967 595 1102 655 acerbam

111 673 242 734 boacca
263 690 362 734 uocem
382 691 469 735 soom
491 674 702 734 exercitatione
725 676 865 736 continua
888 676 926 736 ad
948 680 1101 738 maturum

137 759 169 817 et
190 759 310 836 gratum
332 775 438 818 sonum
460 759 584 820 auribus
605 759 751 835 perduxit.
786 760 890 821 lateris
905 763 996 821 etiam
1009 762 1100 822 firmi-

136 845 199 901 tate
221 842 355 904 defectus
376 843 455 903 uires
477 863 495 904 a
516 844 617 903 labore
639 846 793 904 mutuatus
810 848 870 906 ast:
895 846 1005 907 multos
1021 848 1102 908 enim

126 945 241 986 -uersus
268 946 328 988 uno
357 928 466 1004 spiritu
494 929 736 1005 conplectebatur
758 948 868 1007 eosque
891 931 1015 992 aduerso
1035 932 1101 992 loca

136 1012 225 1071 celeri
247 1012 344 1089 gradu
366 1013 509 1074 scandens
530 1013 746 1088 pronuntiabat
766 1033 801 1074 ao
823 1015 943 1076 uadosis
964 1017 1037 1077 locis
1056 1017 1102 1076 in-
1151 1073 1155 1080 .

97 1107 124 1148 10
138 1096 247 1156 sistens
275 1097 505 1158 declamationes
526 1098 670 1158 fluctuum
691 1099 859 1180 fragoribus
881 1099 1101 1162 obluctantibus

136 1181 253 1240 edebat.
297 1182 393 1242 fertur
422 1201 539 1259 quoque
567 1184 612 1242 ori
632 1183 754 1253 insertis
776 1185 896 1245 calculis
917 1186 1046 1245 multum
1068 1205 1102 1246 ac

136 1265 188 1325 diu
208 1264 292 1341 loqui
313 1267 430 1328 solitus.

198 1348 385 1428 Pythagoras
400 1351 496 1428 petita
510 1351 650 1430 Aegypto
673 1353 782 1414 litteris
803 1354 903 1431 gentis
918 1355 981 1414 eius
996 1355 1101 1414 adsua-
1119 1363 1135 1411 2

136 1432 251 1510 factus,
285 1436 355 1495 inde
383 1436 420 1495 ad
449 1435 556 1496 Persas
584 1437 735 1513 profectus
763 1456 918 1515 magorum
945 1439 1125 1514 prudentia.

98 1529 124 1572 15
137 1517 301 1593 formatus,
331 1518 451 1580 Cretam
480 1523 510 1580 et
532 1521 755 1581 Lacedaemona
781 1523 951 1599 nauigauIt,
976 1542 1102 1598 quarum

136 1603 269 1663 moribus
297 1606 329 1664 et
354 1605 472 1682 legibus
500 1606 644 1681 inspectIe
672 1606 709 1664 ad
733 1604 924 1682 Olympicum
952 1609 1102 1668 certamen

14 1683 18 1690 '
136 1685 302 1748 deseendit.
347 1707 473 1765 cumque
502 1689 677 1766 multiplicis
707 1691 849 1750 scientiae
877 1693 1025 1767 specimen
1054 1712 1101 1752 ex-

135 1772 296 1848 hibuisset,
319 1773 516 1849 philosophus
537 1777 662 1834 uocatus
683 1775 807 1851 primus,
828 1775 898 1851 quie
913 1776 972 1836 iam
988 1779 1102 1852 septem

137 1857 287 1933 sapientes
309 1858 493 1934 dicebantur,
516 1858 636 1918 Italiam
658 1859 745 1935 petit.
774 1859 857 1919 cuius
879 1860 1035 1920 ardentem
1056 1880 1112 1921 ro··

96 1955 123 1996 ao
136 1961 209 2018 gum
230 1943 328 2020 plenis
350 1943 541 2004 ueneratione
564 1943 658 2003 oculis
682 1944 873 2019 Metapontus
895 1946 1028 2021 aspexit.—

200 2026 288 2086 Pleto
311 2027 440 2103 patriam
453 2027 599 2104 Athenas,
621 2031 842 2104 praeceptorem
865 2028 1019 2090 Socratem
1041 2047 1101 2090 sor·
1119 2040 1136 2088 3

133 2110 209 2170 titus
231 2111 405 2189 Aegyptum
427 2113 607 2189 peragrauit.
652 2133 670 2171 a
692 2113 895 2175 sacerdotibus
918 2115 980 2174 eius
1002 2114 1102 2192 gentis

135 2197 317 2271 geometriae
344 2197 527 2274 multiplices
553 2215 693 2259 numeros
716 2200 747 2258 et
768 2198 941 2259 caelestium
963 2198 1102 2260 obserua-

136 2280 254 2338 tionum
275 2281 422 2341 rationem
444 2283 585 2358 percepit.
619 2282 725 2342 deinde
746 2283 779 2342 in
793 2283 913 2343 Italiam
934 2287 1102 2361 transgres·
1218 2291 1223 2302 '

96 2389 122 2432 25
137 2382 202 2438 sus,
235 2367 270 2424 ut
303 2365 340 2424 ab
363 2365 496 2442 Archyta
518 2367 652 2440 Tarenti,
686 2366 845 2428 aTimaeo
872 2371 903 2428 et
930 2369 1043 2428 Arione
1071 2371 1102 2428 et

132 2447 296 2509 Echecrate
309 2450 414 2532 Locris
429 2450 619 2528 Pythagorae
641 2453 800 2527 praecepta
821 2452 977 2528 acciperet.
1006 2453 1101 2512 altero

133 2533 224 2593 etiam
246 2536 502 2612 stoctogensimo
525 2554 603 2595 anno
626 2535 772 2596 decedens
787 2535 842 2596 sub
859 2536 954 2612 eapite
971 2535 1101 2612 Sophro-

131 2617 178 2678 nis
201 2618 308 2679 mimos
330 2619 470 2680 habuisse
491 2620 598 2680 femur.

196 2701 395 2779 Democritus,
419 2723 486 2764 cum
509 2704 623 2765 diuitiis
645 2703 758 2764 censeri
773 2706 882 2781 posset,
907 2723 983 2780 quae
998 2706 1135 2765 tanta04

92 2787 270 2866 potnerunt,
303 2790 337 2847 ut
364 2791 450 2865 pater
477 2789 541 2849 eiue
561 2789 668 2849 Xerxis
696 2789 840 2849 exercitui
861 2790 983 2865 epulum
1005 2789 1098 2864 daret,

131 2890 190 2947 quo
212 2873 308 2950 magis
329 2891 423 2933 uacuo
446 2873 550 2934 animo'
566 2873 711 2948 studeret,
734 2892 828 2950 parua
849 2892 965 2934 summa
979 2876 1098 2935 retenta

198 3023 215 3071 4
239 3017 398 3074 exilitatem
417 3049 443 3058 -
456 3035 556 3074 uocem
579 3035 659 3074 suam
681 3019 873 3088 suppleac'mrce
892 3035 905 3074 e
926 3020 986 3075 Vel.
1005 3035 1056 3076 oce
1073 3025 1099 3076 et

45 3151 47 3154 ¹
133 3085 244 3150 (ἔθηκ’,
262 3102 314 3144 om.
333 3088 390 3142 cod.
409 3087 497 3142 Halm
517 3088 528 3154 ΙΙ
552 3092 568 3142 ὁ
586 3087 819 3142 exercitationem
837 3087 1021 3142 continuandi
1038 3088 1099 3150 cod.

129 3153 218 3208 Halm
239 3155 249 3223 I
275 3161 307 3210 10
324 3154 495 3209 obluctantis
516 3155 527 3223 ΙΙ
549 3159 577 3208 11
599 3171 647 3210 ore
664 3157 674 3224 ΙΙ
695 3161 725 3208 12
744 3172 783 3209 ara
796 3161 860 3224 poet
877 3156 975 3210 solitus
994 3155 1099 3210 excidit

130 3235 187 3289 quo
205 3237 326 3278 uacuum
344 3223 418 3276 esset
434 3223 569 3276 solutius?
583 3223 593 3291 ΙΙ
607 3228 638 3276 15
656 3222 921 3278 lacredaemoniam
934 3223 991 3280 cod.
1002 3223 1098 3288 Halm,

130 3289 206 3358 quod
224 3290 371 3344 cmeodcua'
382 3290 393 3358 ΙΙ
406 3294 438 3343 21
457 3289 592 3344 Socraten
610 3290 697 3345 Halm
710 3291 720 3358 l
733 3295 765 3344 22
784 3307 823 3345 aa
840 3292 1006 3362 peragrarit
1023 3293 1070 3346 et?
1084 3294 1094 3360 ΙΙ

128 3357 221 3426 gentis
239 3371 290 3416 om.
308 3357 372 3412 Mai
388 3359 399 3426 ΙΙ
415 3363 448 3411 24
466 3360 655 3426 transgressus
685 3358 808 3416 addend.
825 3359 885 3418 reid.
904 3360 947 3413 est
963 3361 973 3429 ΙΙ
991 3365 1024 3414 25
1042 3359 1096 3413 Ta-

128 3425 202 3479 renti
219 3440 270 3480 nos
287 3441 301 3480 c
322 3423 397 3502 Vct,
410 3425 552 3479 tarentino
571 3425 630 3480 cod.
679 3426 757 3548 almi!
770 3431 803 3480 27
822 3427 992 3496 octogesimo
1009 3444 1044 3485 m.
1056 3429 1076 3482 2
1089 3427 1097 3496 ll

92 3507 93 3512 ¹
128 3499 161 3547 30
184 3492 283 3548 Xerxis
306 3493 442 3548 exerertui
467 3509 481 3547 e
501 3491 562 3548 Vol.
587 3491 698 3564 cenat,
753 3493 812 3548 erxi
836 3495 865 3550 et
883 3495 1018 3551 exercitui
1035 3495 1094 3552 cod.

127 3559 225 3630 Halm,
243 3561 309 3622 add.
328 3561 387 3616 eius
404 3576 490 3633 marg.
508 3560 567 3617 eod.
