2550 3958
346 175 425 234 ela.
442 175 468 246 1,
486 175 549 230 uxr.
570 180 673 240 sa-r.
702 176 742 244 Π,
759 181 811 243 cr.
993 182 1056 248 427

311 366 374 431 ·11.
410 363 468 432 DL
490 363 808 433 CRVDELITATE.

151 487 241 552 Haec
268 487 405 552 societas
433 486 588 550 uitiorum
615 486 729 551 lasciui
758 486 868 552 uultus
898 492 930 552 et
951 510 1055 553 nouae

6 575 8 586 '
81 572 258 656 cupiditati
286 571 522 635 inhaerentium
550 571 715 636 oculorum
742 592 780 636 ac
808 571 943 636 delicato
966 574 1055 637 cultu

6 719 9 726 ,
82 657 250 722 affluentis
265 677 385 740 perque
396 656 502 720 uarios
517 655 750 722 inlecebrarum
766 660 873 722 metus
889 657 1056 721 uolitantis

5 751 10 812 ζ
82 742 203 806 animi:
226 741 425 806 crudelitatis
446 762 523 805 uero
539 741 689 804 horridus
704 740 834 806 habitus
841 791 850 826 ,
872 742 1081 806 truculentas

5 835 9 844 '
80 827 224 910 species,
249 826 384 890 uiolenti
406 826 554 910 spiritus,
585 847 647 889 uox
668 827 840 903 terribilis,
865 827 975 891 omnia
997 826 1055 890 rni-

79 912 135 975 nis
158 916 191 976 et
216 912 358 976 cruentis
387 910 531 994 imperiis
553 909 680 974 referta.
729 912 780 975 cui
812 911 978 977 silentium
1001 911 1056 976 do·

5 1063 6 1068 ,
81 1017 163 1060 nare
186 999 384 1060 crementum
412 999 461 1060 est
488 994 629 1059 adicere:
657 996 772 1060 etenim
802 1017 897 1078 quem
926 996 1055 1060 modum

82 1080 147 1144 sibi
170 1081 242 1165 ipsa
264 1083 399 1161 statuet,
422 1079 450 1142 si
472 1100 514 1143 ne
537 1079 775 1163 suggillationis
798 1082 927 1164 quidem
950 1081 1051 1146 frenis

4 1167 6 1184 ⁶
82 1165 184 1229 fuerit
206 1164 378 1230 reuocata?
417 1163 457 1226 ad
480 1184 654 1248 summam,
682 1185 754 1230 cum
777 1186 876 1249 penes
899 1166 989 1230 illam
1012 1166 1054 1230 sit
1068 1185 1093 1226 10

3 1325 4 1328 Ἴ
83 1249 209 1333 timeri,
232 1270 330 1333 penes
352 1269 412 1312 nos
435 1248 479 1313 sit
499 1248 614 1315 odisse.

152 1337 179 1397 l.
212 1333 248 1397 L.
272 1333 376 1412 Sulla,
406 1353 501 1415 quem
523 1353 628 1416 neque
650 1333 780 1398 laudare
803 1355 908 1419 neque
929 1337 1054 1419 uitupe-

83 1438 156 1482 rare
172 1417 343 1501 quisquam
366 1417 446 1481 satis
462 1418 559 1502 digne
581 1421 697 1501 potest,
722 1419 807 1503 quia,
830 1419 906 1482 dum
928 1421 1055 1502 quaerit

84 1502 248 1584 uictorias,
272 1501 456 1584 Scipionem
473 1502 536 1584 [se]
558 1502 679 1585 populo
694 1500 853 1585 Romano,
876 1504 952 1568 dum
967 1525 1054 1568 exer·
1132 1575 1134 1580 ,

2 1595 3 1614 ’
85 1590 145 1670 eet,
168 1585 387 1650 Hannibalem
408 1587 673 1683 repraesentauit,
699 1624 736 1633 -
761 1588 889 1672 egregie
914 1609 1054 1671 namque
1069 1607 1094 1647 rs

1 1663 3 1700 ³
85 1672 278 1736 auctoritate
293 1669 474 1734 nobilitans
490 1670 623 1736 defensa
639 1670 810 1735 crudeliter
824 1675 926 1736 totam
942 1673 1054 1737 urbem

1 1835 2 1838 ‘
84 1755 584 1924 ltulnluttlldtdttss
595 1755 1054 1925 ⁰llg¹1¹t22¹tlllldl¹¹dssz
1105 1877 1108 1884 .

1 1949 2 2008 j
84 1927 127 1990 tis
160 1925 257 1991 fidem
290 1947 381 1990 suam
414 1929 541 1990 secutas
568 1925 602 1988 in
629 1924 758 2008 publica
787 1925 881 2010 uilla,
916 1927 1055 2010 quaein

1 2023 2 2026 ’
86 2011 204 2075 Martio
227 2031 340 2095 campo
364 2012 443 2090 erat,
466 2009 661 2094 nequiquam
683 2010 808 2076 fallacis
824 2011 972 2076 dexterae
995 2010 1052 2074 mi·
1066 2031 1092 2070 20

86 2095 293 2160 sericordiam
321 2095 522 2179 inplorantes
553 2096 739 2160 obtruncari
768 2096 868 2160 iussit.
915 2117 1053 2181 quarum

85 2179 309 2243 lamentabiles
331 2179 503 2263 quiritatus
524 2180 668 2264 trepidae
690 2180 832 2246 ciuitatis
854 2202 946 2246 aures
967 2202 1054 2246 rece-

86 2267 221 2348 perunt,
241 2264 381 2329 lacerata
394 2264 481 2327 ferro
500 2284 635 2349 corpora
650 2264 776 2329 Tiberis
791 2266 954 2349 inpatiens
969 2265 1053 2330 tanti

86 2349 192 2412 oneris
214 2348 388 2412 cruentatis
411 2347 502 2432 aquis
524 2347 643 2413 uehere
665 2352 714 2414 est
736 2354 877 2415 coactus.
915 2369 939 2414 v
961 2351 1051 2414 milia

86 2432 368 2497 Praenestinorum
395 2453 452 2515 spe
479 2432 592 2498 salutis
623 2454 682 2516 per
710 2433 745 2499 P.
769 2433 950 2519 Cethegum
975 2436 1052 2499 deta
1066 2453 1092 2493 aa

154 2623 168 2670 1
186 2617 301 2672 titulum
312 2617 411 2671 habeut
422 2630 515 2670 omues
526 2617 605 2674 codd.
617 2621 683 2671 aute
695 2616 871 2671 crudelitatis
884 2620 894 2686 ΙΙ
906 2618 1051 2672 defflueus

86 2686 170 2750 Μ,
187 2684 252 2751 fort.
271 2683 426 2738 diffluentis
445 2683 528 2738 Gertz
542 2700 571 2751 p.
589 2687 650 2750 296,
670 2691 748 2749 recte,
767 2686 801 2738 ui
816 2685 910 2751 fallor.
935 2686 970 2751 cf.
991 2685 1052 2742 Ter.

86 2753 190 2810 Heaut.
212 2751 239 2806 V
254 2761 283 2819 1,
300 2755 338 2808 72
358 2754 368 2822 l
388 2751 540 2805 uolitantes
558 2753 629 2805 LA¹
650 2753 661 2821 ΙΙ
682 2758 697 2806 6
721 2753 859 2806 uiolenti*
877 2754 904 2807 L
924 2754 935 2822 ΙΙ
959 2754 1054 2807 omnia

86 2821 167 2874 minis
193 2819 234 2886 L,
262 2819 338 2874 omni
364 2819 465 2873 animis
493 2820 546 2885 Αἱ,
573 2820 668 2874 omnia
693 2819 786 2873 nimiis
814 2822 865 2886 A²‚
894 2837 944 2875 ora
970 2821 1053 2874 minis

86 2889 205 2957 Pighius
233 2889 327 2942 ruod.
360 2887 516 2954 (lampone,
548 2887 658 2940 lumina
687 2888 771 2942 minis
799 2888 882 2943 Gerre
910 2890 928 2946 l,
951 2903 987 2954 a,
1015 2904 1054 2942 uu

87 2955 180 3012 omnia
197 2954 327 3010 dolend?
351 2957 362 3024 l
382 2961 399 3008 8
422 2959 470 3009 eni
493 2955 547 3023 que
565 2955 592 3008 L
610 2960 637 3009 ct
652 2956 693 3010 sic
708 2958 768 3011 sure
790 2957 878 3026 siquis
899 2956 1053 3034 transposi-

86 3023 170 3079 tiouia
182 3022 233 3088 ΑΙ,
253 3021 302 3076 eni
321 3038 390 3076 uero
408 3024 462 3089 que
474 3024 528 3089 A²‚
545 3028 578 3076 ut
589 3038 639 3077 uos
657 3023 722 3079 dett.
737 3024 843 3091 aliquot
855 3025 865 3092 l
878 3031 893 3078 9
912 3023 999 3078 frenrt
1017 3023 1051 3085 L,

87 3089 183 3146 fremit
199 3089 238 3142 Α1
259 3091 269 3159 ΙΙ
287 3096 319 3145 10
336 3105 441 3172 paenas
465 3091 527 3159 (bis)
551 3091 578 3144 L
600 3091 610 3160 ΙΙ
632 3091 753 3146 aitimeri
770 3108 857 3160 panes
880 3094 916 3146 Α1
940 3093 950 3160 l
973 3097 1005 3144 14
1023 3107 1052 3145 se

88 3157 194 3215 delurd.
212 3173 269 3212 eece
285 3158 362 3212 aiau
379 3158 503 3228 Muduiq
519 3159 561 3212 II
574 3161 625 3213 333
642 3160 701 3217 ooli.
720 3175 742 3214 c.
755 3163 789 3212 11
807 3165 861 3214 eat.
879 3163 905 3225 4,
922 3163 1053 3214 uecrecte

87 3225 243 3294 obloquitur
253 3224 341 3280 Halm
358 3227 390 3280 iu
402 3225 536 3282 Flecteris.
549 3230 699 3285 uuu.1874
712 3243 742 3296 p.
754 3230 807 3281 404
819 3228 829 3295 ss
842 3228 965 3296 exercet]
985 3227 1052 3281 odd.

87 3296 105 3350 f.
124 3293 226 3367 equitii
244 3308 339 3363 margo
357 3293 384 3347 A
406 3295 415 3362 ΙΙ
439 3299 470 3350 18
488 3294 609 3364 legionis
626 3295 665 3347 ΑΙ
686 3297 696 3364 ΙΙ
719 3301 750 3348 19
775 3295 896 3363 quaein
914 3296 954 3358 A,
998 3311 1052 3348 uae

86 3363 180 3417 iuncta
196 3364 281 3428 Pau,
300 3362 373 3431 quod
390 3377 488 3416 uerum
506 3363 566 3420 aad.
584 3361 699 3416 Halmio
704 3382 715 3427 ;
733 3367 764 3416 ut
782 3379 809 3416 u.
828 3363 895 3416 Liu.
914 3363 974 3416 III
1006 3365 1052 3428 22,

87 3435 111 3496 7,
128 3431 233 3486 Becker
250 3431 331 3486 Rom.
350 3429 409 3482 Art.
429 3430 451 3482 I
464 3433 527 3498 624,
544 3446 592 3488 uu.
611 3445 683 3498 quae
696 3459 726 3468 -
737 3433 799 3483 erat
816 3430 933 3500 placeam
946 3435 1054 3498 putaui

89 3499 205 3564 Lipsius
223 3503 248 3554 et
266 3497 434 3553 Periaouius
454 3499 464 3566 ΙΙ
485 3504 517 3550 22
540 3496 704 3567 quiritatus]
726 3498 794 3551 add.
818 3500 934 3566 questus
957 3512 1053 3568 murce

88 3567 180 3634 Aliud
198 3566 419 3635 honeriaL¹lli
437 3565 626 3634 miliaA1125
645 3581 723 3635 spem
741 3565 823 3620 L¹A¹
