2550 3958
190 129 255 192 426
588 124 654 184 ma.
673 123 760 178 vnn.

192 279 309 342 eximia
324 299 361 342 eo
377 299 477 361 usque
492 276 617 340 luxuria
631 278 789 362 gaudens,
813 283 850 341 ut
865 277 970 342 edicto
986 280 1176 360 praemium

192 365 222 426 ei
244 367 449 446 proponeret,
473 362 528 445 qui
544 383 666 460 ¹¹⁰.¹¹l¹.m
686 363 874 460 uoluptatis
885 383 988 447 genus
1003 365 1174 461 repperis:
1259 386 1261 468 y

193 452 252 545 set,
277 451 407 546 quanta,
431 447 507 510 dum
529 447 651 578 clepens
673 469 782 512 nimus
805 451 946 530 capitur,
970 448 1174 531 cmphssrmi
1260 547 1261 556 ἵ

167 536 642 700 clmpcllllliiliiihriimglioque
658 615 770 700 Syriae
792 638 848 680 rex
870 615 973 680 nihilo
990 619 1173 682 continen-

192 703 284 767 tioris
307 703 454 786 exempli.
500 701 589 766 cuius
612 722 741 764 caecam
763 705 796 766 et
817 705 977 765 amentem
1000 701 1170 766 luxuriam
1252 713 1262 1206 y

193 788 353 850 exercitus
385 788 531 850 imitatus
563 807 681 869 magna
714 807 753 850 ex
786 790 878 870 parte
909 807 1024 850 aureos
1055 787 1170 852 clauos

195 871 333 955 crepidis
356 872 518 935 subiectos
539 869 655 934 habuit
670 875 889 954 argenteaque
910 892 989 934 uasa
1003 871 1045 934 ad
1071 893 1169 936 usum

193 957 318 1020 culinae
341 955 532 1039 conparauit
561 958 594 1018 et
621 955 828 1020 tabernacula
855 955 1024 1020 textilibus
1047 956 1169 1040 sigillis

156 1061 181 1101 ro
194 1041 349 1105 adornata
370 1040 497 1116 statuit,
521 1060 619 1103 auaro
642 1041 751 1124 potius
767 1040 852 1117 hosti
874 1039 993 1123 praeda
1008 1041 1168 1122 optabilis

194 1147 290 1208 quam
312 1123 378 1186 ulla
400 1124 440 1187 ad
462 1123 656 1188 uincendum
680 1129 810 1189 strenuo
833 1145 932 1188 mora.

254 1209 284 1272 5.
317 1206 402 1271 Nam
434 1208 639 1273 Ptolomaeus
667 1230 723 1273 rex
752 1209 891 1274 accessio
914 1208 1069 1272 uitiorum
1094 1230 1168 1272 suo·

191 1315 263 1356 rum
296 1293 379 1356 uixit
406 1292 539 1378 ideoque
567 1293 716 1376 Physcon
745 1296 925 1378 appellatus
954 1296 1011 1356 est.
1071 1294 1167 1358 cuius

192 1378 341 1462 nequitia
356 1379 433 1461 quid
455 1377 614 1462 nequius?
644 1399 784 1443 sororem
806 1383 885 1442 natu
907 1379 1061 1442 maiorem
1079 1400 1168 1442 com-

153 1483 179 1524 15
192 1464 282 1527 muni
304 1463 397 1527 fratri
419 1469 555 1547 nuptam
577 1463 637 1527 sibi
659 1463 781 1528 nubere
809 1463 925 1548 coegit.
973 1466 1091 1545 postea
1114 1464 1167 1527 de-

191 1549 267 1612 inde
294 1547 361 1612 lilia
389 1549 456 1612 eius
485 1570 542 1632 per
568 1548 635 1610 uim
663 1551 808 1632 stuprata
836 1549 938 1631 ipsam
961 1547 1103 1629 dimisit,
1128 1551 1167 1612 ut

193 1653 331 1697 uacuum
354 1634 459 1697 locum
481 1633 605 1716 nuptiis
627 1633 752 1715 puellae
774 1633 905 1700 faceret.

249 1717 277 1782 6.
291 1717 534 1783 Consentaneus
541 1717 641 1800 igitur
650 1717 778 1802 regibus
790 1719 856 1782 suis
863 1717 968 1802 gentis
977 1716 1166 1800 Aegyptiae

168 1829 169 1832 ¹
191 1803 347 1885 populus,
374 1803 429 1885 qui
453 1803 550 1866 ductu
574 1801 722 1865 Archelai
744 1802 897 1866 aduersus
918 1803 959 1864 A.
982 1801 1164 1865 Gabinium

153 1906 180 1946 ro
193 1887 360 1950 moenibus
387 1885 476 1950 urbis
508 1907 667 1972 egressuS,
702 1908 775 1951 cum
808 1889 913 1950 castra
941 1884 1028 1949 uallo
1063 1889 1163 1970 atquc

191 1970 279 2034 fossa
308 1971 437 2055 cingere
465 1971 644 2049 iuberetur,
681 1971 850 2035 uniuersus
883 1971 1098 2034 succlamauit
1128 1974 1165 2034 ut

191 2054 225 2117 id
248 2075 326 2137 opus
348 2054 479 2137 publica
500 2055 636 2137 pecunia
658 2055 840 2119 faciendum
868 2057 1034 2120 locaretur.
1082 2076 1161 2138 qua·

191 2141 325 2221 propter
340 2138 461 2202 deliciis
484 2141 549 2201 tam
566 2161 698 2204 enerues
720 2141 820 2204 animi
834 2140 985 2223 spiritum
1000 2143 1163 2204 exercitus

192 2223 294 2286 nostri
316 2223 474 2286 sustinere
496 2245 562 2287 non
583 2228 768 2307 potuerunt.

154 2325 179 2366 rs
256 2308 285 2371 7.
310 2305 371 2370 Sed
394 2311 502 2371 tamen
526 2309 738 2373 effeminatior
759 2309 931 2373 multitudo
955 2307 1161 2392 Cypriorum,

192 2392 390 2542 lllttlt:
411 2393 670 2561 ttfflltfit?
680 2393 1162 2563 llllglbtltllcllllt

391 2525 399 2558 l

193 2582 302 2626 currus
330 2564 541 2627 conscendere
569 2584 669 2646 aequo
698 2563 805 2627 animo
827 2563 1042 2626 sustinebant:
1082 2563 1161 2626 uiris

192 2647 288 2731 enim,
311 2648 338 2711 si
353 2648 448 2712 modo
462 2647 525 2712 uiri
541 2652 641 2726 erant,
663 2647 731 2711 uita
747 2669 853 2712 carere
870 2667 966 2731 quom
987 2649 1055 2710 tam
1079 2647 1157 2711 deli-

154 2752 179 2792 ro
194 2735 265 2797 cato
286 2733 421 2816 imperio
445 2737 665 2816 optemperare
688 2734 788 2797 satius
810 2733 881 2796 fuit.

262 2841 275 2888 1
295 2835 402 2914 eximia¹
415 2835 483 2900 LA,
503 2834 532 2912 et
548 2833 637 2911 nimia
658 2833 776 2911 Wenslcy
794 2837 864 2911 1884
878 2849 907 2900 p.
925 2835 993 2899 792,
1011 2832 1105 2910 aecem
1123 2849 1163 2888 an

191 2902 580 3039 All'AslthtemAh
593 2901 646 3036 til
660 2899 998 3037 tttltutttttltt
1011 2899 1161 3037 ratur

194 3045 224 3091 12
251 3039 311 3093 Iam
334 3038 391 3105 (sed
409 3038 421 3091 I
444 3038 476 3092 in
497 3040 564 3101 ras.)
588 3036 615 3088 A
636 3036 645 3104 ΙΙ
666 3037 846 3104 ptholomeus
864 3038 915 3105 Αἱ,
942 3035 1105 3114 ptolemeus
1122 3037 1159 3103 L,

192 3106 433 3182 ptholemeusUAh
452 3105 629 3182 ptolemaeus
642 3107 680 3171 (l)
692 3105 761 3158 Par.
773 3121 800 3157 u.
814 3105 861 3158 ad.
879 3121 908 3172 p.
920 3107 962 3169 49,
980 3104 1021 3171 811
1036 3109 1066 3156 13
1080 3103 1160 3158 ideo·

193 3190 247 3241 quc
270 3174 342 3239 LA,
369 3173 418 3227 ule
444 3173 490 3227 uel
510 3173 534 3226 is
557 3188 605 3240 qur
631 3170 714 3226 Gertz
735 3175 849 3239 12294,
876 3177 906 3225 ot
931 3189 959 3228 a.
986 3170 1074 3224 Diod.
1103 3188 1160 3227 cac.

191 3245 251 3308 597,
268 3244 304 3296 32
316 3243 326 3310 11
338 3241 564 3320 phynycon'cori.
586 3237 649 3318 Vnt.
667 3239 750 3303 Par„
773 3240 875 3318 phiton
892 3239 965 3304 LA,
986 3255 1014 3296 u.
1033 3238 1160 3306 physcon

192 3323 286 3431 clo
305 3309 427 3430 otc
445 3307 760 3443 clllycngal
783 3306 1159 3442 cclcc-rhun

193 3444 273 3507 (corr.
291 3393 402 3516 uempa‘c
419 3393 474 3495 rai
493 3444 520 3494 A
532 3444 542 3510 ΙΙ
556 3440 792 3518 spmlsexercitus
810 3443 838 3518 A
858 3443 868 3508 ΙΙ
890 3447 922 3495 25
940 3441 1098 3510 cypriorum
1121 3442 1160 3494 A¹

195 3508 206 3570 ll
226 3511 259 3558 26
277 3521 368 3558 remae
386 3508 424 3558 A¹
443 3508 453 3574 ΙΙ
470 3508 556 3560 uelud
574 3508 611 3562 Α1
626 3510 681 3576 1127
698 3509 842 3561 instructis
860 3508 929 3568 Par.
943 3509 999 3576 1129
1017 3523 1103 3573 quem
1120 3509 1158 3562 Αί
