2606 3958
105 195 110 204 ,
190 140 266 197 ele.
280 139 359 208 vm,
381 145 432 208 §a
456 139 860 208 LIB.V111.0AP.1‚Abs01.
883 147 986 208 cr-a.
1009 113 1012 116 ’
1038 143 1099 209 361

134 296 248 362 rostris
270 292 477 360 uehementer
499 293 734 376 increparetur,
764 294 848 378 quad
872 295 1098 361 Lusitanorum

134 401 289 464 magnam
312 400 443 442 manum
461 377 653 461 interposita
668 378 731 443 fide
751 388 879 462 praetor
892 381 927 444 in
943 379 1099 464 Hispania

134 464 361 546 interemisset,
384 462 566 546 actionique
589 463 778 528 tribuniciae
801 463 844 529 M.
862 463 943 529 Cato
967 466 1097 530 ultimae

134 549 308 616 senectutis
336 547 481 612 oratione
509 569 581 629 sua,
615 569 711 631 quam
737 549 772 612 in
800 545 949 633 Origines
977 550 1096 635 retulit,

133 636 334 714 suscriberet,
358 653 430 696 reus
454 652 511 715 pro
533 653 567 696 se
590 633 653 696 iam
670 633 752 697 nihil
774 655 923 698 recusans
945 635 1123 717 paruuloss

132 721 252 786 liberos
267 739 342 783 suos
365 721 397 780 et
414 717 499 780 Galli
513 718 671 801 sanguine
687 718 749 782 sibi
764 716 971 782 coniunctum
994 719 1096 783 filium

131 805 212 870 flens
235 801 455 868 'conmendare
484 802 591 886 coepit
619 823 719 886 eoque
742 802 828 868 facto
851 803 1001 887 mitigata
1025 825 1096 868 con·

131 890 219 955 tione
252 888 307 972 qui
338 886 481 951 omniurn
515 907 672 951 consensu
705 888 866 971 periturus
899 891 968 952 crat
994 910 1096 971 paene

131 974 255 1040 nullum
279 973 370 1036 triste
393 971 580 1056 suffragium
603 971 724 1039 habuit.
774 972 989 1037 misericordia
1019 994 1095 1057 ergo

130 1059 220 1123 illam
235 1057 465 1140 quaestionem,
488 1077 555 1119 non
571 1056 715 1139 aequitas
730 1057 821 1136 rexit,
845 1057 997 1141 quoniam
1012 1079 1094 1142 quae
1109 1077 1133 1116 ιο

130 1142 335 1208 innocentiae
351 1141 448 1204 tribui
464 1141 629 1225 nequierat
644 1140 819 1225 absolutio,
842 1143 1003 1226 respectui
1018 1164 1094 1227 pue·

130 1249 240 1294 rorum
263 1226 337 1291 dala
359 1230 417 1290 est.

193 1313 223 1376 3.
255 1310 515 1376 Consentaneum
549 1309 634 1392 quod
663 1310 815 1393 sequitur.
871 1313 909 1375 A.
938 1311 1094 1376 Gabinius

129 1398 163 1462 in
192 1395 330 1460 maximo
361 1393 512 1458 infamiae
546 1415 621 1458 suae
650 1395 763 1459 ardore
791 1395 954 1480 suffragiis
983 1396 1093 1479 populi

131 1483 164 1548 0.
188 1479 341 1544 Memmio
363 1481 546 1544 accusatore
568 1478 728 1543 subiectus
751 1479 906 1562 abruptae
933 1501 1001 1544 esse
1024 1482 1092 1564 spei
1107 1498 1131 1538 1⁵

127 1564 310 1643 uidebatur,
343 1563 494 1648 quoniam
525 1566 557 1626 et
585 1563 746 1628 accusatio
775 1568 882 1646 partes
904 1585 977 1628 suas
1000 1565 1094 1647 plene

127 1649 299 1716 exhibebat
315 1651 348 1713 et
369 1647 565 1712 defensionis
581 1648 740 1731 praesidia
762 1647 906 1712 inualida
928 1649 990 1712 fide
1012 1649 1093 1713 nite·

12 1761 13 1766 ¹
127 1737 246 1800 bantur
261 1737 293 1799 et
314 1733 371 1817 qui
385 1731 572 1797 iudicabant
594 1733 641 1796 ira
662 1732 778 1816 perciti
794 1754 931 1815 poenam
954 1732 1093 1798 hominis

128 1820 242 1905 cupide
258 1817 460 1902 expetebant.
499 1817 601 1900 igitur
616 1819 722 1881 uiator
737 1822 769 1882 et
790 1839 898 1882 carcer
919 1821 994 1882 ante
1018 1839 1092 1883 ocu·

126 1906 174 1970 los
190 1902 454 1986 obuersabantur‚
478 1924 550 1968 curn
572 1902 702 1968 interim
718 1903 826 1967 omnia
848 1903 910 1966 ista
932 1902 1090 1987 propitiae
1105 1920 1131 1961 2⁰

125 1991 275 2054 fortunae
312 1990 498 2053 interuentu
533 1987 676 2071 dispulsa
709 1991 801 2052 sunt:
837 1987 922 2051 filius
954 2009 1092 2071 namque

127 2073 257 2140 Gabinii
279 2072 415 2138 Sisenna
435 2073 705 2139 consternationis
728 2073 858 2156 inpulsu
879 2072 918 2136 atl
940 2073 1036 2156 pedes
1058 2094 1091 2137 se

126 2158 270 2224 Memmii
293 2158 427 2245 supplex
449 2158 641 2242 prostrauit,
664 2158 739 2222 inde
762 2157 890 2241 aliquod
913 2157 1092 2223 fomentum

124 2243 283 2329 procellae
315 2247 444 2326 petens,
478 2242 561 2306 unde
595 2247 683 2308 totus
722 2243 860 2325 impetus
893 2244 1092 2326 tempestatis

31 2398 34 2404 ,
125 2330 285 2414 eruperat.
322 2348 415 2411 quem
438 2328 520 2392 truci
542 2327 634 2392 uultu
655 2351 675 2392 a
697 2348 730 2391 se
754 2327 859 2392 uictor
880 2327 1022 2392 insolens
1044 2350 1091 2392 re·
1105 2343 1130 2384 2⁵

124 2414 252 2499 pulsum
275 2412 448 2476 excussos
470 2433 566 2476 manu
582 2412 678 2476 anulo
702 2412 791 2475 humi
813 2412 915 2476 iacere
938 2412 1090 2497 aliquam·

125 2500 178 2566 diu
201 2519 312 2583 passus
339 2499 395 2564 est.
445 2497 530 2581 quod
558 2496 777 2580 spectaculum
804 2496 882 2560 fecit
904 2500 942 2559 ut
964 2496 1089 2560 Laelius

195 2725 204 2772 1
225 2719 326 2772 nostris
345 2718 412 2770 LA¹
426 2718 464 2785 112
482 2714 611 2784 hispania
628 2716 761 2835 L¹A¹plt
780 2716 888 2783 origine
908 2715 1090 2783 1121116111-

123 2787 157 2840 lit
174 2788 212 2840 A²
230 2787 346 2907 Hulmlp
366 2791 382 2838 t
400 2783 591 2839 subscriberet
611 2783 694 2840 Par.¹

123 2854 209 2908 Halm
222 2871 236 2908 c
249 2854 306 2911 Orc.
348 2858 403 2909 rut.
416 2855 460 2916 23,
473 2852 530 2918 891
544 2858 558 2904 7
576 2851 658 2920 flens]
671 2850 738 2909 add.
750 2852 881 2929 populove
893 2852 963 2905 Par.
979 2850 1088 2915 (serrat,

123 2938 162 2976 aa
179 2921 283 2975 eccidit
306 2920 409 2999 populo
434 2923 500 2973 cate
523 2918 676 2986 paruulos?
696 2920 706 2987 11
728 2925 743 2973 9
767 2918 960 2973 mrsencordia
981 2918 1062 2971 L¹A¹
1075 2919 1085 2985 11

79 3045 83 3050 ,
125 2995 154 3043 11
174 2989 314 3057 respectm
340 2997 360 3055 11
379 3004 412 3041 ea
432 3003 446 3041 a
466 2989 546 3052 corr.)
569 2988 596 3040 L
620 2992 644 3042 ct
667 2988 721 3042 litt.
741 3002 784 3039 res
808 2987 839 3041 ia
861 2987 961 3041 raa-A
978 2987 987 3054 11
1008 2990 1038 3039 15
1058 2984 1085 3039 C.

122 3058 160 3111 A²
178 3057 262 3124 Pac,
285 3069 336 3108 om,
354 3055 423 3108 LA¹
445 3055 455 3123 11
477 3056 652 3131 accussatorc
670 3055 708 3108 L¹
721 3055 731 3123 11
747 3059 776 3108 18
794 3053 896 3123 perciti
914 3055 978 3108 dett.
998 3053 1087 3120 multi,

122 3123 254 3203 percipiti
276 3123 372 3186 L¹A¹‚
391 3123 541 3202 praecipiti
562 3123 719 3202 ΠΑΨΓ.
748 3122 1021 3202 ε2112221121119
1040 3137 1087 3199 cu·

17 3223 27 3242 ⁵
121 3188 1088 3330 1111112112211111111111111111

122 3334 147 3383 et
163 3333 203 3384 cic
220 3327 273 3393 A¹‚
292 3327 429 3393 memmis,
446 3331 481 3405 ut
496 3327 566 3393 uia,
585 3327 634 3390 aed
651 3343 664 3380 s
682 3341 752 3381 eras.
772 3326 824 3390 A²‚
843 3325 959 3403 Memmi
975 3325 1063 3402 Halos
1075 3325 1084 3392 11

122 3396 221 3476 suplex
239 3394 297 3449 LA
322 3396 332 3462 11
359 3401 392 3448 25
410 3398 523 3448 trucis*
540 3394 568 3447 A
588 3395 598 3462 11
621 3399 653 3448 26
677 3393 770 3472 facere
789 3394 870 3472 L¹A¹
892 3394 901 3462 11
920 3393 1019 3514 aqulua
1034 3391 1083 3446 dm

18 3565 46 3604 b
121 3465 293 3585 ffizdfflerac.
313 3469 338 3517 et
356 3479 377 3518 a.
397 3463 415 3516 l.
435 3463 501 3517 adel.
522 3480 556 3516 m.
568 3466 588 3517 2
601 3463 634 3590 ll)
654 3462 695 3530 L,
715 3461 812 3529 allqua
830 3461 877 3516 dru
889 3463 916 3515 A
935 3501 941 3528 ‚
960 3477 1086 3529 arquan-

743 2783 799 2837 alm
817 2784 826 2850 11
848 2788 862 2834 6
881 2782 945 2848 fort.
966 2783 994 2840 U.
1015 2781 1089 2836 Galli
