2562 3950
207 145 272 212 546
411 143 553 200 mauu.
580 141 982 210 cnc.1,1.2.csr.a,1.2.
1062 207 1070 220 ⁸

506 447 636 512 creua
663 426 890 514 succinus

303 608 358 668 Dlil
380 605 573 669 FORTVNA
595 602 864 666 CONSTANTER
884 602 1088 678 PROPITIA,

159 729 210 796 1,1
278 727 313 798 Q.
330 727 469 788 Metellus
491 744 509 784 a
529 725 624 800 primo
647 723 696 784 die
718 723 844 802 originis
866 723 903 783 ad
924 723 1066 784 ultimum
1087 743 1191 802 usque

214 812 272 872 fati
286 816 408 887 tempus
423 810 462 872 ad
477 827 627 869 summum
642 808 747 868 beatae
762 809 843 868 uitae
858 809 996 869 columen
1010 809 1189 885 perductae,

215 897 379 957 consularis
402 897 433 955 et
446 893 646 969 triumphalis,
669 895 811 969 quattuor
825 893 955 953 filiorum
970 897 1066 970 petar,
1087 895 1190 954 trium
1203 907 1216 948 5

215 980 435 1056 consularium,
463 996 522 1038 uno
545 977 636 1038 etiam
659 979 792 1038 censorio
816 981 846 1038 et
866 978 1057 1054 triumphali,
1082 981 1190 1054 quarti

213 1065 373 1143 praetorii,
403 1064 476 1124 item
503 1063 595 1122 trium
622 1061 752 1121 filiarum
778 1064 880 1140 pater,
913 1062 1023 1138 quibus
1051 1068 1190 1140 nuptum

214 1150 292 1210 datis
314 1149 431 1225 prolem
452 1166 554 1207 earum
576 1146 644 1207 sinu
665 1165 718 1206 suo
740 1148 911 1223 exceperat,
941 1147 1060 1206 nullum
1082 1147 1189 1222 funus,

214 1233 333 1294 nullum
355 1233 503 1311 gemitum
525 1249 631 1307 passus
653 1232 734 1291 inter
755 1233 855 1292 oscula
876 1232 936 1290 iam
957 1250 1047 1292 senex
1072 1233 1189 1309 ample-

213 1336 327 1394 xusque
357 1317 578 1378 carissimorum
606 1315 768 1392 pignorum
794 1317 956 1386 extinctus,
990 1316 1124 1375 filiorum
1153 1321 1227 1377 etro

216 1422 395 1481 generorum
418 1402 528 1462 umeris
549 1420 603 1477 per
618 1401 724 1461 urbem
744 1401 825 1461 latus
847 1419 921 1479 rogo
943 1401 1104 1477 impositus
1129 1407 1187 1462 est.

182 1495 198 1542 a
281 1487 357 1548 Cum
380 1485 479 1564 Gyges
507 1505 600 1563 regno
628 1485 742 1556 Lydiae
769 1487 860 1545 ermis
888 1490 920 1546 et
946 1485 1061 1544 diuitiis
1091 1485 1190 1546 abun·

217 1572 302 1633 danti
329 1572 451 1632 inflatus
473 1570 645 1646 Apollinem
666 1570 810 1646 Pythium
839 1570 1024 1630 sciscitatum
1049 1571 1191 1631 uenisset

217 1677 256 1718 an
277 1657 388 1733 aliquis
411 1656 582 1716 mortalium
605 1674 636 1714 se
658 1658 737 1715 esset
758 1654 883 1727 felicior,
907 1654 1037 1732 Aglaum
1058 1655 1190 1732 Psophi-

218 1742 301 1802 dium
334 1741 380 1801 illi
413 1739 566 1816 praetulit.
626 1739 653 1798 is
686 1743 750 1799 erat
783 1739 934 1799 Arcadum
963 1740 1188 1816 pauperrimus,
1204 1754 1226 1794 1⁵

217 1829 316 1886 aetate
338 1827 398 1885 iam
420 1825 520 1885 senior
542 1823 687 1884 terminos
715 1824 806 1901 agelli
835 1825 882 1883 sui
903 1843 1066 1900 numquam
1088 1844 1190 1886 excas·
1265 1821 1266 1908 ]

218 1914 308 1984 seret,
331 1910 418 1987 parui
439 1910 518 1970 ruris
541 1909 688 1969 fructibus
711 1910 879 1982 contentus,
903 1927 1007 1968 uemm
1029 1909 1128 1970 bonae
1143 1911 1190 1969 ui-

218 2000 268 2056 tae
290 1995 381 2055 finem
402 2012 464 2055 non
486 1993 696 2053 adumbratum
718 1994 890 2070 conplexus.

383 2211 612 2272 SAPIENTER
633 2210 755 2272 DICTA
777 2212 859 2272 AVT
881 2211 1025 2274 FACTA.

170 2335 216 2404 2,1
282 2331 398 2407 Appius
428 2330 568 2392 Claudius
602 2331 700 2391 dicere
728 2331 846 2391 solebat
883 2331 1039 2408 negotium
1072 2333 1187 2408 populo
1201 2347 1223 2387 rc

218 2417 352 2476 Romano
374 2416 482 2477 melius
503 2435 593 2492 quam
615 2416 710 2474 otium
727 2415 803 2475 dari:
826 2416 949 2476 uidebat
963 2417 1046 2476 enim
1059 2417 1189 2492 imperia

219 2501 383 2580 agit-atione
394 2520 494 2561 rerum
508 2502 546 2561 ad
561 2501 704 2560 uirtutem
718 2501 930 2576 capessendam
945 2500 1078 2574 excitari,
1093 2501 1188 2561 nimia
1264 2505 1265 2546 l

220 2588 319 2663 quiete
342 2587 374 2646 in
397 2586 541 2646 desidiam
563 2585 686 2645 resolui.

186 2681 202 2729 2
285 2670 385 2747 Scipio
406 2669 566 2730 Africanus
593 2673 680 2746 turpe
707 2687 771 2730 esse
799 2669 917 2732 dicebat
942 2669 975 2729 in
1002 2688 1034 2728 re
1062 2670 1187 2730 militari
1264 2719 1265 2764 1

220 2755 318 2816 dicere
334 2757 407 2815 ‘non
428 2756 555 2832 putaui',
577 2754 718 2814 uidelicet
739 2753 811 2829 quia
832 2755 988 2830 explorato
1009 2757 1041 2815 et
1061 2773 1184 2815 excusso
1196 2767 1218 2808 a
1264 2819 1265 2846 1

221 2841 345 2900 consilio
368 2858 444 2916 quea
465 2839 544 2899 ferro
565 2841 697 2916 aguntur
718 2838 845 2898 debeant
866 2838 1078 2899 administrari.
1107 2839 1186 2898 idem

220 2924 352 3002 negabat
374 2925 463 2983 aliter
485 2943 553 2984 cum
572 2924 657 2982 hoste
681 2922 802 3000 confligi
821 2923 948 3000 debere,
971 2943 1061 3000 quam
1087 2924 1113 2982 si
1136 2929 1187 2984 aut

223 3009 336 3070 occasio
359 3008 530 3069 obuenisset
552 3011 604 3068 aut
625 3009 786 3068 necessitas
808 3007 971 3068 incidisset.

290 3194 305 3242 2
325 3145 546 3244 CONSTANTE
557 3193 618 3243 m.1
631 3189 669 3256 [16
688 3189 790 3255 quarto
827 3189 939 3242 rectore
951 3188 1117 3252 codHutm,
1139 3205 1186 3244 cm.

224 3256 321 3312 Grata·
336 3259 406 3377 (pilo
423 3256 640 3311 clarissimorum
656 3257 666 3324 ss
685 3263 716 3310 13
733 3256 773 3324 ph
827 3255 884 3308 'um
900 3272 935 3309 m,
947 3260 963 3309 1
976 3258 986 3324 ΙΙ
1000 3262 1033 3310 14
1050 3271 1186 3324 agrauum

222 3323 335 3394 pisophi
357 3324 413 3377 'um
424 3325 439 3426 fl
450 3331 481 3380 le
498 3324 632 3402 contrad.
650 3323 710 3378 uid.
729 3326 758 3377 et
775 3325 882 3402 aetate,
899 3323 1010 3378 mauult
1026 3329 1121 3378 tamea
1138 3329 1187 3378 sed

223 3391 514 3526 {cristalla
529 3390 1188 3540 raulcurt}‘circumstitit
1263 3475 1264 3504 r

223 3523 282 3579 cod.
301 3523 396 3583 Halm.
423 3542 450 3581 a.
469 3526 507 3580 ad
522 3542 551 3594 p.
562 3529 625 3592 323,
637 3531 655 3580 6
667 3528 677 3594 ΙΙ
690 3526 789 3581 decere
807 3526 895 3581 Halm
913 3543 927 3582 c
944 3541 1014 3585 cccc.
1031 3525 1189 3583 Focrtactu
1263 3549 1264 3558 ¹
