2550 3958
400 171 477 227 oar.
495 172 560 239 ru,
582 173 597 234 s
617 178 689 228 1-7.
971 174 1035 240 459

59 327 174 391 animo
188 326 301 411 legens
316 326 457 410 caligine
472 326 582 391 oborta
604 330 680 391 ante
700 326 841 390 foculum
864 326 1034 410 conlapsus

60 415 208 476 mortuus
231 411 321 476 humi
343 411 453 475 iacuit.
497 432 593 494 quem
615 411 691 495 quid
714 410 801 475 aliud
816 432 912 495 qnam
933 412 1033 476 nimio

60 496 182 644 {audio
216 498 364 560 enectum
396 494 569 579 putemus?
613 517 655 559 en
686 497 738 560 cui
769 494 948 561 Numantia
976 499 1033 561 aut

97 581 235 664 arthago
258 580 458 646 excindenda
478 579 675 644 traderetur!

126 682 157 747 4.
195 681 327 747 Maioris
365 681 528 765 aliquanto
567 681 698 765 spiritus
727 681 790 745 dux
817 679 854 756 Q.
883 679 1057 762 Catulus,a

60 765 217 832 Cimbrici
249 765 406 850 triumphi
439 764 474 831 C.
521 765 625 829 Mario
666 767 827 849 particeps
868 786 887 829 a
920 767 1034 829 senatu

63 849 168 933 datus,
191 850 249 915 sed
265 852 368 915 exitus
384 849 602 914 uiolentioris:
624 871 763 934 namque
779 850 898 914 abhoc
920 848 1031 914 eodem

62 935 169 999 Mario
185 938 297 1019 postea
312 938 444 1019 propter
459 935 571 999 ciuiles
587 935 802 999 dissensiones
821 934 903 998 mori
918 935 1033 1012 iussus,

61 1020 187 1084 recenti
210 1019 297 1086 calce
318 1019 412 1083 inlito
434 1019 598 1103 multoque
613 1020 683 1102 igni
706 1018 920 1104 percalefacto
945 1018 1031 1082 cubi·

59 1104 134 1169 culo
157 1126 190 1169 se
213 1104 372 1169 inclusum
388 1104 531 1188 peremit.
570 1105 658 1168 cuius
680 1129 698 1168 a
718 1108 782 1168 tam
807 1104 876 1168 dira
895 1103 1070 1168 necessi-10

61 1191 114 1253 tas
137 1190 295 1254 maximus
317 1188 484 1253 Marianae
506 1188 630 1273 gloriae
652 1189 749 1252 rubor
771 1189 888 1253 extitit.

126 1293 156 1354 5.
180 1289 249 1365 Qua
264 1293 456 1374 tempestate
479 1290 526 1353 rei
548 1289 694 1372 publicae
717 1289 752 1357 L.
770 1310 896 1373 quoque
912 1288 1031 1355 Corne·

61 1375 124 1438 lius
147 1375 272 1439 Merula
295 1373 472 1439 consularis
495 1377 527 1437 et
548 1374 668 1438 flamen
691 1373 803 1456 Dialis,
827 1395 869 1438 ne
892 1373 1031 1436 ludibrio

60 1459 322 1523 insolentissimis
358 1458 532 1522 uictoribus
565 1462 665 1538 esset,
704 1459 738 1522 in
770 1457 859 1523 Iouis
891 1457 1030 1521 sacrario

60 1545 153 1607 uenis
179 1544 290 1607 incisis
324 1542 573 1607 contumeliosae
605 1543 717 1606 mortis
753 1542 1029 1607 denuntiationem
1044 1560 1069 1604 15

61 1627 185 1712 effugit,
209 1626 446 1711 sacerdotisque
473 1628 522 1691 sui
551 1627 709 1711 sanguine
733 1625 943 1691 uetustissimi
965 1626 1029 1690 foci

61 1712 264 1778 maduerunt,

125 1799 155 1861 6.
185 1799 269 1862 Acer
289 1797 387 1861 etiam
410 1799 443 1860 et
464 1796 627 1860 animosus
649 1795 736 1859 uitae
759 1795 863 1859 exitus
885 1791 1031 1857 Herenni

60 1881 177 1956 Siculi,
208 1903 271 1966 quo
293 1880 331 1947 C.
357 1880 521 1946 Gracchus
545 1885 577 1944 et
606 1880 751 1966 aruspice
774 1883 806 1944 et
828 1878 932 1944 amico
954 1899 1029 1942 usus

61 1966 182 2031 fuerat:
205 1989 281 2031 nam
304 1988 377 2031 cum
400 1987 438 2031 eo
461 1966 591 2030 nomine
613 1966 648 2029 in
672 1984 832 2029 carcerem
848 1964 1026 2046 duceretur,
1042 1986 1068 2025 ro

60 2054 96 2114 in
118 2055 245 2136 postem
268 2052 336 2116 eius
351 2051 448 2116 inliso
465 2051 570 2135 capite
591 2051 626 2114 in
641 2050 711 2133 ipso
726 2048 925 2133 ignominiae
941 2047 1030 2112 aditu

61 2136 202 2200 concidit
234 2157 271 2200 ac
299 2136 449 2219 spiritum
476 2135 599 2219 posuit,
633 2155 699 2199 uno
727 2133 831 2219 gradu
859 2133 1029 2217 apublioo

61 2221 220 2304 supplicio
242 2241 404 2304 manuque
427 2220 585 2284 carnificis
607 2219 747 2285 citerior.

125 2323 155 2386 7.
190 2320 360 2387 Consimili
386 2320 509 2404 impetu
538 2322 650 2385 mortis
680 2320 716 2386 C.
746 2319 890 2385 Licinius
918 2317 1029 2384 Macer

62 2406 113 2472 uir
127 2406 318 2490 praetorius,
343 2404 436 2470 Calui
456 2409 558 2489 pater,
580 2405 832 2491 repetundarum
846 2426 930 2485 reus,
953 2403 1028 2467 dum
1041 2427 1066 2468 aa

63 2491 243 2555 sententiae
266 2490 489 2572 diriberentur,
514 2490 573 2572 [in]
599 2490 805 2553 maenianum
829 2487 1026 2553 conscendit.

60 2575 89 2638 si
103 2574 241 2659 quidem,
258 2595 330 2638 cum
345 2573 389 2637 M.
406 2573 603 2657 Ciceronem,
626 2574 681 2656 qui
703 2574 735 2637 id
758 2572 911 2637 iudicium
935 2591 1029 2656 coge-

61 2662 133 2744 bat,
161 2663 359 2744 praetextam
387 2661 563 2742 ponentem
591 2658 741 2739 uidisset,
775 2658 864 2722 misit
893 2656 932 2720 ad
955 2676 1029 2720 eum

129 2885 143 2932 1
162 2878 264 2933 oborta
279 2879 367 2944 Pau,
386 2878 451 2932 orta
467 2879 495 2931 A
515 2879 525 2946 l
546 2877 641 2932 focum
657 2879 728 2932 Par.
750 2878 760 2946 l
782 2882 798 2930 4
816 2875 974 2930 excidenda
993 2875 1028 2942 A,

60 2962 109 3002 em.
121 2945 254 3000 Halmio
267 2962 314 3000 cm.
333 2945 393 2999 Vol.
404 2961 433 3013 p.
446 2947 483 3000 32
495 2948 505 3014 l
518 2952 532 2998 7
547 2945 728 3000 uiolentiores
741 2946 779 2999 A¹
792 2946 803 3014 ΙΙ
815 2949 831 2998 9
842 2941 916 2998 illito
928 2943 961 2998 iu
971 2957 1028 2999 ros.

60 3015 96 3077 A,
113 3018 146 3068 ut
162 3028 212 3068 cos
229 3014 299 3068 Por.
318 3014 328 3082 ΙΙ
345 3015 411 3083 igne
434 3014 503 3069 Pur.
527 3015 537 3083 ll
559 3019 591 3068 10
609 3013 698 3082 cuius]
718 3014 863 3079 umnam,
883 3026 966 3080 quom
983 3011 1028 3065 iu·

61 3081 167 3146 dicaci,
191 3080 317 3161 ecptccd.
339 3082 435 3136 censui
461 3082 528 3137 cdd.
553 3081 659 3148 exitus,
686 3081 733 3136 sed
764 3080 862 3136 melius
885 3078 952 3134 odd.
976 3077 1029 3132 fati
1071 3097 1074 3104 ·

62 3149 182 3215 Germ,
199 3165 260 3204 aaa
277 3149 393 3204 lactucae
410 3154 478 3204 nota
489 3149 577 3204 Halm
589 3150 600 3218 ΙΙ
613 3155 643 3203 11
662 3151 749 3204 robur
760 3149 799 3202 A¹
812 3149 822 3217 ΙΙ
836 3154 868 3202 12
886 3145 942 3215 qua
960 3147 1000 3200 A²
1014 3148 1025 3213 ll

62 3223 93 3271 13
119 3231 175 3271 ne*
196 3218 222 3286 (c
246 3233 315 3273 cras.
333 3217 404 3284 uid.)
427 3217 455 3270 A
474 3218 485 3285 ΙΙ
507 3223 538 3271 16
562 3217 620 3288 s[ui
637 3247 669 3257 -
686 3215 885 3285 uetus]tissimi
907 3213 979 3284 foc[i
996 3243 1028 3254 -

62 3284 216 3355 animo]sus
235 3285 325 3354 [uitae
339 3315 370 3324 -
383 3300 439 3353 quo
453 3285 494 3363 0.]
509 3287 537 3339 A
549 3286 559 3354 ss
572 3292 603 3338 21
624 3285 680 3338 BR.
698 3285 774 3354 posti
792 3284 852 3338 eius
869 3283 987 3337 inflicto.
1003 3298 1027 3340 e.

59 3368 154 3422 marco
164 3354 193 3407 A
211 3369 224 3408 e
241 3354 312 3408 Por.
324 3354 334 3421 t
347 3358 380 3407 23
398 3352 537 3422 supphcio
555 3353 621 3410 dett.
638 3353 789 3414 maioma,
807 3352 966 3420 om.A1126
985 3348 1028 3402 di-

59 3421 220 3475 riuerentur
241 3422 282 3483 A,
310 3421 517 3474 dissaerentnr
544 3423 624 3500 <cora
652 3437 686 3474 m.
708 3422 728 3474 2
750 3419 924 3542 dicerenturp
946 3418 1026 3487 Par,

61 3503 108 3542 em.
130 3489 251 3558 Pictics
271 3490 281 3557 ΙΙ
301 3489 332 3541 in
355 3503 405 3542 cm.
430 3489 514 3554 Pon,
541 3488 657 3542 occlusit
678 3492 846 3543 constantem
868 3487 929 3542 Va.
946 3502 1029 3542 usum

59 3559 166 3612 secutus
183 3556 272 3612 Halm
284 3557 293 3626 Ι]
306 3555 486 3611 moenianum
505 3555 669 3610 conscendit
686 3559 750 3626 (con
762 3557 794 3610 ta
804 3570 860 3611 ros.
871 3555 987 3622 maiore)
1001 3555 1030 3610 A
