2606 3952
475 206 553 263 cnr.
567 207 601 276 11,
619 213 635 274 s
654 211 762 268 15-19.
1042 209 1104 276 119

135 365 272 530 tzttf
289 381 595 543 {iturust
612 360 1103 527 tttttttstttttt
1190 417 1192 420 ·

136 531 293 616 sequitur,
317 530 350 594 id
372 534 451 616 agit,
474 535 510 595 ut
530 551 602 595 eum
617 531 766 595 omnibus
781 531 907 615 legibus
922 531 1103 596 Romanum

137 615 309 700 imperium
342 617 488 697 corruat,
524 618 653 700 egomet
684 635 735 680 me
764 616 909 700 priuatus
937 616 1103 681 uoluntati

134 704 260 766 uestrae
282 701 395 764 ducem
416 699 539 783 offero’,
562 721 599 765 ec
620 699 735 764 deinde
750 700 875 765 leeuom
889 721 1021 765 manum
1036 702 1128 766 imus

134 789 227 870 porte
255 787 354 870 togae
381 783 592 850 circumdedit
618 784 807 869 sublatoque
838 785 950 850 dextre
977 786 1102 869 proclo-

133 870 252 936 muuitr
285 869 352 954 ‘qui
379 890 448 935 rem
475 868 638 954 publicam
664 869 787 934 selueru
815 891 884 935 esse
910 869 1025 936 uolunt
1051 891 1102 935 me

133 954 1103 1106 {tumuissettrististristis?

134 1125 267 1190 rebatur
287 1143 409 1208 poenus
430 1123 614 1207 persoluere
635 1124 752 1222 coegit.
932 1060 953 1124 q
1113 1149 1140 1190 ro

202 1209 253 1274 18.
269 1206 363 1292 Item,
376 1230 449 1274 cum
463 1212 505 1273 tr.
520 1208 564 1293 pl.
578 1208 770 1274 Saturninus
785 1212 817 1273 et
830 1212 959 1294 praetor
969 1208 1103 1274 Glaucia

134 1298 168 1360 et
188 1293 341 1378 Equitius
370 1293 557 1377 designatus
583 1297 625 1361 tr.
647 1293 692 1376 pl.
721 1293 880 1358 maximos
908 1295 943 1358 in
971 1293 1102 1358 ciuitate

133 1381 244 1444 nostre
264 1377 457 1444 seditionum
476 1381 584 1443 motus
600 1378 835 1456 excitauisseut,
856 1379 1103 1462 necquidquam

135 1485 169 1528 se
192 1462 312 1548 populo
336 1463 496 1527 concitato
511 1466 703 1547 opponeret,
728 1464 867 1546 primum
883 1463 927 1526 M.
944 1462 1102 1528 Aemilius

134 1547 276 1614 Scaurus
305 1545 341 1614 O.
368 1545 507 1612 Marium
542 1547 743 1612 consulatum
776 1550 902 1611 sextum
935 1551 1102 1630 gerentem
1117 1569 1143 1612 rs

135 1635 286 1699 hortatus
308 1634 359 1696 est
379 1636 416 1696 ut
430 1632 613 1698 libertatem
628 1632 777 1717 legesque
798 1653 897 1696 manu
917 1629 1104 1696 defenderet

134 1718 347 1803 protinusque
369 1739 459 1782 orme
480 1716 543 1782 sibi
564 1716 683 1781 adferri
710 1717 812 1782 iussit.
857 1716 973 1799 quibus
995 1715 1102 1780 allatis

135 1803 253 1868 ultime
273 1805 437 1867 senectute
460 1801 642 1867 confectum
671 1805 704 1866 et
724 1821 825 1885 poene
852 1801 1013 1884 dilapsum
1035 1820 1102 1865 cor·

133 1909 195 1972 pus
217 1885 323 1952 induit
345 1886 530 1971 spiculoque
552 1888 682 1952 innixus
698 1889 773 1951 ente
794 1885 882 1950 fores
898 1886 1005 1951 curiae
1027 1905 1102 1949 con·

132 1973 216 2038 stitit
237 1993 275 2038 ec
295 1971 440 2056 paruulis
463 1976 496 2036 et
517 1973 666 2038 extremis
685 1971 817 2055 spiritus
836 1970 980 2055 reliquiis
994 1991 1036 2034 ne
1050 1990 1102 2034 res
1114 1998 1141 2038 ro

132 2056 262 2142 publicu
285 2057 447 2141 expiraret
468 2056 588 2122 offecit:
614 2056 798 2141 praesentis
819 2056 906 2120 enim
929 2054 1029 2120 enimi
1051 2055 1102 2119 sui

133 2145 280 2207 sonetum
302 2143 336 2206 et
357 2145 539 2226 equestrem
560 2142 708 2206 ordinem
722 2143 762 2206 ed
778 2141 956 2205 uindictam
972 2141 1102 2225 exigen-

6 2231 12 2254 '
134 2229 208 2291 dam
232 2225 362 2311 inpulit.

197 2311 247 2376 19.
276 2310 338 2376 Sed
360 2313 397 2376 ut
418 2331 580 2376 armorum
601 2313 762 2395 togaeque
777 2309 876 2394 prius,
899 2308 1099 2374 nuncetiam

132 2395 273 2461 siderum
300 2395 422 2460 olorum
444 2395 554 2475 decus,
585 2394 696 2459 diuum
723 2394 856 2477 Iulium,
887 2394 1097 2458 certissimum
1112 2416 1142 2459 os

202 2579 570 2640 luidett.mnn.Por.et
591 2595 713 2635 corneo
734 2579 763 2632 iu
781 2579 821 2645 L,
843 2579 941 2634 om.A
964 2580 974 2647 ΙΙ
998 2585 1014 2632 o
1035 2578 1104 2633 leui

132 2649 160 2704 A
172 2650 182 2718 ΙΙ
195 2665 308 2704 menum
321 2651 420 2718 operte
429 2648 508 2716 M,
527 2664 640 2702 menum
652 2649 733 2717 purte
740 2648 779 2701 A*
787 2647 857 2704 Por.
869 2645 969 2711 Halm,
986 2662 1101 2701 menum

133 2734 151 2772 o
171 2718 230 2770 erte
249 2716 328 2781 dett,
349 2717 462 2770 lesumn
485 2716 543 2770 ima
559 2717 641 2785 purte
660 2718 722 2785 (om.
741 2715 869 2782 menum)
887 2713 1015 2794 Stooqer,
1039 2715 1101 2771 coit.

161 2785 204 2840 etl.
218 2784 259 2837 II
267 2787 292 2850 3,
305 2789 336 2852 1,
354 2783 467 2838 lueuem
484 2800 599 2838 menum
616 2784 673 2838 ima
690 2784 772 2852 perte
789 2797 848 2840 nos.
874 2781 909 2847 cf.
928 2786 1011 2836 deam
1022 2781 1102 2841 Prot.

132 2853 175 2910 Ti.
197 2851 309 2907 Gracci¹
328 2856 375 2916 19,
393 2853 467 2951 App.
486 2853 541 2907 eiu.
559 2851 579 2904 1
595 2856 630 2906 16
648 2849 691 2915 (τὸ
709 2844 952 2928 κράσπεδογιτοῦ,
963 2846 1100 2917 ἱματίου).

131 2921 205 2975 idem
223 2919 335 2974 inuenit
354 2918 437 2974 Gertz
483 2922 493 2988 ΙΙ
515 2926 544 2972 11
565 2920 595 2973 et
610 2920 727 3000 praetor
746 2947 777 2957 —
796 2919 918 2986 equitius
939 2933 973 2970 m
990 2930 1046 2973 ras.
1064 2916 1101 2982 A,

131 2989 153 3043 1.
170 2988 204 3045 Ρ.’
219 2988 255 3046 tr.
274 3004 303 3055 p.
323 2987 483 3041 saturninus
506 2988 568 3041 ete
590 2987 676 3041 urtius
699 2987 728 3040 et
744 2987 860 3054 praetor
881 3001 909 3054 g.
927 2999 990 3038 mur
1007 2998 1022 3036 o
1039 2983 1067 3038 A
1086 2985 1099 3054 t)

75 3091 78 3098 ⁴
130 3003 693 3192 sinceriusque
708 3056 798 3177 fe
813 2998 1103 3188 detrusit}

130 3191 295 3246 uulneratus
307 3190 370 3259 (om.
383 3198 426 3255 ee)
436 3195 500 3270 post
511 3137 788 3245 constitiffioserend.
796 3161 882 3256 potat
922 3187 1010 3252 mer,
1027 3193 1058 3242 ut
1072 3206 1102 3245 u.

126 3259 450 3329 praemunierimus.
488 3263 541 3314 .52
554 3259 564 3327 t
577 3265 609 3313 20
622 3259 652 3312 et
663 3255 796 3312 extremis
808 3273 848 3326 sp.
863 3255 986 3335 oosooti.
1003 3255 1105 3310 VIIII
1156 3276 1157 3280 ¹

130 3331 166 3382 12
178 3331 232 3382 ext.
244 3330 278 3392 8,·
296 3326 390 3392 1118,
400 3328 431 3394 5,
450 3275 487 3382 ei)
497 3326 617 3380 extremi
633 3343 646 3378 e
706 3325 756 3392 sic)
768 3324 821 3390 Δί,
844 3324 977 3379 extremis
993 3340 1023 3392 ps
1040 3326 1101 3394 (sio)

130 3395 177 3461 Β,
196 3394 318 3449 extremi
328 3395 431 3516 {glum
446 3327 886 3460 et)L²11²Hoffln(24omorum
899 3391 968 3445 ΙιΑ1
982 3392 992 3461 i
1004 3393 1034 3446 to
1056 3408 1102 3447 ee·
1169 3410 1174 3420 ·

119 3465 186 3531 'que
209 3462 288 3530 prius
304 3461 331 3516 V
377 3479 410 3516 en
427 3459 1101 3540 mor.R1uo.X15882togaesuperiu·A¹‚

6 3575 13 3586 .
131 3533 166 3590 et¹
177 3532 263 3610 togoe
281 3529 409 3598 superius
420 3531 459 3584 Αε
470 3530 572 3597 Halm,
591 3529 643 3608 orei·
655 3544 785 3597 superius
802 3527 876 3584 eden
887 3526 947 3583 ord.
960 3543 1015 3583 esee
1027 3527 1101 3597 quod

131 3613 274 3667 superiore
292 3598 421 3667 tempore
439 3599 485 3653 uel
502 3598 532 3651 in
550 3613 694 3666 supenore
713 3596 774 3652 uite
