2562 3950
321 163 480 224 LIB.VIIII.
499 163 577 219 oAP.
591 169 631 230 12,
639 169 705 219 6-8
723 158 877 223 Exul-9.
1016 164 1079 229 585

177 322 347 382 Herennius
364 322 481 382 Siculus
504 321 650 396 haruspex
673 319 796 380 Gracchi
819 321 940 397 amicus,
963 339 1030 396 curu
1045 340 1079 383 eo
1097 329 1114 378 6

6 395 13 416 '
115 407 236 467 nomine
259 408 290 465 in
313 424 459 470 carcerem
484 407 650 478 duceretur,
671 405 750 480 posti
773 406 837 463 eius
852 405 965 466 inflicto
981 408 1079 482 capita

4 540 5 570 ι
114 491 251 551 concidit.

179 574 212 635 C.
236 575 369 635 Licinius
393 574 493 634 Macer
514 573 598 634 Oalui
626 576 711 650 pater
739 574 968 649 repetundarum
1001 586 1114 647 reus,7

89 659 187 718 edum
210 660 374 720 sententiaa
397 659 613 733 diriberentur,
643 658 832 717 maenianum
858 657 1031 718 conscendit
1052 663 1082 718 et

4 791 5 824 3
115 744 199 802 misit
221 743 257 802 ad
274 743 455 815 Ciceronem,
478 743 581 819 quiid
604 744 747 801 iudicium
764 742 897 818 cogebat,
920 745 956 801 nt
970 742 1081 802 diceret

115 845 168 886 sua
190 829 268 887 bone
290 847 350 887 non
372 845 459 903 possa
481 829 585 887 hastae
607 827 717 886 subici:
748 846 779 886 se
808 828 887 906 enirn
909 845 993 886 reum
1014 846 1082 902 per·
1125 851 1129 857 ·

112 913 178 989 isse,
203 929 264 972 non
291 913 474 990 demnatum,
496 915 528 971 et
548 913 591 971 ita
614 911 733 970 sudario
757 930 807 970 ore
829 916 859 970 et
881 910 1016 970 faucibus
1033 930 1080 971 co·

3 991 8 1064 j·
112 998 217 1056 artatis
240 996 354 1055 incluso
378 997 486 1072 spiritu
508 1001 606 1055 morte
629 1014 757 1071 poenam
780 996 952 1070 praecessit.

3 1075 4 1078 ’
75 1098 100 1137 ιο
177 1079 342 1140 Cornelius
355 1079 457 1140 Gallus
480 1082 649 1156 praetorius
673 1083 705 1139 et
727 1079 760 1138 Τ.
777 1080 916 1140 Etherins
938 1099 1029 1157 eques
1044 1081 1080 1140 R.
1099 1089 1115 1139 8

115 1166 196 1224 inter
217 1183 305 1224 usum
327 1166 445 1224 ueneris
467 1165 617 1240 absumpti
640 1167 720 1223 suut.

3 1245 4 1248 ’
179 1248 270 1309 Οοιιιο
293 1248 413 1308 Cleonis
434 1250 536 1321 frater,
559 1247 619 1307 dux
647 1251 813 1322 latronum,
841 1250 1005 1324 perductus
1028 1250 1064 1309 ad
1076 1257 1133 1296 1⁵¹2·

114 1334 150 1393 P.
174 1333 329 1408 Rupilium
353 1351 422 1404 cos,
452 1351 519 1392 cum
550 1334 585 1392 de
613 1334 727 1392 uiribus
750 1336 780 1391 ct
802 1333 957 1394 conatibus
980 1314 1114 1411 fugit-¹

114 1436 221 1477 uorum
243 1418 493 1494 interrogaretur,
523 1421 641 1493 sumpto
670 1420 804 1491 tempore
827 1416 863 1474 ad
886 1435 918 1476 se
941 1418 1082 1494 colligen-

76 1517 101 1558 ιο
116 1501 187 1560 dum
210 1504 301 1578 caput
324 1503 442 1579 operuit
461 1503 640 1577 innixusque
661 1502 784 1577 pertibus
799 1520 956 1577 conpresso
972 1503 1080 1577 spiritu

115 1587 241 1645 interiit.
333 1649 336 1656 Α

178 1670 344 1747 Aeschylus
367 1674 455 1745 pocta
476 1671 508 1729 in
532 1671 635 1730 Sicilia
656 1670 812 1729 moenibus
835 1671 933 1742 urbis,
963 1669 994 1729 in
1022 1680 1115 1746 qua-2

116 1756 299 1828 morabatur,
323 1773 460 1830 egressus
483 1756 583 1831 aprico
605 1757 636 1814 in
659 1754 723 1814 loco
738 1755 859 1814 resedit.
890 1773 978 1830 snper
992 1773 1080 1830 quem

117 1841 218 1916 aquila
246 1840 427 1898 testudinem
458 1840 555 1898 ferens
584 1841 686 1898 delusa
714 1839 874 1913 splendore
908 1839 1013 1914 capitis
1040 1871 1080 1881 -

77 1938 103 1979 ro
117 1929 181 1983 erat
209 1925 287 1983 enim
316 1925 417 1983 saluus
445 1955 486 1966 -
513 1924 637 1999 perinde
665 1928 754 1999 atque
781 1923 874 1998 lapidi
902 1923 1082 1983 testudinem

116 2009 221 2082 inlisit,
246 2027 306 2084 qno
328 2010 390 2069 ictu
412 2009 578 2085 Aeschylus
601 2012 772 2084 peremptus
795 2011 851 2071 est.

180 2094 339 2168 Euripides
362 2094 398 2151 ab
413 2093 553 2153 Archelai
576 2094 654 2170 regis
677 2111 748 2152 cena
770 2096 906 2167 repetens
930 2092 1082 2151 demuma
1100 2101 1117 2148 4

117 2179 240 2237 canibus
263 2177 429 2252 discerptus
452 2181 507 2238 est.
1009 2237 1015 2248 ,

183 2261 355 2337 Sophocles,
379 2280 444 2320 cum
467 2263 499 2321 in
522 2265 671 2321 certamen
695 2261 879 2337 tragoediam
903 2260 1115 2339 demisissent

80 2361 106 2400 rs
120 2346 241 2422 ancipiti
265 2346 480 2404 sententiarum
503 2349 614 2405 euentu
643 2346 802 2422 sollicitus,
836 2345 958 2404 taudem
985 2347 1082 2405 uictor

118 2449 237 2489 causam
260 2431 365 2488 mortis
387 2429 529 2505 gaudium
551 2431 665 2489 habuit.

181 2515 345 2584 Pindarus,
375 2533 442 2572 cum
471 2515 502 2572 in
525 2515 682 2591 gymnasio
706 2533 795 2589 super
816 2514 963 2588 gremium
986 2513 1113 2588 puerit

117 2617 176 2674 quo
200 2600 285 2659 unice
307 2599 520 2676 delectabatur,
543 2600 639 2674 capite
660 2599 760 2673 posito
782 2599 877 2675 quieti
893 2617 924 2656 se
939 2598 1080 2675 dedisset,

117 2685 202 2743 obiit.

77 2781 103 2822 ao
181 2769 253 2828 Milo
270 2766 466 2843 Crotoniates,
490 2785 556 2826 cum
579 2767 637 2825 iter
659 2767 769 2826 faciens
791 2785 932 2842 quercum
954 2768 986 2825 in
1009 2784 1081 2842 agro
1100 2776 1116 2824 9

117 2855 217 2914 cuneis
241 2853 353 2912 adactis
373 2854 474 2924 fissam
496 2851 630 2920 uidisset,
654 2852 796 2910 diuellere
812 2854 935 2911 conatus
954 2851 1082 2910 excussit

117 2956 233 2998 cuneos.
279 2937 417 2995 manibus
439 2935 616 3011 compressis
639 2955 656 2994 a
677 2936 748 2994 feria
771 2936 918 2996 laceratus
939 2939 994 2994 est.

187 3107 197 3152 1
217 3101 284 3167 fort.
303 3098 332 3153 C.
345 3098 466 3176 Gracchi
482 3099 570 3152 Halm
583 3101 621 3176 1Ιρ
640 3099 847 3153 dilatarentur
864 3114 898 3152 m.
912 3103 937 3163 1,
956 3098 1080 3197 dicere}-

116 3168 247 3314 Et'fflti.
259 3164 1080 3313 “itti-trahitant?tlrlrrttdttttttr

118 3303 254 3382 sollicitus
277 3317 326 3356 racc
349 3318 363 3355 e
384 3301 455 3369 var,
484 3301 650 3380 aclhcrtatne
667 3302 726 3356 cod.
743 3301 845 3368 Halm,
872 3300 1009 3355 sollicitus
1026 3316 1083 3354 uua

113 3370 294 3492 certe
313 3369 415 3491 tet*
435 3373 447 3505 ll
471 3368 869 3490 {attestantur
885 3367 1082 3505 tertre

117 3455 267 3576 gpcrpressua
284 3505 352 3573 cod,
371 3504 512 3574 oppressis
529 3503 607 3570 Mai,
625 3521 672 3560 em.
691 3504 778 3558 Halm
