2604 3960
225 173 289 236 218
650 169 718 225 nm.
736 170 771 223 r.

222 323 299 388 tulit
326 343 386 386 nec
415 319 576 385 dubitauit
609 321 712 386 bostis
739 322 889 405 exequias
922 323 991 406 ipse
1023 321 1200 407 celebrare,

224 428 295 472 eam
318 406 446 471 demum
467 405 637 470 uictoriam
652 411 685 470 et
699 406 784 490 apud
799 409 874 471 deos
889 411 923 470 et
937 407 1024 491 apud
1045 407 1198 472 homines

224 491 395 556 minimum
420 489 561 555 inuidiae
589 490 772 554 babituram
807 491 954 570 credens,
987 513 1068 574 quoe
1102 513 1200 576 quam

173 588 179 606 ·’
223 576 399 661 plurimum
421 575 634 639 humanitatis
655 576 831 639 habuisset.

196 689 211 728 s
288 662 320 726 3.
354 659 437 736 Quid
459 659 499 724 do
521 658 653 734 Quintio
670 659 820 744 Crispino
841 659 965 744 loquar,
990 661 1081 724 cuius
1104 681 1200 724 man-

223 746 426 810 suetudinem
446 745 664 827 potentissimi
686 745 845 823 adfectus,
873 745 922 808 ira
949 749 1047 828 atquo
1074 743 1197 828 gloria,

223 834 354 914 quatere
375 849 441 892 non
462 830 665 910 potuerunt?
699 828 837 892 Badium
860 828 1062 912 Campanum
1085 839 1118 892 et
1141 828 1200 892 ho-

223 913 1200 1062 {tittblittzitmtlldtztlttttldiditi?

186 1018 1199 1250 ¹⁰cexsecratistessaradecades

224 1251 269 1314 ris
291 1255 321 1314 et
341 1250 442 1313 animi
464 1249 585 1314 uirtute
600 1250 766 1334 eliquanto
780 1217 865 1315 lasset
886 1251 1040 1334 superior,
1063 1271 1198 1315 monere

224 1336 390 1418 ingratum
411 1355 507 1417 quam
529 1335 658 1399 uincere
680 1335 808 1400 maluit:
829 1357 904 1398 nam
928 1335 1016 1418 ‘quid
1038 1336 1126 1420 agis’
1148 1336 1200 1399 in·
1279 1331 1282 1350 ⁴

225 1419 304 1504 quit,
320 1420 474 1500 ‘demens
491 1422 547 1483 aut
561 1440 627 1502 quo
641 1425 674 1483 te
688 1441 789 1503 praua
802 1419 961 1502 cupiditas
975 1423 1197 1484 transuersum

186 1504 333 1588 crapit?
367 1525 481 1588 parum
507 1503 608 1568 habes
630 1504 761 1588 publica
786 1505 953 1587 impietate
980 1504 1104 1581 furere,
1134 1505 1199 1568 nisi

224 1591 323 1654 etiam
344 1589 471 1672 priuata
493 1587 601 1671 lapsus
622 1588 745 1652 tueris?
773 1611 856 1652 unus
878 1587 1029 1652 uidelicet
1048 1589 1111 1652 tibi
1134 1588 1200 1654 Ro-

224 1695 390 1738 manorum
412 1672 562 1748 Quintius
584 1672 707 1755 placet,
735 1674 770 1736 in
799 1693 863 1756 quo
891 1672 1024 1737 sceleste
1047 1694 1198 1737 exerceas

225 1781 328 1840 arma,
358 1757 448 1821 cuius
476 1758 647 1839 penatibus
670 1762 703 1821 et
729 1757 858 1821 honoris
881 1757 1137 1822 uicissitudinem
1165 1765 1199 1822 et

225 1843 362 1907 salutem
383 1846 472 1904 tuam
495 1842 603 1904 debes!
637 1846 672 1905 at
693 1862 744 1906 me
766 1840 880 1906 foedus
903 1841 1065 1905 amicitiae
1088 1841 1199 1926 diique

184 1952 212 1992 ao
226 1925 412 2010 hospitales,
435 1929 547 1990 sancta
568 1929 680 1990 nostro
696 1927 857 2010 sanguini,
881 1926 997 1990 uestris
1012 1926 1199 2009 pectoribus

224 2011 304 2074 uilia
324 2011 476 2094 pignora,
505 2007 616 2074 hostili
638 2011 812 2074 certamine
834 2011 986 2094 congredi
1015 2017 1121 2074 tecum
1144 2033 1200 2075 ue·

224 2096 306 2158 tant.
335 2094 544 2177 quinetiam,
569 2096 595 2158 si
618 2095 653 2158 in
672 2115 825 2160 concursu
842 2096 1041 2159 exercituum
1060 2095 1198 2160 fortuito
1280 2099 1281 2144 Ἰ

225 2178 376 2242 umbonis
398 2180 461 2241 mei
483 2179 613 2262 inpulsu
636 2183 832 2262 prostratum
855 2179 1070 2264 agnouissem‚
1097 2180 1198 2264 adpli-

226 2267 334 2326 catum
360 2263 426 2326 iam
459 2264 637 2328 ceruicibus
668 2267 734 2328 tuis
767 2285 952 2329 mucronem
984 2284 1198 2329 reuocassem.

188 2371 214 2412 es
227 2352 319 2411 tuum
347 2366 424 2431 ergo
453 2351 575 2412 crimen
603 2351 645 2412 sit
679 2349 838 2430 hospitem
872 2348 1016 2413 occidere
1044 2350 1199 2429 uoluisse,

225 2453 331 2496 meum
351 2453 420 2496 non
443 2433 503 2497 eris
531 2433 648 2516 hospes
671 2434 802 2497 occisus.
847 2433 983 2517 proinde
1013 2433 1110 2497 aliam
1134 2455 1200 2518 qua

226 2515 353 2581 occidas
371 2517 538 2582 dexteram
560 2538 692 2601 quaere,
724 2517 877 2602 quoniam
905 2539 978 2582 mea
1006 2520 1039 2580 te
1068 2539 1200 2582 seruare

225 2601 365 2665 didicit’.
405 2599 493 2665 dedit
513 2603 641 2686 utrique
664 2602 801 2666 caeleste
822 2624 944 2666 numen
967 2601 1111 2666 debitum
1134 2604 1200 2666 exi-

226 2691 305 2767 tum,
329 2687 357 2750 si
379 2685 506 2770 quidem
528 2686 563 2750 in
579 2707 617 2750 eo
632 2687 755 2771 proelio
770 2685 891 2751 Badius
909 2686 1120 2752 obtruncatus
1136 2693 1198 2769 est,
1279 2721 1280 2768 j

187 2793 214 2835 so
228 2770 380 2847 Quintius
402 2771 465 2835 insi
491 2771 524 2834 ni
545 2792 656 2856 pugna
678 2771 783 2835 clarus
807 2771 918 2836 suasit.

290 2858 322 2921 4.
339 2858 421 2940 Age,
438 2792 639 2920 ldMarcefli
655 2855 825 2920 clementia
839 2877 935 2939 quam
950 2857 1072 2920 clarum
1088 2876 1200 2939 quam·
1279 2857 1280 2868 ’

227 2962 288 3024 quo
311 2939 517 3005 memorabile
539 2941 722 3022 exemplum
743 2939 854 3004 haberi
878 2940 986 3004 debet!
1016 2940 1072 3023 qui
1095 2943 1199 3024 captis
1279 2997 1280 3012 ἶ

297 3149 308 3194 1
334 3157 386 3195 nso
403 3143 451 3208 11²,
474 3157 509 3196 ne
528 3141 597 3195 LA¹
621 3142 631 3210 11
656 3147 671 3194 2
696 3156 759 3194 eam
782 3142 847 3197 dett.
869 3141 1015 3208 marulli,
1038 3141 1099 3195 tam
1117 3140 1200 3208 Lm,

226 3211 287 3262 tum
299 3208 338 3262 A²
351 3211 389 3288 {13
407 3225 480 3279 quae
499 3225 585 3278 quam
598 3209 761 3284 Torrentur,
779 3225 866 3278 quam
884 3209 963 3274 Lm,
982 3224 1046 3262 eum
1058 3210 1105 3275 A²‚
1125 3223 1200 3274 quae

226 3277 406 3342 Perimam,
424 3277 511 3331 Halm
527 3277 538 3346 ll
557 3283 588 3330 12
606 3279 636 3330 et
654 3277 740 3330 animi
757 3276 849 3342 Μ’,
867 3276 954 3330 animi
971 3275 1053 3330 L¹A¹
1074 3277 1085 3345 l
1107 3282 1139 3330 13
1157 3275 1201 3329 in-

226 3342 296 3412 quid
313 3345 420 3412 A¹n1s
437 3344 544 3398 habens
556 3345 626 3397 LA¹
639 3347 649 3424 ΙΙ
665 3351 695 3399 16
714 3343 848 3398 lucritA¹
862 3347 872 3410 l
887 3349 917 3398 17
936 3341 1054 3399 scelestis
1071 3342 1119 3409 Al,
1138 3359 1199 3397 sce-

226 3409 311 3462 lestis
327 3426 421 3478 morpo
432 3413 482 3478 Al
497 3419 528 3465 19
545 3413 624 3465 tuam
637 3429 670 3466 m
681 3427 736 3466 ras.
748 3413 776 3464 A
788 3413 798 3478 l
811 3419 844 3466 20
855 3411 1009 3480 hospitales
1029 3414 1069 3479 (es
1087 3411 1120 3464 in
1131 3412 1199 3480 rus.)

226 3476 268 3540 L,
286 3475 433 3544 hospitalis
450 3479 488 3530 Al
506 3482 516 3546 fl
533 3479 669 3548 sauguine
688 3479 757 3533 Μ’
771 3480 825 3546 1112
845 3479 964 3533 fortuitu
983 3479 1076 3546 1⁸1¹ss
1093 3483 1125 3532 26
1144 3482 1200 3532 eris
1278 3529 1279 3554 Χ

227 3543 267 3595 A1
285 3546 311 3595 ct
329 3559 341 3594 s
359 3557 428 3600 corr.
446 3543 486 3608 L,
505 3546 560 3598 erit
576 3545 616 3598 A¹
629 3548 639 3614 ΙΙ
652 3552 685 3600 ‘29
703 3547 887 3615 optruncatus
905 3546 945 3599 A²
