2550 3958
214 134 277 198 492
419 130 486 185 me.
505 131 541 184 11.
577 129 655 187 one.
674 136 701 198 4,
718 134 775 182 r-
787 127 865 182 cnr.
883 133 907 195 e,
920 132 997 182 2-5.

216 288 490 364 cuius-exemplum
512 287 651 347 Valerius
673 288 827 364 Poplicola
854 285 942 345 Bruti
977 284 1108 362 collega
1145 290 1201 347 stu·
1240 263 1241 292 ¹

216 372 265 433 dio
288 371 481 433 succurrendi
504 372 618 432 ciuibus
641 376 761 432 secutus
784 371 866 448 apud
886 369 1015 430 eandem
1040 388 1138 430 aram
1162 391 1201 431 sa·

218 477 300 518 orum
323 458 406 517 fecit.

184 550 198 599 't
282 541 500 602 Gladiatorium
528 559 637 600 munus
665 540 796 616 primum
818 540 929 599 Romae
957 535 1068 596 datum
1098 543 1152 600 est
1173 540 1200 598 in

217 627 283 686 foro
305 626 409 686 boario
432 624 491 701 Ap.
509 623 634 685 Claudio
658 625 693 696 Q.
709 625 818 683 Fuluio
840 641 914 684 coss.
939 622 1100 683 dederunt
1126 625 1219 683 Mar-³

218 729 269 771 cus
292 713 323 770 et
337 711 477 769 Decimus
491 708 546 768 filii
561 709 649 768 Bruti
666 709 758 768 Perae
780 707 902 768 funebri
923 707 1076 766 memoria
1104 710 1198 783 patris

218 790 334 855 cineres
362 794 548 854 honorando.
593 794 775 852 athletarum
803 795 955 852 certamen
977 811 996 850 a
1018 791 1066 851 M.
1093 792 1199 852 Scauri

218 878 423 938 munificentia
445 882 576 938 tractum
598 881 653 937 est.

168 970 217 1039 5,1
283 961 420 1023 Statuam
446 963 614 1021 inauratam
642 981 697 1021 nee
724 963 757 1020 in
785 962 859 1020 urbe
885 978 941 1019 nec
962 959 996 1018 in
1017 960 1087 1020 ulla
1113 964 1198 1037 parto

218 1047 323 1107 Italiae
346 1049 504 1122 quisquam
526 1047 609 1123 prius
631 1046 711 1106 uidit
733 1065 824 1121 quam
846 1065 863 1104 a
884 1044 985 1104 Manio
1001 1044 1113 1105 Acilio
1131 1046 1197 1106 Gla
1208 1057 1223 1094 10

219 1132 325 1191 briona
347 1131 494 1206 equestris
516 1132 596 1207 patri
617 1135 779 1206 poneretur
800 1131 833 1189 in
854 1128 926 1189 aede
939 1127 1083 1204 Pietatis,
1109 1149 1199 1207 quarn

221 1216 325 1274 aedem
347 1216 410 1291 ipse
433 1214 632 1278 dedicauerat.

186 1313 202 1362 2
285 1298 336 1360 Cn.
351 1300 475 1360 Flauius
497 1300 610 1376 scriba,
632 1300 684 1374 qui
707 1299 800 1359 fastos
823 1298 977 1374 uulgauit,
1001 1315 1075 1356 cum
1097 1300 1143 1358 ad
1158 1300 1200 1358 ul·

220 1384 346 1444 sendum
368 1403 492 1461 aegrum
514 1384 658 1460 collegam
680 1402 767 1443 snum
788 1383 922 1444 uenisset
943 1379 1044 1458 neque
1068 1401 1088 1441 a
1110 1385 1200 1444 nobi·

219 1469 316 1542 libus,
345 1487 472 1545 quorum
499 1469 671 1544 frequentia
699 1467 871 1528 cubiculum
898 1470 963 1527 erat
990 1468 1225 1542 completumt

221 1553 415 1628 reciperetur,
438 1553 543 1613 sellam
565 1553 699 1612 curulem
721 1553 809 1612 iussit
831 1551 940 1611 adferri
963 1552 994 1610 et
1015 1551 1049 1610 in
1074 1571 1114 1612 ea
1132 1572 1198 1612 con·

222 1636 307 1697 sedit.

187 1735 205 1784 4
287 1722 456 1782 Tibicinum
489 1722 649 1799 collegium
683 1723 759 1782 solet
790 1722 822 1780 in
850 1721 916 1780 foro
946 1719 1026 1779 inter
1055 1719 1200 1795 publicas

222 1807 414 1883 priuatasque
446 1811 537 1868 semes
565 1808 696 1866 actiones
724 1806 859 1882 personis
887 1804 983 1880 eapite
1012 1806 1096 1863 teoto
1131 1825 1200 1866 con·

223 1894 327 1952 centus
350 1891 435 1951 edere
456 1891 511 1951 hac
533 1891 569 1950 do
591 1909 697 1951 causa:
735 1891 823 1950 uetiti
843 1890 875 1949 in
897 1887 969 1948 aede
990 1887 1086 1962 Iouis,
1114 1891 1225 1967 quodt

221 1976 319 2052 priseo
341 1994 423 2035 more
445 1976 669 2049 factiteuorant,
693 1976 773 2034 uesci
796 1974 890 2034 Tibur
911 1972 981 2032 irati
1004 1990 1035 2031 se
1060 1976 1201 2035 contule-

222 2061 303 2118 runt.
349 2079 475 2135 qnorum
509 2060 677 2119 ministerio
711 2065 829 2118 senatus
863 2058 980 2117 deserta
1012 2074 1102 2117 sacra
1140 2079 1202 2120 non

224 2162 319 2218 aequo
342 2145 440 2204 animo
463 2145 562 2204 ferens
583 2144 792 2204 cTiburtibus
815 2143 905 2218 petiit
926 2144 961 2201 ut
982 2159 1032 2201 eos
1047 2140 1201 2204 Romanis

223 2228 347 2302 templis
368 2230 572 2288 restituerent
607 2247 682 2304 quos
704 2229 751 2286 illi
772 2228 951 2302 interposita
972 2226 1069 2286 festae
1094 2229 1201 2304 epula·

224 2312 316 2372 tionis
346 2314 535 2373 simulatione
564 2332 644 2372 mero
673 2331 836 2389 somnoque
859 2311 972 2387 sopitos
993 2311 1147 2386 plaustris
1171 2314 1225 2373 in*

225 2396 331 2456 urbem
354 2398 546 2458 deuexerunt.
576 2398 685 2473 quibus
707 2399 739 2456 et
759 2397 907 2472 pristinus
923 2396 1018 2457 honor
1032 2397 1201 2458 restitutus

227 2485 258 2540 et
279 2480 400 2542 huiusce
423 2483 505 2542 lusus
527 2483 573 2540 ius
603 2484 649 2541 est
671 2481 784 2542 datum.
829 2498 1023 2558 personarum
1045 2496 1122 2541 usus
1148 2501 1201 2560 pu·

226 2566 329 2627 dorem
351 2569 571 2627 circumuentae
592 2566 788 2626 temulentiae
811 2584 930 2626 oausam
951 2565 1051 2623 habet.

173 2658 224 2721 tta
289 2651 518 2712 Lacedaemonii
545 2650 583 2709 ad
610 2650 858 2711 dissimulandum
886 2650 1044 2708 uulnerum
1066 2667 1199 2712 suorum

224 2752 360 2797 cruorem
381 2736 516 2812 puniceis
539 2736 571 2794 in
592 2736 706 2811 proelio
729 2736 838 2795 tunicis
860 2735 1030 2796 utebantur.
1209 2743 1226 2783 ³³

191 2832 206 2882 5
294 2821 411 2882 Corona
425 2821 536 2881 bonum
555 2820 651 2879 ciuem
666 2818 823 2880 decorandi
838 2817 1084 2879 consuetudinem
1100 2818 1199 2880 Athe·

225 2910 347 2970 nienses
369 2906 567 2978 induxerunt,
591 2903 707 2965 duobus
730 2904 811 2964 oleae
834 2904 952 2964 conexis
973 2902 1098 2964 ramulis
1114 2923 1200 2966 ese.

294 3115 308 3163 1
328 3107 456 3176 collegae
475 3106 598 3161 studium
612 3108 651 3174 114
668 3106 858 3177 gladiatorum
876 3104 940 3159 Mat
952 3105 990 3173 flu
1007 3105 1059 3184 Ap.
1094 3119 1122 3160 a.
1141 3109 1199 3185 pt

226 3176 423 3246 aestimati}
446 3183 566 3242 operae
584 3175 642 3232 cori.
662 3181 687 3229 et
703 3176 735 3229 iu
751 3189 839 3309 mure.
858 3190 894 3241 q.,
913 3187 962 3230 om.
980 3171 1044 3226 Mur
1100 3171 1201 3228 funeri

225 3261 260 3302 m.
273 3248 298 3309 1,
318 3243 423 3320 funeris
443 3242 567 3324 Gertzftl
586 3249 601 3295 7
619 3241 790 3321 athletarum
820 3241 868 3296 secl
885 3241 905 3293 h
922 3240 1057 3359 induall
1088 3245 1121 3294 10
1139 3241 1201 3310 pri-

226 3306 1202 3456 rr).stellet:{astruetur„fritilliltttttrtt

227 3447 248 3508 (1
265 3457 297 3493 su
314 3442 381 3506 rue.)
401 3445 444 3496 eet
461 3442 543 3496 datus
555 3444 613 3522 ll.²3.
623 3443 732 3520 hatent
742 3442 753 3510 ΙΙ
765 3449 798 3496 32
815 3448 918 3498 uolnus
947 3458 1067 3499 mimum
1082 3446 1129 3497 sto
1140 3445 1204 3510 sere

227 3505 392 3572 eepleuuam
410 3510 496 3577 eaput
513 3510 628 3564 Perrcha
647 3511 785 3580 cmgendo
