2606 3958
292 133 368 189 eae.
385 133 445 202 xv,
463 138 533 198 512.
570 133 632 190 axe.
652 139 755 200 §1—4.
793 134 860 193 mn.
879 135 968 190 vuu.
1053 138 1116 202 419

210 288 239 351 2.
265 285 404 372 Gorgiae
422 307 498 351 uero
514 286 676 352 Leontino
700 287 814 351 studiis
836 287 1014 352 litterarum
1030 292 1116 354 acta-

147 373 190 437 tis
214 392 289 436 suae
310 375 444 436 cunctos
465 373 660 455 praestanti,
683 372 761 436 adeo
783 375 820 436 ut
840 374 961 455 primus
984 374 1018 437 in
1042 395 1127 439 con-.

145 459 247 522 uentu
270 477 402 540 poscere
418 478 480 539 qua
502 456 541 521 de
564 457 746 541 requieque
769 457 878 521 audire
900 457 998 522 uellet
1020 480 1114 523 ausus

145 543 196 621 sit,
219 541 371 606 uniuersa
400 541 537 607 Graecia
565 543 598 605 in
626 541 747 625 tcmplo
776 541 929 626 Delphici
952 543 1114 626 Apollinis

144 630 284 692 statuam
314 626 416 691 solido
444 648 483 691 ex
510 649 588 693 auro
617 627 742 711 posuit,
772 648 844 690 cum
872 628 1051 691 ceterorum
1073 628 1113 692 ad
1140 646 1154 687 a

144 713 177 776 id
199 714 326 795 tempus
350 714 479 776 auratas
502 713 697 776 collocasset.

208 797 237 864 3.
262 797 384 860 Eadem
406 817 486 881 gens
505 818 629 861 summo
646 817 804 862 consensu
827 796 867 860 ad
881 795 1114 879 Amphiaraum

145 880 360 946 decorandum
382 881 544 964 incubuit,
573 882 694 964 locum,
723 902 787 964 quo
811 879 961 945 humatus
984 882 1048 965 est,
1078 881 1113 943 iu
1194 869 1200 884 '

144 966 281 1030 formam
298 966 587 1050 condicionemque
603 965 716 1049 templi
737 964 913 1050 redigendo
928 969 1024 1049 atque
1039 965 1114 1028 inde

145 1050 277 1116 oracula
300 1053 372 1134 capi
388 1050 597 1118 instituendo.
631 1052 719 1116 cuius
742 1051 865 1115 cineres
880 1049 964 1114 idem
979 1049 1113 1113 honoris
1128 1069 1152 1110 ιο

143 1135 327 1220 possident,
350 1137 432 1221 quod
456 1135 611 1219 Pythicae
634 1135 790 1212 cortinae,
815 1135 901 1219 quod
923 1137 1026 1199 aheno
1050 1134 1114 1199 Do·

145 1226 260 1304 donae,
283 1222 368 1304 quod
391 1220 582 1286 Hammonis
607 1219 690 1284 fonti
713 1220 816 1284 datur.

207 1305 237 1369 4.
262 1305 434 1370 Berenices
450 1326 576 1389 quoque
597 1326 665 1369 non
688 1305 831 1388 uulgaris
854 1303 965 1386 honos,
988 1303 1038 1367 cui
1054 1303 1114 1366 soli

145 1390 288 1453 omnium
303 1390 497 1454 feminarum
511 1391 662 1474 gymnico
675 1388 857 1472 spectaculo
873 1389 1028 1452 interesse
1040 1410 1111 1470 per-

143 1475 274 1538 missum
292 1479 349 1557 est,
372 1496 444 1539 cum
465 1475 504 1538 ad
517 1473 667 1558 Olympia
682 1473 784 1536 filium
808 1472 929 1538 Euclea
951 1475 1152 1541 certamenna

142 1557 1112 1727 lttthtlttltuttta⁰lutttlttt‘ttJth

143 1728 317 1813 gentibus.'
358 1777 360 1782 ,
727 1731 728 1735 ’

452 2067 597 2141 LIBER
622 2066 794 2141 NONVS.

297 2251 323 2315 Ι,
362 2251 421 2315 DE
444 2250 647 2326 LVXVRIA
669 2250 725 2315 ET
748 2249 958 2315 LIBIDINE.
1025 2260 1029 2266 '
1126 2254 1152 2293 2⁰

208 2387 368 2451 Blandum
398 2388 496 2451 etiam
522 2388 645 2452 malum
673 2387 813 2466 luxuria,
831 2409 939 2471 „quam
962 2337 1113 2451 acczsare

130 2472 313 2556 ‘aliquanto
345 2472 471 2535 facilius
507 2475 555 2535 est
590 2493 685 2554 quam
717 2472 838 2555 uitara',
872 2471 962 2555 operi
998 2476 1112 2535 nostro

143 2557 319 2640 inseratur,
336 2577 412 2653 ‘nou
443 2557 572 2639 quidem
601 2559 637 2618 ut
664 2555 765 2620 ullum
788 2558 944 2620 honorem
966 2555 1111 2638 recipiat,

142 2642 197 2706 sed
220 2645 256 2706 ut
278 2663 311 2706 se
333 2659 659 2752 ipsabrecognoscens
682 2639 721 2702 ad
743 2641 976 2724 paenitentiam
998 2639 1110 2722 inpelli

211 2832 224 2879 1
243 2826 362 2906 leontini
380 2786 454 2889 Iul,
478 2830 510 2879 ut
528 2838 578 2904 uos
595 2824 665 2878 Par.
687 2825 736 2902 [111
754 2825 927 2903 praestantis
946 2828 1078 2892 (cctrcma
1099 2843 1112 2878 s

139 2911 175 2948 m.
193 2897 213 2948 2
230 2895 296 2948 add.
314 2894 386 2958 aad.)
406 2896 434 2946 A
451 2895 461 2962 [l
483 2898 585 2946 tutin
604 2892 644 2958 A,
669 2907 695 2944 ci
712 2910 742 2944 1n
760 2893 815 3012 Ἴ
835 2893 1017 2994 θεωειιτπαε
1031 2890 1110 2993 ¹Par.

140 2979 168 3020 u.
188 2961 235 3039 ad,
251 2977 281 3028 p.
295 2964 339 3025 72,
353 2961 409 3027 1711
427 2967 442 3014 7
461 2961 590 3038 confessu
608 2961 658 3038 1111
679 2965 695 3013 8
713 2976 769 3028 quo
817 2961 859 3014 'A
877 3001 884 3025 ‚
907 2959 984 3028 quod
1002 2959 1028 3012 L
1045 2959 1073 3011 A
1096 2961 1106 3028 ΙΙ

140 3028 309 3105 aradiendo
331 3029 369 3081 A¹
391 3029 401 3097 ΙΙ
428 3035 459 3082 10
482 3041 584 3096 capu*
608 3030 643 3091 (t1
665 3043 733 3086 crac.
756 3027 1106 3150 mdltndzlltlnhreilossill

141 3098 286 3218 ndllliglig
304 3095 365 3242 Bi}
377 3095 839 3242 llllhliloontidll‘llitlclalfflliizisius
859 3164 870 3241 ΙΙ
892 3170 923 3218 13
945 3137 1109 3216 Benetriccs

139 3164 226 3298 ll1A1,
245 3231 398 3285 Benetricis
415 3231 461 3298 Αἵ,
482 3237 514 3286 ut
531 3247 582 3286 uos
599 3232 668 3290 Par.
685 3232 696 3299 ΙΙ
722 3236 753 3285 16
771 3231 890 3300 *hmpia
913 3232 940 3299 (o
960 3231 1038 3298 cras.)
1056 3230 1083 3283 L
1096 3230 1108 3298 ll

142 3323 172 3370 16
191 3317 319 3437 ingressu
332 3316 401 3369 LA¹
415 3317 470 3437 *719
488 3316 626 3370 VALERI
643 3315 781 3369 MAXIMI
793 3313 903 3368 LIBER
915 3314 983 3369 VIII
997 3303 1109 3393 EXPEI

139 3382 1109 3574 papatucatalaunum·iccc>

180 3536 228 3575 eac
246 3537 264 3590 y
278 3536 308 3589 p.

900 3604 955 3659 27*
