2608 3952
417 177 492 232 cAP.
514 178 581 244 1111,
600 177 663 233 Exi.
682 183 696 244 5
716 185 791 233 2—6.
1026 179 1090 244 249

116 332 240 396 montis
270 330 406 415 gloriam
439 331 567 412 minuc,
600 352 713 396 uerum
747 332 924 397 obscuriori
957 335 1090 416 propter

118 417 337 500 ignorantiam
364 415 479 499 pietati
506 415 641 480 notitiae
670 418 779 482 lumen
807 419 978 496 admoneo,
1006 418 1090 481 sicut

117 500 248 584 Scythis
271 500 408 564 libenter
436 500 568 583 pietatis
594 502 812 566 testimonium
840 501 955 566 reddo:
985 501 1089 566 Dareo

119 588 207 650 enim
235 586 313 649 totis
340 585 434 669 regni
460 586 510 650 sui
538 585 661 650 uiribus
693 588 728 651 in
761 607 871 650 eorum
903 587 1090 670 regionibus

118 669 256 736 subinde
278 671 434 753 impetum
456 669 590 734 facienti
612 671 769 754 paulatim
793 673 941 736 cedentes
962 670 1002 734 ad
1017 671 1115 734 ulti-⁵
1140 669 1150 692 ⁸

119 776 190 820 mas
213 754 277 818 iam
300 753 489 818 solitudines
510 761 731 838 peruenerant.
766 754 956 840 interrogati
976 754 1090 818 deinde

119 840 161 904 ab
191 860 228 903 eo
256 861 314 922 per
341 839 466 922 legatos
494 861 589 922 quem
616 841 714 904 finem
742 840 888 925 fugiendi
915 843 972 905 aut
1003 838 1090 923 quod

119 923 251 988 initium
273 923 442 1009 pugnandi
456 924 575 988 facturi
593 930 709 1006 essent,
732 925 965 1009 responderunt
982 945 1017 988 se
1031 945 1091 988 nee

119 1010 216 1074 urbes
238 1009 321 1072 ullas
343 1029 403 1073 nec
425 1028 519 1093 agros
541 1009 659 1091 cultos,
683 1032 741 1094 pro
761 1011 876 1095 quibus
891 1009 1090 1090 dimicarent,

118 1093 254 1158 habere:
283 1097 438 1176 ceterum,
462 1115 534 1158 oum
557 1095 596 1158 ad
617 1095 799 1178 parentium
822 1116 953 1160 suorum
975 1109 1128 1158 monn-1⁰

118 1183 231 1242 menta
263 1179 419 1260 uenisset,
460 1178 614 1242 sciturum
656 1180 920 1262 quemadmodum
953 1179 1090 1263 Scythae

119 1263 274 1346 proeliari
302 1261 450 1326 solerent.
496 1283 558 1346 quo
586 1263 714 1346 quidem
741 1286 807 1329 uno
835 1268 902 1328 tam
928 1265 982 1348 pio
1006 1264 1091 1328 dicto

119 1347 261 1412 inmanis
284 1351 315 1412 et
337 1347 473 1410 barbara
495 1367 575 1432 gens
594 1348 634 1411 ab
651 1350 738 1413 omni
753 1371 787 1413 se
803 1349 941 1414 feritatis
957 1349 1091 1413 erimine

121 1433 267 1496 redemit.
305 1433 410 1515 prima
431 1433 531 1516 igitur
553 1437 586 1496 et
607 1434 730 1516 optima
750 1454 858 1497 rerum
884 1438 1002 1498 natura
1023 1434 1090 1517 pie-

119 1516 197 1580 tatis
220 1520 269 1580 est
289 1517 454 1600 magistra,
479 1538 559 1600 quae
579 1517 669 1582 nullo
684 1518 773 1582 uocis
789 1517 978 1601 ministeri0,
1001 1516 1129 1581 nullo1⁵

119 1623 181 1666 usu
209 1599 387 1665 litterarum
415 1601 564 1686 indigens
594 1602 733 1685 propriis
760 1623 798 1666 ac
826 1602 934 1666 tacitis
968 1601 1090 1665 uiribus

121 1686 286 1751 caritatem
313 1685 496 1769 parentium
523 1686 697 1751 liberorum
724 1687 908 1770 pectoribus
936 1684 1089 1749 infundit.

120 1770 198 1854 quid
220 1791 297 1854 ergo
314 1770 461 1834 doctrina
474 1771 624 1853 proficit?
648 1775 684 1835 ut
699 1771 850 1856 politiora
867 1770 999 1851 scilicet,
1023 1791 1090 1834 non

119 1859 158 1918 nt
179 1855 312 1918 meliora
333 1855 416 1918 fiant
429 1855 571 1940 ingenia,
594 1855 890 1940 quoniamquidem
909 1854 1011 1919 solida
1026 1856 1090 1918 uir-

122 1948 175 2004 tus
197 1939 341 2004 nascitur
355 1938 457 2024 magis
472 1962 569 2023 quam
583 1941 734 2023 fingitur:
757 1942 788 2006 6.
811 1940 882 2024 quis
898 1940 983 2004 enim
998 1940 1089 2023 plau·
1103 1957 1129 1997 ιο

122 2024 199 2088 stris
221 2044 321 2109 uagos
344 2027 376 2088 et
398 2023 549 2088 siluarum
572 2025 703 2090 latebris
726 2047 858 2109 corpora
873 2047 931 2089 sua
944 2028 1090 2110 tegentes

120 2110 156 2172 in
178 2109 370 2192 modumque
393 2108 532 2173 ferarum
556 2110 680 2174 laniatu
703 2109 860 2194 pecudum
875 2111 1021 2174 uiuentes
1044 2109 1089 2173 sic

121 2194 220 2257 Dario
242 2193 435 2276 respondere
459 2193 590 2258 docuit?
623 2196 679 2259 illa
701 2195 867 2278 nimirum,
891 2216 972 2279 quae
995 2194 1091 2258 etiam

123 2275 233 2342 Croesi
255 2277 356 2342 filium
379 2276 531 2361 loquendi
554 2300 613 2343 usu
629 2279 790 2344 defectum
805 2279 844 2344 ad
859 2278 1091 2363 protegendam

121 2363 223 2446 patris
245 2363 497 2427 incolumitatem
520 2363 699 2428 ministerio
721 2364 808 2428 uocis
822 2366 991 2428 instruxit:
1016 2385 1090 2448 cap·
1104 2377 1129 2418 25

120 2447 163 2510 tis
186 2447 272 2510 enim
294 2469 313 2511 a
336 2447 418 2530 Cyro
434 2446 597 2527 Sardibus,
621 2469 694 2512 cum
715 2470 798 2513 unus
821 2470 838 2512 e
860 2467 994 2513 numero
1015 2448 1090 2513 Per-

122 2553 228 2598 sarum
250 2532 381 2616 ignarus
404 2532 466 2595 uiri
488 2534 524 2596 iro
547 2531 675 2597 caedem
699 2533 766 2597 eius
783 2534 945 2598 concitato
968 2533 1091 2616 impetu

122 2617 270 2697 ferretur,
293 2615 384 2681 uelut
405 2617 523 2682 oblitus
546 2617 621 2700 quid
644 2618 705 2682 sibi
728 2618 858 2683 fortuna
871 2619 1016 2681 nascenti
1039 2617 1090 2681 de·

121 2706 286 2786 negasset,
309 2723 350 2765 ne
374 2701 526 2766 Croesum
549 2721 658 2786 regem
682 2703 841 2767 occideret
862 2701 1090 2786 proclamando

121 2807 224 2870 paene
252 2787 317 2850 iam
345 2788 526 2870 inpressum
556 2787 668 2871 iugulo
697 2809 881 2852 mucronem
913 2786 1088 2850 reuocauit.
1103 2801 1129 2843 30

192 2961 203 3006 1
223 2954 344 3022 gloriam
361 2955 428 3007 inuo
447 2953 528 3007 L¹A1
550 2955 559 3022 11
581 2961 596 3009 3
615 2956 699 3022 scytis
717 2956 802 3020 L1A,
822 2954 899 3008 scitis
918 2955 956 3008 L²
980 2956 989 3022 11
1013 2961 1030 3006 4
1047 2970 1090 3007 re·

120 3022 219 3090 giones
228 3022 349 3092 Pighius
361 3024 371 3092 11
384 3028 399 3075 5
411 3021 526 3076 ultimas
538 3023 595 3076 iam
607 3021 773 3077 solitudines
782 3025 827 3076 At
846 3021 880 3088 cf.
895 3022 977 3077 Gertz
985 3039 1014 3090 1³-
1024 3024 1088 3076 282.

121 3089 223 3144 ultimi
241 3093 328 3144 asiam
347 3089 504 3144 solitudinis
517 3091 595 3148 LA¹.
616 3089 731 3144 ultimas
750 3091 825 3144 asiae
841 3088 1007 3143 solitudines
1019 3088 1089 3154 DF,

121 3155 252 3210 ultimum
274 3158 332 3210 iam
354 3157 512 3212 solitudinis
530 3159 709 3224 Perizonius,
733 3159 819 3212 Halm
843 3159 853 3226 11
879 3164 910 3211 10
929 3157 1090 3225 parentium

120 3225 166 3290 L¹,
184 3227 335 3294 parentum
353 3243 374 3278 s.
392 3224 565 3279 monimenta
582 3227 650 3280 Par.
673 3227 682 3293 11
710 3233 737 3279 11
758 3225 882 3278 uenisset
898 3224 982 3291 Por„
999 3225 1090 3277 uenis·

120 3295 183 3346 sent
200 3293 260 3348 LA
283 3295 293 3361 11
319 3299 350 3346 12
368 3293 445 3346 dictu
464 3293 533 3349 LA¹
558 3295 567 3361 11
592 3301 624 3348 13
647 3295 737 3346 omnis
755 3293 902 3348 efferitatis
925 3293 984 3359 (sic)
1002 3293 1041 3346 Α1
1065 3297 1091 3346 et

116 3361 198 3428 prior
215 3361 230 3413 f
245 3377 314 3418 eras.
331 3360 358 3413 L
375 3361 385 3429 11
402 3360 562 3414 discrimine
580 3363 641 3428 21²1!
659 3368 685 3414 17
704 3361 850 3428 petoribus
863 3360 901 3414 L1
914 3362 923 3429 11
936 3367 969 3414 20
981 3361 1090 3430 magnis

119 3429 157 3481 Α1
171 3431 180 3496 11
192 3428 326 3498 plaustris
338 3429 365 3480 L
378 3433 403 3483 et
415 3429 482 3483 dett.
497 3429 592 3497 parret
610 3427 745 3499 palustris
754 3430 782 3483 A
794 3430 804 3497 11
817 3428 1089 3497 aarcnponderaL1

122 3496 134 3566 11
153 3502 187 3550 ’24
204 3499 306 3565 prote*
332 3497 405 3550 enda
421 3495 448 3548 L
468 3496 479 3564 11
503 3504 535 3550 25
559 3496 781 3551 incolomitatem
799 3497 868 3550 ΙιΑ1
893 3497 902 3565 11
926 3503 958 3550 26
976 3513 1048 3550 unus
1067 3499 1090 3563 (s

7 3561 9 3566 ’
120 3565 274 3631 m.2al.)
327 3581 440 3632 ,unum
457 3565 496 3616 A¹
517 3565 526 3631 11
548 3571 580 3619 27
598 3564 628 3617 in
645 3580 695 3620 om.
713 3565 794 3618 L¹A¹
816 3567 826 3633 11
849 3564 999 3620 concitatio
1018 3564 1054 3618 L¹
