2562 3950
186 165 252 233 566
408 164 478 220 urs.
497 163 572 222 vui.
608 163 684 220 oso.
703 169 727 233 c,
746 164 809 219 axe
827 169 921 220 5-14.

151 325 154 334 '
186 323 401 468 potrimpnium
433 342 521 382 suum
553 323 668 400 patriae
701 323 827 383 donauit
859 325 889 384 et
921 323 986 399 ipse
1019 323 1161 384 Athenas

188 426 317 469 secessi.
973 427 976 434 ⁴

155 505 171 556 5
253 491 428 566 Carneades,
452 493 503 569 qui
524 509 629 552 cxxxx
645 492 730 552 annis
752 492 982 568 philosophatus
1005 495 1062 568 est,
1088 511 1161 553 cum
1210 563 1212 566 ¹

188 577 246 638 cibi
262 577 400 653 capiendi¹
420 595 508 636 cansa
527 577 722 650 recubuisset,
746 577 980 654 cogitationibus
995 578 1158 638 inhaerens

186 681 309 722 manum
337 662 375 721 ad
402 679 535 722 mensam
562 663 715 738 porrigere
743 662 854 722 oblitus
876 664 937 737 est,
967 662 1060 722 donec
1083 674 1186 722 cums

188 747 322 821 Melissa,
352 765 440 822 quam
468 745 569 806 uxoris
597 741 664 806 loco
686 745 824 819 habebat,
847 746 1031 806 admoneret.
1073 747 1158 806 idem

187 849 254 891 cunr
277 830 444 908 Chrysippo
466 831 672 907 disputaturus
697 830 828 890 elleboro
856 849 887 891 se
914 834 983 890 ante
1005 831 1160 908 purgabat

188 915 225 974 ad
248 916 479 991 expromendum
503 915 658 992 ingenium
679 934 776 978 suum.
1161 957 1166 966 ·

155 1013 171 1062 o
252 1000 445 1077 Anaxagoras
473 1000 642 1060 studiorum
670 1018 758 1060 causa
790 1001 998 1076 peregrinatus
1030 1000 1156 1060 tandem

186 1087 284 1161 patris
305 1085 433 1161 repet'ta
453 1085 654 1171 possessiones
677 1102 745 1144 suas
768 1084 899 1144 desertas
921 1085 1001 1144 uidit
1023 1087 1053 1144 et
1075 1085 1157 1144 ‘non
1171 1099 1199 1140 1o

188 1187 284 1230 essem
306 1170 374 1246 ego’
398 1170 498 1245 inquit
520 1169 641 1243 beluus,
665 1169 690 1228 si
712 1169 766 1228 hec
788 1187 849 1229 non
870 1170 1049 1245 perissent’.

154 1265 170 1314 ‘1
251 1255 410 1313 Marcellus
444 1255 539 1330 captis
570 1252 721 1324 Syracusis
755 1272 822 1313 cum
854 1255 948 1312 uitam
981 1252 1158 1314 Archimedi

1269 389 1275 444 t

186 1339 388 1414 concessisset,
411 1338 461 1396 ille
483 1339 562 1398 inter
584 1337 748 1398 tumultum
763 1339 873 1398 formas
889 1337 1033 1414 quasdam
1047 1339 1158 1398 descri-
1274 1389 1275 1392 ,

163 1423 276 1501 ‚bens,
300 1441 366 1484 cum
389 1427 467 1484 esset
489 1423 640 1483 adtentior
662 1422 865 1500 inuestigandi
888 1422 1050 1498 cupiditate
1072 1422 1157 1498 quod

186 1507 367 1583 requirebat,
390 1508 510 1568 domum
533 1508 596 1567 eius
616 1507 811 1581 intrantibus,
835 1510 870 1567 nt
887 1507 965 1566 bona
980 1507 1155 1584 diriperent,
1170 1521 1199 1562 15

189 1592 393 1670 interrogatus
421 1593 458 1652 ab
486 1611 545 1652 uno
575 1592 697 1668 quinam
725 1595 816 1664 esset,
850 1593 985 1668 protecto
1017 1590 1158 1652 manibus

186 1676 310 1752 puluere
334 1677 418 1737 ‘noli’
441 1677 542 1753 inquit
557 1678 624 1736 ‘hoc
647 1677 845 1755 disturbare',
869 1695 903 1736 ac
924 1676 1048 1752 perinde
1069 1677 1159 1752 quasi

186 1762 349 1839 neglegens
392 1763 549 1838 imperium
585 1761 708 1821 uictoris
744 1761 959 1837 interrogantis
996 1761 1158 1821 obtrunca-

173 1849 234 1905 'tus
256 1849 311 1906 ast.

152 1942 169 1992 8
197 1925 199 1930 ’
252 1930 395 1992 Socraten
417 1933 535 1991 constat
556 1931 654 1990 aetate
669 1887 971 2006 prouectum'ficibus
985 1930 1154 1990 tractandis
1170 1945 1198 1986 ro
1274 1889 1275 1938 l

187 2034 307 2091 operam
334 2016 464 2089 dedisse,
499 2015 591 2075 satius
621 2033 684 2074 esse
712 2014 860 2074 dicentem
882 2013 945 2074 eius
968 2014 1043 2073 artis
1064 2033 1157 2074 usum
1274 2031 1275 2036 ¹

186 2099 236 2158 uel
258 2117 323 2160 sero
347 2119 438 2176 quam
458 2118 622 2176 numquam
638 2098 804 2175 percipere.

153 2197 168 2246 c
249 2181 394 2244 isocrates
421 2184 795 2257 ichneumonum,
830 2183 882 2259 qus
911 2160 1157 2270 uastatisque
1274 2267 1275 2274 Ν

62 2269 66 2276 ’
185 2269 376 2344 inscribitur,
406 2271 547 2346 quartum
575 2272 607 2329 et
634 2268 884 2345 nonagensimum
912 2285 1004 2345 agens
1025 2287 1153 2347 annum,

186 2353 229 2412 ita
251 2356 285 2412 ut
306 2354 369 2430 ipse
393 2353 548 2431 significat,
573 2353 703 2429 scripsit.
986 2424 989 2430 Ι
1171 2367 1200 2408 cs

138 2450 170 2500 10
253 2437 443 2516 Chrysippus¹
457 2441 660 2515 octogensimo
676 2455 754 2496 anno
776 2437 928 2512 inceptum
943 2455 1017 2513 opus
1031 2436 1159 2513 reliquit

187 2521 552 2601 undequadragensimnm
573 2526 728 2601 Λογικῶν.
1008 2532 1011 2536 ’

138 2619 169 2669 12
253 2608 413 2684 Sophocles
440 2608 637 2668 centesimum
664 2623 756 2684 agens
789 2624 901 2666 annum
932 2604 1086 2682 Oedipode
1108 2605 1155 2666 fa-

187 2691 291 2753 bulam
314 2694 434 2770 scripsit
455 2692 672 2753 admirabilem.

137 2789 169 2839 13
252 2778 419 2838 Simonides
447 2781 536 2854 poeta
562 2777 765 2854 octogensimo
793 2793 824 2836 se
854 2793 932 2834 anno
961 2777 992 2834 et
1018 2773 1156 2836 docuisse
1171 2793 1199 2836 eo

187 2863 317 2922 carmina
339 2863 422 2923 etin
445 2880 547 2922 eorum
570 2864 719 2921 certarnen
742 2859 930 2920 descendisse
951 2859 1108 2936 gloriatur.

140 2958 172 3007 14
255 2946 324 3007 Solo
353 2947 462 3008 cotidie
491 2964 522 3006 se
548 2946 662 3022 aliquid
685 2946 848 3006 discentem
869 2961 1021 3004 senescere
1043 2944 1157 3004 aiebat.

186 3030 287 3107 itaque
310 3050 377 3092 cum
400 3025 460 3112 [in]
486 3049 623 3108 supremo
651 3029 699 3090 die
720 3031 920 3106 premeretur,
949 3028 1156 3090 adsidentibus

256 3149 271 3197 '1
289 3143 434 3199 helleboro
451 3144 540 3198 Halm
560 3145 571 3213 ll
594 3149 624 3198 11
643 3143 717 3197 hae*
730 3143 740 3212 ll
759 3149 791 3198 13
808 3141 938 3196 cessisset
950 3143 960 3210 ll
975 3145 1005 3196 16
1024 3139 1156 3210 quisnam

186 3210 274 3266 Helm
297 3215 307 3280 l
351 3213 457 3266 coiecto
480 3211 548 3278 cod,
579 3227 627 3266 cm.
648 3210 755 3265 Vahlen
777 3211 787 3279 11
811 3216 844 3264 23
866 3208 1156 3278 panaeeethenaikas

188 3282 267 3354 (corr.
284 3228 350 3346 hosi
359 3280 370 3346 ΙΙ
382 3285 416 3332 24
432 3279 649 3348 nonagesimum
660 3281 724 3333 ccc
736 3279 746 3346 ΙΙ
758 3283 791 3331 26
810 3277 967 3354 chrisippus
979 3293 1014 3332 m.
1025 3281 1042 3330 1
1054 3277 1064 3344 ll
1076 3278 1156 3354 ootq·

187 3358 294 3410 geenne
312 3362 348 3402 m.
361 3348 380 3399 2
392 3348 402 3414 l
414 3346 550 3415 relinquit
561 3347 572 3415 l
588 3353 621 3400 27
640 3345 965 3422 undequadragesimum
981 3361 1017 3400 m.
1028 3347 1048 3399 2
1060 3345 1070 3412 ΙΙ
1081 3342 1110 3396 lc
1145 3375 1157 3386 -

110 3463 114 3471 ,
188 3424 239 3461 ccn
251 3411 261 3476 11
275 3417 307 3464 30
325 3414 497 3546 octoq'esirno
515 3415 649 3482 m.2!132
667 3413 749 3467 immo
767 3413 961 3466 addiscentem
978 3411 1088 3478 Helmll
1131 3411 1154 3464 i-

187 3473 272 3526 cebat
288 3477 376 3531 Halm
433 3486 466 3534 33
484 3479 513 3532 in
531 3481 600 3548 cod,
629 3480 686 3534 iam
704 3479 769 3534 Mai
786 3479 885 3546 Halm,
911 3479 1015 3535 inclusi
1031 3483 1157 3534 ortam

183 3542 364 3606 praecedente
380 3562 409 3596 m
1152 3587 1155 3592 -
