2606 3952
480 174 556 234 ons,
575 175 636 242 11,
655 180 670 240 s
688 182 764 233 1-1.
1065 178 1106 246 85

136 328 248 394 officio
281 328 481 413 fungeretur.
537 328 638 413 igitur
673 349 733 413 ego
766 349 891 413 quoque
922 328 1105 396 haesitante

134 415 244 479 animo
267 434 342 511 uos,
370 413 558 478 bellicarum
586 434 694 510 rerum
722 410 917 478 seuerissimi
946 414 1104 497 custodes,

135 499 287 564 Postum1
314 497 453 562 Tuberte
484 502 517 562 et
543 496 647 562 Manh
674 497 739 562 Tor
762 500 851 579 uate,
884 499 1040 563 memoria
1068 520 1105 564 ac

135 583 294 650 relatione
314 583 516 680 conplector,
539 582 618 665 quio
639 519 944 647 animaduersurum
967 585 1003 647 nt
1023 604 1105 666 pon-

137 669 213 734 dere
238 667 350 751 laudrs,
373 689 469 752 quam
491 667 670 747 meruistis,
692 667 825 732 obrutus
846 668 950 752 magis
972 667 1132 734 inbecila

136 755 263 818 litatem
277 752 402 837 ingenii
422 753 486 818 mei
502 752 647 835 detegam
663 773 759 836 quam
781 754 921 816 uestram
942 752 1106 851 uirtutem,

15 891 16 912 ,
137 838 222 903 siout
244 859 304 921 par
326 839 390 918 est,
416 841 665 920 repraesentem.
709 840 746 902 tu
768 858 921 920 namque,
950 837 1107 920 Postumi,

15 913 16 942 ³
136 923 278 988 dictator
306 923 345 986 A.
372 921 585 1020 Postumium,
615 942 709 1004 quem
737 921 776 986 ad
805 923 932 1007 generis
960 925 1107 1006 penetra·

136 1007 281 1090 liumqae
297 1027 460 1072 sacrorum
480 1005 714 1071 successionem
727 1007 967 1092 propagandam
990 1028 1107 1092 genue-

135 1114 205 1176 ras,
232 1091 321 1156 cuius
342 1091 499 1156 infantiae
522 1091 742 1156 blandimenta
765 1091 839 1156 sinu
868 1095 963 1175 atque
990 1090 1106 1156 osculis
1121 1114 1146 1154 10

138 1178 276 1259 fousras,
299 1196 392 1259 quem
415 1197 550 1260 puerum
573 1175 700 1258 litteris,
722 1197 815 1260 quem
837 1176 988 1242 iuuenem
1010 1177 1107 1242 armis

138 1263 354 1343 instruxeras,
381 1264 543 1345 sanctum,
571 1261 705 1338 fortem,
736 1269 897 1327 amantem
919 1262 967 1326 tui
989 1261 1109 1345 pariter

137 1367 177 1413 ac
203 1347 342 1430 patriae,
370 1349 446 1429 quia
474 1367 542 1410 non
570 1350 625 1411 tuo
653 1346 756 1428 iussu,
783 1345 839 1410 sed
867 1367 924 1410 sua
951 1351 1064 1429 sponte
1092 1367 1109 1413 e

136 1430 297 1516 praesidio
319 1451 509 1514 progressus
530 1429 635 1496 hostis
657 1429 799 1514 fuderat,
826 1430 983 1496 uictorem
1005 1432 1108 1497 securi

137 1516 229 1582 feriri
251 1515 372 1580 iussisti
395 1519 428 1580 et
442 1515 482 1580 ad
497 1514 557 1579 hoc
575 1513 796 1600 peragendum
817 1515 988 1598 imperium
1002 1518 1106 1600 pater·
1121 1535 1146 1574 rs

136 1623 199 1667 nae
223 1598 311 1666 uocis
333 1600 510 1664 ministerio
539 1599 687 1665 sufficere
714 1599 859 1664 uoluisti:
896 1620 972 1664 nam
999 1599 1108 1664 oculos

137 1691 210 1752 tuos
235 1688 359 1750 certum
386 1684 453 1750 scio
476 1684 654 1750 clarissima
674 1685 709 1749 in
733 1685 805 1748 luce
827 1684 968 1748 tenebris
990 1684 1108 1750 offusos

138 1771 259 1856 ingens
282 1769 383 1834 animi
405 1790 485 1852 opus
506 1768 626 1834 intueri
640 1770 834 1854 nequiuirse.
871 1773 908 1834 tu
923 1769 1012 1853 item,
1036 1767 1108 1854 [Po-

141 1854 253 1937 stumi]
277 1853 456 1938 Torquate,
484 1853 602 1919 Latino
624 1854 709 1920 bello
736 1855 849 1920 consul
876 1853 993 1935 filium,
1023 1854 1109 1938 quod

140 1942 335 2025 prouocatus
368 1959 388 2001 a
416 1938 554 2004 Gemino
587 1937 711 2003 Maecio
742 1938 820 2004 duce
853 1938 1107 2004 Tusculanorum
1121 1960 1147 2000 so

141 2025 182 2089 ad
216 2023 431 2088 dimicandum
463 2027 496 2088 tc
528 2023 643 2107 ignaro
677 2023 898 2107 descenderat,
938 2023 1109 2109 gloriosam

137 2109 308 2174 uictoriam
343 2111 375 2172 et
404 2108 548 2191 speciosa
581 2107 683 2191 spolia
710 2109 902 2174 referentem
935 2109 1040 2193 abripi
1067 2110 1109 2174 ab

140 2193 256 2260 lictors
279 2196 312 2258 et
333 2193 368 2257 in
390 2192 520 2266 modum
541 2192 666 2257 hostiae
688 2195 821 2258 mactari
843 2193 982 2278 iussisti,
1007 2195 1108 2259 setius
1171 2270 1178 2281 Ι

140 2301 209 2346 esse
233 2278 377 2343 iudicans
391 2281 518 2361 patrem
533 2277 610 2342 forti
624 2277 691 2342 filio
707 2298 801 2361 quam
817 2279 954 2362 patriam
975 2277 1108 2344 militari

138 2364 309 2448 disciplina
330 2383 447 2428 carere.
1119 2380 1145 2424 11

203 2450 233 2512 7.
264 2451 351 2532 Age,
379 2451 500 2531 quanto
523 2446 638 2530 spirita
660 2449 812 2530 putamus
833 2468 927 2512 usum
948 2446 985 2511 L.
1010 2447 1108 2523 Quin·

137 2534 219 2598 tium
242 2532 472 2598 Cincinnatum
495 2531 684 2596 dictatorem
712 2553 749 2596 eo
771 2535 928 2616 tempore,
963 2552 1027 2616 quo
1056 2530 1107 2596 de·

138 2619 234 2684 uictis
257 2616 444 2702 Aequiculis
466 2619 500 2681 et
521 2617 580 2681 sub
608 2617 720 2701 iugum
742 2617 848 2682 missis
870 2616 906 2682 L.
929 2615 1108 2682 Minucium

206 2759 222 2806 3
239 2751 309 2806 muli
326 2752 364 2804 A¹
388 2757 414 2805 et
436 2754 480 2816 (m.
499 2753 519 2804 2
536 2765 604 2805 corr.
624 2749 711 2818 malli)
731 2751 757 2804 L
778 2751 788 2818 11
809 2756 826 2804 4
848 2750 880 2804 od
900 2751 989 2804 lector
1011 2752 1054 2820 (oo
1075 2751 1108 2804 iu
1223 2738 1227 2748 ’

137 2821 204 2888 ros.)
222 2821 301 2888 1114
319 2819 367 2887 qui
379 2817 701 2886 LA¹l5inbecillitate
721 2821 799 2886 (corr.
815 2767 898 2884 imni
908 2818 1018 2885 LAll'l
1056 2831 1107 2872 cr*

138 2893 163 2954 (s
182 2903 251 2944 eras.
270 2887 343 2955 oid.)
362 2887 391 2940 A
411 2888 421 2956 1
463 2885 623 2940 ostumeA²
643 2886 653 2953 11
676 2893 708 2942 13
727 2903 742 2941 e
759 2900 812 2941 om.
830 2885 899 2952 LA,
917 2886 1009 2954 coppe
1051 2890 1107 2940 orte

135 2959 406 3025 1161111111
451 2951 1107 3022 ,111111311Ταο.1111.1411181111111

157 3021 261 3079 ostumi
283 3022 311 3075 L
337 3027 363 3077 st
386 3023 464 3088 dett,
491 3023 523 3076 tu
548 3021 616 3076 item
639 3021 729 3076 manli
751 3023 782 3078 iu
799 3037 855 3077 ros.
877 3022 905 3075 A
926 3019 1028 3087 Halm,
1055 3034 1107 3076 om.

170 3090 246 3146 colii
266 3105 365 3145 comeo
387 3091 456 3149 Por.
475 3090 547 3160 Nep.
565 3089 600 3155 cf.
617 3089 656 3143 N.
677 3089 708 3170 Q.
731 3091 846 3160 11201
867 3095 900 3143 10
922 3089 1108 3157 prouocatam

138 3160 199 3214 LA
221 3159 230 3227 11
254 3158 378 3226 gcminio
401 3158 471 3213 LA¹
488 3159 573 3214 Pur.²
593 3159 603 3226 11
624 3165 654 3212 11
680 3174 780 3226 ignaro
804 3158 868 3227 (litt.
887 3171 925 3209 na
942 3173 977 3210 m.
995 3158 1015 3210 2
1032 3159 1058 3210 et
1075 3171 1107 3208 ro

137 3230 169 3283 io
185 3227 254 3292 ras)
272 3228 312 3292 A,
329 3227 338 3278 i
360 3242 429 3281 noro
448 3227 505 3294 (sed
523 3241 592 3281 corr.
609 3227 641 3280 ia
658 3227 736 3296 mro.)
754 3226 781 3279 L
802 3227 861 3294 1111
880 3223 1020 3278 referente
1043 3223 1107 3290 (litt.

137 3293 218 3351 rente
240 3295 272 3348 iu
295 3309 349 3348 ros.
384 3295 411 3348 A
435 3295 445 3362 11
469 3294 505 3348 ab
524 3294 595 3359 LA,
618 3311 635 3348 a
656 3295 744 3349 Halm
768 3295 836 3414 113
859 3293 965 3371 lectore
983 3291 1066 3370 L¹A¹
1092 3291 1106 3360 11

139 3369 170 3419 17
182 3365 350 3431 tempores*
359 3377 416 3431 quo
430 3363 490 3429 (sed
522 3377 559 3414 uo
568 3363 601 3415 iu
610 3377 676 3431 orry.
686 3378 720 3416 11.
729 3364 759 3430 2)
808 3361 818 3430 11
831 3365 864 3416 18
877 3360 1029 3426 sequ1cul1s
1042 3359 1108 3416 dett.

138 3447 217 3492 mou,
231 3430 305 3498 quod
317 3444 374 3483 oea
385 3429 446 3484 uid.
459 3446 478 3483 a
490 3379 614 3485 liiruris's
626 3435 725 3496 mum,
738 3427 909 3498 equicurulis
918 3427 986 3494 LA,
1000 3428 1067 3483 odd.
1080 3445 1106 3480 u.

139 3499 236 3568 aequis
255 3499 285 3552 et
302 3498 355 3552 sub
373 3497 392 3552 i.
405 3496 496 3550 missis
508 3511 602 3566 marco
613 3498 640 3550 A
653 3513 666 3551 e
678 3499 764 3558 Pan,
781 3497 814 3551 ds
826 3496 931 3565 Aequis
941 3501 1034 3552 tumea
1045 3511 1108 3550 oum

21 3545 37 3580 i
138 3567 246 3624 Poride
264 3567 437 3620 consentiunt
454 3565 525 3634 Nep.
545 3570 569 3619 et
586 3565 653 3619 Liu.
671 3565 730 3618 111
742 3567 779 3619 29
799 3565 809 3634 11
834 3563 979 3618 minicium
996 3563 1066 3617 LA¹
