<?xml version="1.0" encoding="UTF-8"?>
<!DOCTYPE html PUBLIC "-//W3C//DTD XHTML 1.0 Transitional//EN"
    "http://www.w3.org/TR/xhtml1/DTD/xhtml1-transitional.dtd">
<html xmlns="http://www.w3.org/1999/xhtml" xml:lang="en" lang="en">
 <head>
  <title>
</title>
<meta http-equiv="Content-Type" content="text/html;charset=utf-8" />
  <meta name='ocr-system' content='tesseract 3.04.00' />
  <meta name='ocr-capabilities' content='ocr_page ocr_carea ocr_par ocr_line ocrx_word'/>
</head>
<body>
  <div class='ocr_page' id='page_1' title='image "./valeriimaximifa00nepogoog_0308.png"; bbox 0 0 2608 3952; ppageno 0'>
   <div class='ocr_carea' id='block_1_1' title="bbox 411 177 1117 248">
    <p class='ocr_par' dir='ltr' id='par_1_1' title="bbox 411 177 1117 248">
     <span class='ocr_line' id='line_1_1' title="bbox 411 177 1117 248; baseline 0.016 -14"><span class='ocrx_word' id='word_1_1' title='bbox 411 177 598 247; x_wconf 80' lang='lat' dir='ltr'><strong>cAP.v1-111‚</strong></span> <span class='ocrx_word' id='word_1_2' title='bbox 618 183 726 245; x_wconf 75' lang='lat'><strong>§1-4.</strong></span> <span class='ocrx_word' id='word_1_3' title='bbox 750 177 788 248; x_wconf 79' lang='grc' dir='ltr'><strong>Χ,</strong></span> <span class='ocrx_word' id='word_1_4' title='bbox 807 182 822 244; x_wconf 71' lang='lat' dir='ltr'><strong>s</strong></span> <span class='ocrx_word' id='word_1_5' title='bbox 842 183 864 237; x_wconf 86' lang='lat'><strong>1.</strong></span> <span class='ocrx_word' id='word_1_6' title='bbox 1055 180 1117 245; x_wconf 80' lang='grc'><strong>267</strong></span> 
     </span>
    </p>
   </div>
   <div class='ocr_carea' id='block_1_2' title="bbox 143 331 1183 2350">
    <p class='ocr_par' dir='ltr' id='par_1_2' title="bbox 143 331 1183 2114">
     <span class='ocr_line' id='line_1_2' title="bbox 232 331 1118 419; baseline -0.001 -21"><span class='ocrx_word' id='word_1_7' title='bbox 232 335 263 399; x_wconf 90' lang='grc'><strong>4.</strong></span> <span class='ocrx_word' id='word_1_8' title='bbox 297 335 489 419; x_wconf 83' lang='lat' dir='ltr'><strong>Magnorum</strong></span> <span class='ocrx_word' id='word_1_9' title='bbox 511 332 654 396; x_wconf 89' lang='lat' dir='ltr'><strong>uirorum</strong></span> <span class='ocrx_word' id='word_1_10' title='bbox 676 332 888 398; x_wconf 89' lang='lat' dir='ltr'><strong>clementibus</strong></span> <span class='ocrx_word' id='word_1_11' title='bbox 910 331 991 397; x_wconf 91' lang='lat' dir='ltr'><strong>actis</strong></span> <span class='ocrx_word' id='word_1_12' title='bbox 1012 333 1118 417; x_wconf 87' lang='lat' dir='ltr'><strong>ignoti</strong></span> 
     </span>
     <span class='ocr_line' id='line_1_3' title="bbox 147 416 1118 505; baseline -0.003 -22"><span class='ocrx_word' id='word_1_13' title='bbox 147 420 249 505; x_wconf 86' lang='lat' dir='ltr'><strong>patris</strong></span> <span class='ocrx_word' id='word_1_14' title='bbox 271 439 376 484; x_wconf 89' lang='lat' dir='ltr'><strong>nouae</strong></span> <span class='ocrx_word' id='word_1_15' title='bbox 399 419 496 500; x_wconf 90' lang='lat' dir='ltr'><strong>atque</strong></span> <span class='ocrx_word' id='word_1_16' title='bbox 518 418 691 482; x_wconf 78' lang='lat' dir='ltr'><strong>inusitatae</strong></span> <span class='ocrx_word' id='word_1_17' title='bbox 713 417 849 482; x_wconf 87' lang='lat' dir='ltr'><strong>rationis</strong></span> <span class='ocrx_word' id='word_1_18' title='bbox 864 416 1034 481; x_wconf 89' lang='lat' dir='ltr'><strong>consilium</strong></span> <span class='ocrx_word' id='word_1_19' title='bbox 1052 417 1118 481; x_wconf 90' lang='lat' dir='ltr'><strong>adi-</strong></span> 
     </span>
     <span class='ocr_line' id='line_1_4' title="bbox 146 501 1118 587; baseline -0.002 -18"><span class='ocrx_word' id='word_1_20' title='bbox 146 506 238 570; x_wconf 88' lang='lat' dir='ltr'><strong>ciam.</strong></span> <span class='ocrx_word' id='word_1_21' title='bbox 273 504 339 587; x_wconf 89' lang='lat' dir='ltr'><strong>qui,</strong></span> <span class='ocrx_word' id='word_1_22' title='bbox 364 523 435 567; x_wconf 91' lang='lat' dir='ltr'><strong>cum</strong></span> <span class='ocrx_word' id='word_1_23' title='bbox 459 525 478 566; x_wconf 90' lang='lat' dir='ltr'><strong>a</strong></span> <span class='ocrx_word' id='word_1_24' title='bbox 502 502 568 567; x_wconf 88' lang='lat' dir='ltr'><strong>filio</strong></span> <span class='ocrx_word' id='word_1_25' title='bbox 583 502 717 567; x_wconf 80' lang='lat' dir='ltr'><strong>insidias</strong></span> <span class='ocrx_word' id='word_1_26' title='bbox 732 503 819 567; x_wconf 89' lang='lat' dir='ltr'><strong>necti</strong></span> <span class='ocrx_word' id='word_1_27' title='bbox 834 501 897 566; x_wconf 90' lang='lat' dir='ltr'><strong>sibi</strong></span> <span class='ocrx_word' id='word_1_28' title='bbox 913 503 1118 585; x_wconf 87' lang='lat' dir='ltr'><strong>comperisset</strong></span> 
     </span>
     <span class='ocr_line' id='line_1_5' title="bbox 145 587 1116 671; baseline -0.004 -17"><span class='ocrx_word' id='word_1_29' title='bbox 145 610 207 654; x_wconf 91' lang='lat' dir='ltr'><strong>nec</strong></span> <span class='ocrx_word' id='word_1_30' title='bbox 228 588 380 653; x_wconf 88' lang='lat' dir='ltr'><strong>inducere</strong></span> <span class='ocrx_word' id='word_1_31' title='bbox 401 587 436 651; x_wconf 90' lang='lat' dir='ltr'><strong>in</strong></span> <span class='ocrx_word' id='word_1_32' title='bbox 459 588 601 651; x_wconf 90' lang='lat' dir='ltr'><strong>animum</strong></span> <span class='ocrx_word' id='word_1_33' title='bbox 621 592 732 671; x_wconf 87' lang='lat' dir='ltr'><strong>posset</strong></span> <span class='ocrx_word' id='word_1_34' title='bbox 747 591 783 652; x_wconf 86' lang='lat' dir='ltr'><strong>ut</strong></span> <span class='ocrx_word' id='word_1_35' title='bbox 796 607 909 651; x_wconf 84' lang='lat' dir='ltr'><strong>uerum</strong></span> <span class='ocrx_word' id='word_1_36' title='bbox 925 587 1116 670; x_wconf 88' lang='lat' dir='ltr'><strong>sanguinem</strong></span> 
     </span>
     <span class='ocr_line' id='line_1_6' title="bbox 146 672 1142 758; baseline -0.005 -18"><span class='ocrx_word' id='word_1_37' title='bbox 146 673 272 740; x_wconf 91' lang='lat' dir='ltr'><strong>adhoc</strong></span> <span class='ocrx_word' id='word_1_38' title='bbox 294 672 423 738; x_wconf 87' lang='lat' dir='ltr'><strong>sceleris</strong></span> <span class='ocrx_word' id='word_1_39' title='bbox 445 693 650 758; x_wconf 86' lang='lat' dir='ltr'><strong>progressum</strong></span> <span class='ocrx_word' id='word_1_40' title='bbox 672 673 829 752; x_wconf 90' lang='lat' dir='ltr'><strong>erederet,</strong></span> <span class='ocrx_word' id='word_1_41' title='bbox 852 672 1018 737; x_wconf 87' lang='lat' dir='ltr'><strong>seductam</strong></span> <span class='ocrx_word' id='word_1_42' title='bbox 1038 687 1142 737; x_wconf 82' lang='lat' dir='ltr'><strong>uxo-⁵</strong></span> 
     </span>
     <span class='ocr_line' id='line_1_7' title="bbox 144 756 1116 842; baseline -0.002 -18"><span class='ocrx_word' id='word_1_43' title='bbox 144 780 214 824; x_wconf 91' lang='lat' dir='ltr'><strong>rem</strong></span> <span class='ocrx_word' id='word_1_44' title='bbox 236 758 424 842; x_wconf 77' lang='lat' dir='ltr'><strong>suppliciter</strong></span> <span class='ocrx_word' id='word_1_45' title='bbox 445 758 573 842; x_wconf 83' lang='lat' dir='ltr'><strong>rogauit</strong></span> <span class='ocrx_word' id='word_1_46' title='bbox 594 779 636 822; x_wconf 91' lang='lat' dir='ltr'><strong>ne</strong></span> <span class='ocrx_word' id='word_1_47' title='bbox 665 779 699 821; x_wconf 89' lang='lat' dir='ltr'><strong>se</strong></span> <span class='ocrx_word' id='word_1_48' title='bbox 721 757 855 822; x_wconf 88' lang='lat' dir='ltr'><strong>ulterius</strong></span> <span class='ocrx_word' id='word_1_49' title='bbox 884 756 1018 840; x_wconf 80' lang='lat' dir='ltr'><strong>celaret,</strong></span> <span class='ocrx_word' id='word_1_50' title='bbox 1049 757 1116 822; x_wconf 90' lang='lat' dir='ltr'><strong>siue</strong></span> 
     </span>
     <span class='ocr_line' id='line_1_8' title="bbox 144 842 1115 909; baseline -0.004 0"><span class='ocrx_word' id='word_1_51' title='bbox 144 844 237 909; x_wconf 91' lang='lat' dir='ltr'><strong>illum</strong></span> <span class='ocrx_word' id='word_1_52' title='bbox 265 843 502 908; x_wconf 84' lang='lat' dir='ltr'><strong>adulescentem</strong></span> <span class='ocrx_word' id='word_1_53' title='bbox 532 842 718 907; x_wconf 85' lang='lat' dir='ltr'><strong>subiecisset</strong></span> <span class='ocrx_word' id='word_1_54' title='bbox 744 843 811 906; x_wconf 87' lang='lat' dir='ltr'><strong>siue</strong></span> <span class='ocrx_word' id='word_1_55' title='bbox 840 863 879 906; x_wconf 85' lang='lat' dir='ltr'><strong>ex</strong></span> <span class='ocrx_word' id='word_1_56' title='bbox 912 842 974 906; x_wconf 85' lang='lat' dir='ltr'><strong>alio</strong></span> <span class='ocrx_word' id='word_1_57' title='bbox 1001 861 1115 906; x_wconf 89' lang='lat' dir='ltr'><strong>concc-</strong></span> 
     </span>
     <span class='ocr_line' id='line_1_9' title="bbox 144 926 1115 1014; baseline -0.001 -22"><span class='ocrx_word' id='word_1_58' title='bbox 144 929 255 1014; x_wconf 84' lang='lat' dir='ltr'><strong>pisset.</strong></span> <span class='ocrx_word' id='word_1_59' title='bbox 283 927 522 992; x_wconf 88' lang='lat' dir='ltr'><strong>adseueratione</strong></span> <span class='ocrx_word' id='word_1_60' title='bbox 538 926 652 991; x_wconf 85' lang='lat' dir='ltr'><strong>deinde</strong></span> <span class='ocrx_word' id='word_1_61' title='bbox 668 928 735 992; x_wconf 92' lang='lat' dir='ltr'><strong>eius</strong></span> <span class='ocrx_word' id='word_1_62' title='bbox 751 930 784 990; x_wconf 91' lang='lat' dir='ltr'><strong>et</strong></span> <span class='ocrx_word' id='word_1_63' title='bbox 798 928 867 991; x_wconf 90' lang='lat' dir='ltr'><strong>iure</strong></span> <span class='ocrx_word' id='word_1_64' title='bbox 889 927 1026 991; x_wconf 90' lang='lat' dir='ltr'><strong>iurando</strong></span> <span class='ocrx_word' id='word_1_65' title='bbox 1052 929 1115 1011; x_wconf 89' lang='lat' dir='ltr'><strong>[se]</strong></span> 
     </span>
     <span class='ocr_line' id='line_1_10' title="bbox 145 1011 1117 1097; baseline -0.005 -18"><span class='ocrx_word' id='word_1_66' title='bbox 145 1014 194 1079; x_wconf 94' lang='lat' dir='ltr'><strong>nil</strong></span> <span class='ocrx_word' id='word_1_67' title='bbox 215 1012 281 1077; x_wconf 87' lang='lat' dir='ltr'><strong>tale</strong></span> <span class='ocrx_word' id='word_1_68' title='bbox 303 1013 460 1097; x_wconf 88' lang='lat' dir='ltr'><strong>suspicari</strong></span> <span class='ocrx_word' id='word_1_69' title='bbox 486 1029 656 1095; x_wconf 81' lang='lat' dir='ltr'><strong>persuasus</strong></span> <span class='ocrx_word' id='word_1_70' title='bbox 678 1015 713 1076; x_wconf 92' lang='lat' dir='ltr'><strong>in</strong></span> <span class='ocrx_word' id='word_1_71' title='bbox 736 1013 842 1077; x_wconf 91' lang='lat' dir='ltr'><strong>locum</strong></span> <span class='ocrx_word' id='word_1_72' title='bbox 867 1011 1027 1076; x_wconf 88' lang='lat' dir='ltr'><strong>desertum</strong></span> <span class='ocrx_word' id='word_1_73' title='bbox 1049 1011 1117 1075; x_wconf 91' lang='lat' dir='ltr'><strong>filio</strong></span> 
     </span>
     <span class='ocr_line' id='line_1_11' title="bbox 144 1095 1156 1183; baseline -0.001 -21"><span class='ocrx_word' id='word_1_74' title='bbox 144 1097 300 1183; x_wconf 89' lang='lat' dir='ltr'><strong>perducto</strong></span> <span class='ocrx_word' id='word_1_75' title='bbox 322 1096 483 1182; x_wconf 83' lang='lat' dir='ltr'><strong>gladium,</strong></span> <span class='ocrx_word' id='word_1_76' title='bbox 512 1118 607 1181; x_wconf 90' lang='lat' dir='ltr'><strong>quem</strong></span> <span class='ocrx_word' id='word_1_77' title='bbox 629 1096 792 1162; x_wconf 90' lang='lat' dir='ltr'><strong>occultum</strong></span> <span class='ocrx_word' id='word_1_78' title='bbox 819 1117 926 1161; x_wconf 86' lang='lat' dir='ltr'><strong>secum</strong></span> <span class='ocrx_word' id='word_1_79' title='bbox 949 1095 1116 1179; x_wconf 79' lang='lat' dir='ltr'><strong>adtulerat,</strong></span> <span class='ocrx_word' id='word_1_80' title='bbox 1130 1111 1156 1151; x_wconf 83' lang='lat'><strong>¹⁰</strong></span> 
     </span>
     <span class='ocr_line' id='line_1_12' title="bbox 144 1180 1115 1266; baseline -0.004 -18"><span class='ocrx_word' id='word_1_81' title='bbox 144 1181 278 1248; x_wconf 88' lang='lat' dir='ltr'><strong>tradidit</strong></span> <span class='ocrx_word' id='word_1_82' title='bbox 298 1201 336 1247; x_wconf 85' lang='lat' dir='ltr'><strong>ae</strong></span> <span class='ocrx_word' id='word_1_83' title='bbox 357 1183 504 1266; x_wconf 87' lang='lat' dir='ltr'><strong>iugulum</strong></span> <span class='ocrx_word' id='word_1_84' title='bbox 526 1180 705 1246; x_wconf 87' lang='lat' dir='ltr'><strong>feriendum</strong></span> <span class='ocrx_word' id='word_1_85' title='bbox 719 1182 884 1265; x_wconf 79' lang='lat' dir='ltr'><strong>praebuit,</strong></span> <span class='ocrx_word' id='word_1_86' title='bbox 907 1202 967 1246; x_wconf 90' lang='lat' dir='ltr'><strong>nec</strong></span> <span class='ocrx_word' id='word_1_87' title='bbox 988 1201 1115 1247; x_wconf 88' lang='lat' dir='ltr'><strong>ueneno</strong></span> 
     </span>
     <span class='ocr_line' id='line_1_13' title="bbox 143 1265 1116 1350; baseline -0.004 -16"><span class='ocrx_word' id='word_1_88' title='bbox 143 1289 206 1334; x_wconf 90' lang='lat' dir='ltr'><strong>nec</strong></span> <span class='ocrx_word' id='word_1_89' title='bbox 227 1268 351 1332; x_wconf 88' lang='lat' dir='ltr'><strong>latrone</strong></span> <span class='ocrx_word' id='word_1_90' title='bbox 373 1267 402 1332; x_wconf 89' lang='lat' dir='ltr'><strong>ei</strong></span> <span class='ocrx_word' id='word_1_91' title='bbox 425 1266 466 1331; x_wconf 90' lang='lat' dir='ltr'><strong>ad</strong></span> <span class='ocrx_word' id='word_1_92' title='bbox 487 1265 706 1350; x_wconf 85' lang='lat' dir='ltr'><strong>peragendum</strong></span> <span class='ocrx_word' id='word_1_93' title='bbox 720 1267 927 1350; x_wconf 87' lang='lat' dir='ltr'><strong>parricidium</strong></span> <span class='ocrx_word' id='word_1_94' title='bbox 949 1287 1029 1350; x_wconf 91' lang='lat' dir='ltr'><strong>opus</strong></span> <span class='ocrx_word' id='word_1_95' title='bbox 1046 1287 1116 1330; x_wconf 86' lang='lat' dir='ltr'><strong>esse</strong></span> 
     </span>
     <span class='ocr_line' id='line_1_14' title="bbox 144 1350 1116 1436; baseline -0.003 -19"><span class='ocrx_word' id='word_1_96' title='bbox 144 1351 327 1417; x_wconf 89' lang='lat' dir='ltr'><strong>adfirmans.</strong></span> <span class='ocrx_word' id='word_1_97' title='bbox 361 1373 424 1436; x_wconf 89' lang='lat' dir='ltr'><strong>quo</strong></span> <span class='ocrx_word' id='word_1_98' title='bbox 446 1352 533 1415; x_wconf 83' lang='lat' dir='ltr'><strong>facto</strong></span> <span class='ocrx_word' id='word_1_99' title='bbox 555 1372 622 1416; x_wconf 90' lang='lat' dir='ltr'><strong>uon</strong></span> <span class='ocrx_word' id='word_1_100' title='bbox 642 1350 816 1434; x_wconf 88' lang='lat' dir='ltr'><strong>paulatim,</strong></span> <span class='ocrx_word' id='word_1_101' title='bbox 839 1351 895 1415; x_wconf 91' lang='lat' dir='ltr'><strong>sed</strong></span> <span class='ocrx_word' id='word_1_102' title='bbox 916 1372 1036 1434; x_wconf 87' lang='lat' dir='ltr'><strong>magno</strong></span> <span class='ocrx_word' id='word_1_103' title='bbox 1058 1351 1116 1415; x_wconf 91' lang='lat' dir='ltr'><strong>im-</strong></span> 
     </span>
     <span class='ocr_line' id='line_1_15' title="bbox 143 1436 1116 1522; baseline -0.003 -20"><span class='ocrx_word' id='word_1_104' title='bbox 143 1441 222 1522; x_wconf 90' lang='lat' dir='ltr'><strong>petu</strong></span> <span class='ocrx_word' id='word_1_105' title='bbox 244 1440 331 1502; x_wconf 89' lang='lat' dir='ltr'><strong>recta</strong></span> <span class='ocrx_word' id='word_1_106' title='bbox 354 1436 507 1521; x_wconf 85' lang='lat' dir='ltr'><strong>cogitatio</strong></span> <span class='ocrx_word' id='word_1_107' title='bbox 529 1439 641 1519; x_wconf 89' lang='lat' dir='ltr'><strong>pectus</strong></span> <span class='ocrx_word' id='word_1_108' title='bbox 664 1436 790 1515; x_wconf 82' lang='lat' dir='ltr'><strong>iuuenis</strong></span> <span class='ocrx_word' id='word_1_109' title='bbox 818 1436 989 1519; x_wconf 89' lang='lat' dir='ltr'><strong>occupauit</strong></span> <span class='ocrx_word' id='word_1_110' title='bbox 1013 1436 1116 1500; x_wconf 91' lang='lat' dir='ltr'><strong>conti-</strong></span> 
     </span>
     <span class='ocr_line' id='line_1_16' title="bbox 143 1520 1153 1606; baseline -0.005 -19"><span class='ocrx_word' id='word_1_111' title='bbox 143 1542 274 1606; x_wconf 91' lang='lat' dir='ltr'><strong>nuoque</strong></span> <span class='ocrx_word' id='word_1_112' title='bbox 296 1522 420 1586; x_wconf 88' lang='lat' dir='ltr'><strong>abiecto</strong></span> <span class='ocrx_word' id='word_1_113' title='bbox 437 1520 544 1605; x_wconf 87' lang='lat' dir='ltr'><strong>gladio</strong></span> <span class='ocrx_word' id='word_1_114' title='bbox 560 1525 614 1585; x_wconf 70' lang='lat' dir='ltr'><strong>‘tu</strong></span> <span class='ocrx_word' id='word_1_115' title='bbox 630 1526 727 1585; x_wconf 88' lang='lat' dir='ltr'><strong>uero&#39;</strong></span> <span class='ocrx_word' id='word_1_116' title='bbox 746 1521 868 1606; x_wconf 82' lang='lat' dir='ltr'><strong>inquit,</strong></span> <span class='ocrx_word' id='word_1_117' title='bbox 892 1523 1008 1604; x_wconf 65' lang='lat' dir='ltr'><strong>pater,</strong></span> <span class='ocrx_word' id='word_1_118' title='bbox 1032 1521 1113 1598; x_wconf 89' lang='lat' dir='ltr'><strong>uiue,</strong></span> <span class='ocrx_word' id='word_1_119' title='bbox 1129 1531 1153 1573; x_wconf 76' lang='lat'><strong>1⁶</strong></span> 
     </span>
     <span class='ocr_line' id='line_1_17' title="bbox 144 1605 1117 1690; baseline -0.006 -17"><span class='ocrx_word' id='word_1_120' title='bbox 144 1612 177 1673; x_wconf 89' lang='lat' dir='ltr'><strong>et</strong></span> <span class='ocrx_word' id='word_1_121' title='bbox 200 1609 227 1672; x_wconf 92' lang='lat' dir='ltr'><strong>si</strong></span> <span class='ocrx_word' id='word_1_122' title='bbox 249 1610 316 1670; x_wconf 90' lang='lat' dir='ltr'><strong>tam</strong></span> <span class='ocrx_word' id='word_1_123' title='bbox 339 1607 518 1690; x_wconf 85' lang='lat' dir='ltr'><strong>obsequens</strong></span> <span class='ocrx_word' id='word_1_124' title='bbox 541 1607 573 1670; x_wconf 90' lang='lat' dir='ltr'><strong>et</strong></span> <span class='ocrx_word' id='word_1_125' title='bbox 599 1605 661 1670; x_wconf 90' lang='lat' dir='ltr'><strong>hoc</strong></span> <span class='ocrx_word' id='word_1_126' title='bbox 689 1607 814 1690; x_wconf 89' lang='lat' dir='ltr'><strong>precari</strong></span> <span class='ocrx_word' id='word_1_127' title='bbox 841 1605 910 1668; x_wconf 91' lang='lat' dir='ltr'><strong>filio</strong></span> <span class='ocrx_word' id='word_1_128' title='bbox 935 1605 1117 1689; x_wconf 89' lang='lat' dir='ltr'><strong>permittas,</strong></span> 
     </span>
     <span class='ocr_line' id='line_1_18' title="bbox 146 1690 1117 1776; baseline -0.004 -19"><span class='ocrx_word' id='word_1_129' title='bbox 146 1713 198 1758; x_wconf 90' lang='lat' dir='ltr'><strong>me</strong></span> <span class='ocrx_word' id='word_1_130' title='bbox 220 1712 347 1776; x_wconf 90' lang='lat' dir='ltr'><strong>quoque</strong></span> <span class='ocrx_word' id='word_1_131' title='bbox 370 1712 519 1776; x_wconf 87' lang='lat' dir='ltr'><strong>exupera.</strong></span> <span class='ocrx_word' id='word_1_132' title='bbox 563 1690 620 1756; x_wconf 86' lang='lat' dir='ltr'><strong>sed</strong></span> <span class='ocrx_word' id='word_1_133' title='bbox 639 1695 769 1756; x_wconf 87' lang='lat' dir='ltr'><strong>tantum</strong></span> <span class='ocrx_word' id='word_1_134' title='bbox 793 1710 928 1774; x_wconf 86' lang='lat' dir='ltr'><strong>quaeso,</strong></span> <span class='ocrx_word' id='word_1_135' title='bbox 957 1709 999 1753; x_wconf 90' lang='lat' dir='ltr'><strong>ne</strong></span> <span class='ocrx_word' id='word_1_136' title='bbox 1027 1710 1117 1753; x_wconf 87' lang='lat' dir='ltr'><strong>meus</strong></span> 
     </span>
     <span class='ocr_line' id='line_1_19' title="bbox 144 1773 1117 1876; baseline -0.003 -35"><span class='ocrx_word' id='word_1_137' title='bbox 144 1795 222 1876; x_wconf 80' lang='lat' dir='ltr'><strong>erga</strong></span> <span class='ocrx_word' id='word_1_138' title='bbox 242 1780 273 1841; x_wconf 91' lang='lat' dir='ltr'><strong>te</strong></span> <span class='ocrx_word' id='word_1_139' title='bbox 295 1797 386 1864; x_wconf 85' lang='lat' dir='ltr'><strong>amor</strong></span> <span class='ocrx_word' id='word_1_140' title='bbox 408 1798 444 1841; x_wconf 88' lang='lat' dir='ltr'><strong>eo</strong></span> <span class='ocrx_word' id='word_1_141' title='bbox 467 1776 510 1841; x_wconf 90' lang='lat' dir='ltr'><strong>sit</strong></span> <span class='ocrx_word' id='word_1_142' title='bbox 531 1775 591 1840; x_wconf 93' lang='lat' dir='ltr'><strong>tibi</strong></span> <span class='ocrx_word' id='word_1_143' title='bbox 616 1775 710 1840; x_wconf 88' lang='lat' dir='ltr'><strong>uilior</strong></span> <span class='ocrx_word' id='word_1_144' title='bbox 716 1824 725 1858; x_wconf 89' lang='lat'><strong>,</strong></span> <span class='ocrx_word' id='word_1_145' title='bbox 755 1774 841 1859; x_wconf 90' lang='lat' dir='ltr'><strong>quod</strong></span> <span class='ocrx_word' id='word_1_146' title='bbox 868 1797 887 1839; x_wconf 94' lang='lat' dir='ltr'><strong>a</strong></span> <span class='ocrx_word' id='word_1_147' title='bbox 914 1773 1117 1857; x_wconf 85' lang='lat' dir='ltr'><strong>paenitentia</strong></span> 
     </span>
     <span class='ocr_line' id='line_1_20' title="bbox 143 1859 1116 1946; baseline -0.004 -20"><span class='ocrx_word' id='word_1_148' title='bbox 143 1865 273 1930; x_wconf 82' lang='lat' dir='ltr'><strong>oritur’.</strong></span> <span class='ocrx_word' id='word_1_149' title='bbox 301 1861 505 1926; x_wconf 88' lang='lat' dir='ltr'><strong>solitudinem</strong></span> <span class='ocrx_word' id='word_1_150' title='bbox 519 1863 679 1946; x_wconf 84' lang='lat' dir='ltr'><strong>sanguine</strong></span> <span class='ocrx_word' id='word_1_151' title='bbox 694 1860 858 1926; x_wconf 88' lang='lat' dir='ltr'><strong>meliorem</strong></span> <span class='ocrx_word' id='word_1_152' title='bbox 873 1859 1116 1943; x_wconf 88' lang='lat' dir='ltr'><strong>pacatioresque</strong></span> 
     </span>
     <span class='ocr_line' id='line_1_21' title="bbox 144 1945 1183 2032; baseline -0.004 -21"><span class='ocrx_word' id='word_1_153' title='bbox 144 1946 316 2032; x_wconf 87' lang='lat' dir='ltr'><strong>penatibus</strong></span> <span class='ocrx_word' id='word_1_154' title='bbox 339 1945 438 2011; x_wconf 86' lang='lat' dir='ltr'><strong>siluas</strong></span> <span class='ocrx_word' id='word_1_155' title='bbox 453 1950 486 2011; x_wconf 92' lang='lat' dir='ltr'><strong>et</strong></span> <span class='ocrx_word' id='word_1_156' title='bbox 501 1946 662 2012; x_wconf 86' lang='lat' dir='ltr'><strong>alimentis</strong></span> <span class='ocrx_word' id='word_1_157' title='bbox 679 1945 828 2011; x_wconf 87' lang='lat' dir='ltr'><strong>blandius</strong></span> <span class='ocrx_word' id='word_1_158' title='bbox 842 1945 965 2009; x_wconf 87' lang='lat' dir='ltr'><strong>ferrum</strong></span> <span class='ocrx_word' id='word_1_159' title='bbox 981 1964 1018 2008; x_wconf 90' lang='lat' dir='ltr'><strong>ac</strong></span> <span class='ocrx_word' id='word_1_160' title='bbox 1033 1964 1116 2008; x_wconf 89' lang='lat' dir='ltr'><strong>mor·</strong></span> <span class='ocrx_word' id='word_1_161' title='bbox 1130 1955 1156 1996; x_wconf 74' lang='lat'><strong>2⁰</strong></span> <span class='ocrx_word' id='word_1_162' title='bbox 1180 1967 1183 1973; x_wconf 72' lang='grc'><strong>’</strong></span> 
     </span>
     <span class='ocr_line' id='line_1_22' title="bbox 143 2028 1058 2114; baseline -0.003 -18"><span class='ocrx_word' id='word_1_163' title='bbox 143 2033 186 2096; x_wconf 89' lang='lat' dir='ltr'><strong>tis</strong></span> <span class='ocrx_word' id='word_1_164' title='bbox 209 2031 336 2094; x_wconf 88' lang='lat' dir='ltr'><strong>oblatae</strong></span> <span class='ocrx_word' id='word_1_165' title='bbox 358 2053 455 2114; x_wconf 88' lang='lat' dir='ltr'><strong>quam</strong></span> <span class='ocrx_word' id='word_1_166' title='bbox 479 2031 570 2096; x_wconf 89' lang='lat' dir='ltr'><strong>datae</strong></span> <span class='ocrx_word' id='word_1_167' title='bbox 592 2032 678 2096; x_wconf 87' lang='lat' dir='ltr'><strong>uitae</strong></span> <span class='ocrx_word' id='word_1_168' title='bbox 700 2031 828 2096; x_wconf 87' lang='lat' dir='ltr'><strong>felicius</strong></span> <span class='ocrx_word' id='word_1_169' title='bbox 851 2028 1058 2095; x_wconf 83' lang='lat' dir='ltr'><strong>beneficium!</strong></span> 
     </span>
    </p>

    <p class='ocr_par' dir='ltr' id='par_1_3' title="bbox 143 2114 1117 2350">
     <span class='ocr_line' id='line_1_23' title="bbox 207 2114 1117 2199; baseline -0.003 -19"><span class='ocrx_word' id='word_1_170' title='bbox 207 2114 249 2180; x_wconf 92' lang='lat' dir='ltr'><strong>X.</strong></span> <span class='ocrx_word' id='word_1_171' title='bbox 279 2114 543 2180; x_wconf 76' lang='lat' dir='ltr'><strong>Commemoratis</strong></span> <span class='ocrx_word' id='word_1_172' title='bbox 566 2117 719 2199; x_wconf 86' lang='lat' dir='ltr'><strong>patribus,</strong></span> <span class='ocrx_word' id='word_1_173' title='bbox 745 2117 800 2199; x_wconf 91' lang='lat' dir='ltr'><strong>qui</strong></span> <span class='ocrx_word' id='word_1_174' title='bbox 821 2115 955 2178; x_wconf 87' lang='lat' dir='ltr'><strong>iniurias</strong></span> <span class='ocrx_word' id='word_1_175' title='bbox 978 2114 1117 2179; x_wconf 89' lang='lat' dir='ltr'><strong>filiorum</strong></span> 
     </span>
     <span class='ocr_line' id='line_1_24' title="bbox 143 2200 1116 2285; baseline -0.001 -21"><span class='ocrx_word' id='word_1_176' title='bbox 143 2200 306 2285; x_wconf 89' lang='lat' dir='ltr'><strong>patienter</strong></span> <span class='ocrx_word' id='word_1_177' title='bbox 321 2205 523 2284; x_wconf 84' lang='lat' dir='ltr'><strong>exceperunt,</strong></span> <span class='ocrx_word' id='word_1_178' title='bbox 540 2200 713 2265; x_wconf 83' lang='lat' dir='ltr'><strong>referamus</strong></span> <span class='ocrx_word' id='word_1_179' title='bbox 730 2221 793 2283; x_wconf 89' lang='lat' dir='ltr'><strong>eos,</strong></span> <span class='ocrx_word' id='word_1_180' title='bbox 809 2200 868 2284; x_wconf 91' lang='lat' dir='ltr'><strong>qui·</strong></span> <span class='ocrx_word' id='word_1_181' title='bbox 876 2201 998 2264; x_wconf 85' lang='lat' dir='ltr'><strong>mortes</strong></span> <span class='ocrx_word' id='word_1_182' title='bbox 1014 2219 1116 2283; x_wconf 87' lang='lat' dir='ltr'><strong>aequo</strong></span> 
     </span>
     <span class='ocr_line' id='line_1_25' title="bbox 144 2285 1004 2350; baseline -0.007 0"><span class='ocrx_word' id='word_1_183' title='bbox 144 2285 253 2350; x_wconf 91' lang='lat' dir='ltr'><strong>animo</strong></span> <span class='ocrx_word' id='word_1_184' title='bbox 275 2285 467 2349; x_wconf 88' lang='lat' dir='ltr'><strong>tolerarunt.</strong></span> <span class='ocrx_word' id='word_1_185' title='bbox 1001 2289 1004 2296; x_wconf 88' lang='lat'>&#39;</span> 
     </span>
    </p>
   </div>
   <div class='ocr_carea' id='block_1_3' title="bbox 144 2449 1156 2638">
    <p class='ocr_par' dir='ltr' id='par_1_4' title="bbox 144 2449 1156 2638">
     <span class='ocr_line' id='line_1_26' title="bbox 144 2449 1156 2568; baseline -0.009 -15"><span class='ocrx_word' id='word_1_186' title='bbox 144 2487 205 2554; x_wconf 84' lang='lat' dir='ltr'><strong>us</strong></span> <span class='ocrx_word' id='word_1_187' title='bbox 232 2484 527 2568; x_wconf 74' lang='lat' dir='ltr'><strong>prauumue,</strong></span> <span class='ocrx_word' id='word_1_188' title='bbox 556 2483 632 2561; x_wconf 83' lang='lat' dir='ltr'><strong>cvr</strong></span> <span class='ocrx_word' id='word_1_189' title='bbox 662 2483 831 2552; x_wconf 79' lang='lat' dir='ltr'><strong>carrvu</strong></span> <span class='ocrx_word' id='word_1_190' title='bbox 858 2449 1156 2552; x_wconf 67' lang='lat' dir='ltr'><strong>ureraoavua</strong></span> 
     </span>
     <span class='ocr_line' id='line_1_27' title="bbox 345 2567 915 2638; baseline -0.005 -2"><span class='ocrx_word' id='word_1_191' title='bbox 345 2569 643 2638; x_wconf 65' lang='lat' dir='ltr'><strong>scarlatano</strong></span> <span class='ocrx_word' id='word_1_192' title='bbox 667 2567 915 2636; x_wconf 76' lang='lat' dir='ltr'><strong>rvnnavur.</strong></span> 
     </span>
    </p>
   </div>
   <div class='ocr_carea' id='block_1_4' title="bbox 145 2686 1117 2856">
    <p class='ocr_par' dir='ltr' id='par_1_5' title="bbox 145 2686 1117 2856">
     <span class='ocr_line' id='line_1_28' title="bbox 211 2686 1117 2772; baseline -0.003 -17"><span class='ocrx_word' id='word_1_193' title='bbox 211 2693 239 2756; x_wconf 90' lang='lat'><strong>1.</strong></span> <span class='ocrx_word' id='word_1_194' title='bbox 268 2689 422 2755; x_wconf 86' lang='lat' dir='ltr'><strong>Horatius</strong></span> <span class='ocrx_word' id='word_1_195' title='bbox 439 2689 606 2768; x_wconf 88' lang='lat' dir='ltr'><strong>Puluillus,</strong></span> <span class='ocrx_word' id='word_1_196' title='bbox 629 2709 702 2753; x_wconf 91' lang='lat' dir='ltr'><strong>cum</strong></span> <span class='ocrx_word' id='word_1_197' title='bbox 723 2689 759 2753; x_wconf 82' lang='lat' dir='ltr'><strong>ia</strong></span> <span class='ocrx_word' id='word_1_198' title='bbox 782 2686 942 2772; x_wconf 81' lang='lat' dir='ltr'><strong>Capitolio</strong></span> <span class='ocrx_word' id='word_1_199' title='bbox 965 2687 1037 2753; x_wconf 93' lang='lat' dir='ltr'><strong>Ioui</strong></span> <span class='ocrx_word' id='word_1_200' title='bbox 1060 2709 1117 2772; x_wconf 93' lang='lat' dir='ltr'><strong>op·</strong></span> 
     </span>
     <span class='ocr_line' id='line_1_29' title="bbox 145 2773 1116 2856; baseline -0.006 -14"><span class='ocrx_word' id='word_1_201' title='bbox 145 2778 225 2842; x_wconf 92' lang='lat' dir='ltr'><strong>timo</strong></span> <span class='ocrx_word' id='word_1_202' title='bbox 247 2777 388 2840; x_wconf 83' lang='lat' dir='ltr'><strong>maximo</strong></span> <span class='ocrx_word' id='word_1_203' title='bbox 411 2775 522 2839; x_wconf 87' lang='lat' dir='ltr'><strong>aedem</strong></span> <span class='ocrx_word' id='word_1_204' title='bbox 537 2773 684 2856; x_wconf 85' lang='lat' dir='ltr'><strong>pontifex</strong></span> <span class='ocrx_word' id='word_1_205' title='bbox 698 2773 860 2838; x_wconf 85' lang='lat' dir='ltr'><strong>dedicaret</strong></span> <span class='ocrx_word' id='word_1_206' title='bbox 874 2773 1017 2856; x_wconf 83' lang='lat' dir='ltr'><strong>interque</strong></span> <span class='ocrx_word' id='word_1_207' title='bbox 1032 2794 1116 2838; x_wconf 90' lang='lat' dir='ltr'><strong>nun·</strong></span> 
     </span>
    </p>
   </div>
   <div class='ocr_carea' id='block_1_5' title="bbox 145 2957 1116 3146">
    <p class='ocr_par' dir='ltr' id='par_1_6' title="bbox 145 2957 1116 3146">
     <span class='ocr_line' id='line_1_30' title="bbox 214 2957 1092 3029; baseline 0 -17"><span class='ocrx_word' id='word_1_208' title='bbox 214 2967 227 3012; x_wconf 88' lang='lat'>1</span> <span class='ocrx_word' id='word_1_209' title='bbox 247 2958 425 3013; x_wconf 90' lang='lat' dir='ltr'><strong>dementibus</strong></span> <span class='ocrx_word' id='word_1_210' title='bbox 437 2958 474 3011; x_wconf 83' lang='lat' dir='ltr'><strong>L¹</strong></span> <span class='ocrx_word' id='word_1_211' title='bbox 488 2960 526 3029; x_wconf 74' lang='lat'><strong>{12</strong></span> <span class='ocrx_word' id='word_1_212' title='bbox 544 2959 640 3028; x_wconf 84' lang='lat' dir='ltr'><strong>patres</strong></span> <span class='ocrx_word' id='word_1_213' title='bbox 652 2959 733 3014; x_wconf 79' lang='lat' dir='ltr'><strong>L¹A¹</strong></span> <span class='ocrx_word' id='word_1_214' title='bbox 747 2961 785 3027; x_wconf 79' lang='grc'><strong>[13</strong></span> <span class='ocrx_word' id='word_1_215' title='bbox 803 2957 878 3012; x_wconf 89' lang='lat' dir='ltr'><strong>necti</strong></span> <span class='ocrx_word' id='word_1_216' title='bbox 891 2957 971 3024; x_wconf 64' lang='grc' dir='ltr'><strong>Μ’,</strong></span> <span class='ocrx_word' id='word_1_217' title='bbox 989 2973 1040 3012; x_wconf 90' lang='lat' dir='ltr'><strong>nee</strong></span> <span class='ocrx_word' id='word_1_218' title='bbox 1053 2958 1092 3012; x_wconf 78' lang='lat' dir='ltr'><strong>A1</strong></span> 
     </span>
     <span class='ocr_line' id='line_1_31' title="bbox 145 3025 1116 3146; baseline -0.001 -63"><span class='ocrx_word' id='word_1_219' title='bbox 145 3033 161 3084; x_wconf 84' lang='lat'><strong>5</strong></span> <span class='ocrx_word' id='word_1_220' title='bbox 178 3025 233 3080; x_wconf 90' lang='lat' dir='ltr'><strong>hoc</strong></span> <span class='ocrx_word' id='word_1_221' title='bbox 251 3027 317 3081; x_wconf 82' lang='lat' dir='ltr'><strong>dett.</strong></span> <span class='ocrx_word' id='word_1_222' title='bbox 334 3026 477 3093; x_wconf 73' lang='lat' dir='ltr'><strong>nonnulli,</strong></span> <span class='ocrx_word' id='word_1_223' title='bbox 497 3027 571 3080; x_wconf 90' lang='lat' dir='ltr'><strong>hunc</strong></span> <span class='ocrx_word' id='word_1_224' title='bbox 583 3026 643 3081; x_wconf 79' lang='lat' dir='ltr'><strong>LA</strong></span> <span class='ocrx_word' id='word_1_225' title='bbox 655 3028 694 3095; x_wconf 79' lang='lat' dir='ltr'><strong>l8</strong></span> <span class='ocrx_word' id='word_1_226' title='bbox 711 3043 741 3082; x_wconf 84' lang='lat' dir='ltr'><strong>se</strong></span> <span class='ocrx_word' id='word_1_227' title='bbox 760 3041 821 3083; x_wconf 83' lang='lat' dir='ltr'><strong>cam</strong></span> <span class='ocrx_word' id='word_1_228' title='bbox 834 3025 933 3146; x_wconf 70' lang='lat' dir='ltr'><strong>Lipsio</strong></span> <span class='ocrx_word' id='word_1_229' title='bbox 944 3025 1051 3080; x_wconf 76' lang='lat' dir='ltr'><strong>seclusi.</strong></span> <span class='ocrx_word' id='word_1_230' title='bbox 1109 3064 1116 3082; x_wconf 87' lang='lat'><strong>.</strong></span> 
     </span>
    </p>
   </div>
   <div class='ocr_carea' id='block_1_6' title="bbox 10 3093 1117 3218">
    <p class='ocr_par' dir='ltr' id='par_1_7' title="bbox 10 3093 1117 3218">
     <span class='ocr_line' id='line_1_32' title="bbox 10 3093 1117 3218; baseline -0.004 -69"><span class='ocrx_word' id='word_1_231' title='bbox 10 3153 25 3170; x_wconf 25' lang='grc' dir='ltr'><em>ὁ</em></span> <span class='ocrx_word' id='word_1_232' title='bbox 144 3093 270 3218; x_wconf 52' lang='grc' dir='ltr'><strong>ἔῗίἀιὲρ</strong></span> <span class='ocrx_word' id='word_1_233' title='bbox 288 3094 390 3148; x_wconf 72' lang='lat'><strong><em>[1325</em></strong></span> <span class='ocrx_word' id='word_1_234' title='bbox 407 3095 465 3149; x_wconf 83' lang='lat' dir='ltr'><strong>coll.</strong></span> <span class='ocrx_word' id='word_1_235' title='bbox 480 3098 613 3162; x_wconf 78' lang='lat' dir='ltr'><strong>p.153.9,</strong></span> <span class='ocrx_word' id='word_1_236' title='bbox 630 3100 734 3150; x_wconf 78' lang='lat' dir='ltr'><strong>retecto</strong></span> <span class='ocrx_word' id='word_1_237' title='bbox 752 3112 781 3149; x_wconf 86' lang='lat' dir='ltr'><strong>se</strong></span> <span class='ocrx_word' id='word_1_238' title='bbox 801 3108 873 3161; x_wconf 80' lang='lat' dir='ltr'><strong>capp</strong></span> <span class='ocrx_word' id='word_1_239' title='bbox 886 3097 932 3148; x_wconf 81' lang='lat' dir='ltr'><strong>cat</strong></span> <span class='ocrx_word' id='word_1_240' title='bbox 944 3097 1009 3162; x_wconf 79' lang='lat' dir='ltr'><strong>post</strong></span> <span class='ocrx_word' id='word_1_241' title='bbox 1027 3109 1072 3146; x_wconf 87' lang='lat' dir='ltr'><strong>sus</strong></span> <span class='ocrx_word' id='word_1_242' title='bbox 1094 3093 1117 3145; x_wconf 93' lang='lat' dir='ltr'><strong>i·</strong></span> 
     </span>
    </p>
   </div>
   <div class='ocr_carea' id='block_1_7' title="bbox 145 3159 1120 3504">
    <p class='ocr_par' dir='ltr' id='par_1_8' title="bbox 145 3159 1120 3504">
     <span class='ocr_line' id='line_1_33' title="bbox 236 3159 1117 3262; baseline -0.001 -47"><span class='ocrx_word' id='word_1_243' title='bbox 236 3162 309 3242; x_wconf 35' lang='lat' dir='ltr'><strong>&#39;olm</strong></span> <span class='ocrx_word' id='word_1_244' title='bbox 346 3177 421 3229; x_wconf 86' lang='lat' dir='ltr'><strong>osse,</strong></span> <span class='ocrx_word' id='word_1_245' title='bbox 445 3163 498 3218; x_wconf 82' lang='lat' dir='ltr'><strong>alii</strong></span> <span class='ocrx_word' id='word_1_246' title='bbox 514 3163 620 3240; x_wconf 82' lang='lat' dir='ltr'><strong>debere</strong></span> <span class='ocrx_word' id='word_1_247' title='bbox 645 3163 655 3232; x_wconf 77' lang='lat' dir='ltr'><strong>ll</strong></span> <span class='ocrx_word' id='word_1_248' title='bbox 681 3169 712 3217; x_wconf 79' lang='lat'><strong>13</strong></span> <span class='ocrx_word' id='word_1_249' title='bbox 751 3179 805 3218; x_wconf 69' lang='lat' dir='ltr'><strong>uo*</strong></span> <span class='ocrx_word' id='word_1_250' title='bbox 830 3163 853 3229; x_wconf 87' lang='lat' dir='ltr'><strong>(s</strong></span> <span class='ocrx_word' id='word_1_251' title='bbox 871 3177 940 3217; x_wconf 83' lang='lat' dir='ltr'><strong>cras.</strong></span> <span class='ocrx_word' id='word_1_252' title='bbox 960 3160 1036 3229; x_wconf 84' lang='lat' dir='ltr'><strong>wid.)</strong></span> <span class='ocrx_word' id='word_1_253' title='bbox 1102 3159 1117 3262; x_wconf 51' lang='lat' dir='ltr'><strong>ll</strong></span> 
     </span>
     <span class='ocr_line' id='line_1_34' title="bbox 145 3179 1106 3311; baseline -0.004 -24"><span class='ocrx_word' id='word_1_254' title='bbox 145 3237 178 3287; x_wconf 84' lang='lat'><strong>15</strong></span> <span class='ocrx_word' id='word_1_255' title='bbox 196 3230 316 3310; x_wconf 74' lang='lat' dir='ltr'><strong>adiecto¹</strong></span> <span class='ocrx_word' id='word_1_256' title='bbox 326 3179 408 3283; x_wconf 53' lang='lat'>{¹11¹</span> <span class='ocrx_word' id='word_1_257' title='bbox 421 3231 431 3299; x_wconf 94' lang='grc' dir='ltr'><strong>ΙΙ</strong></span> <span class='ocrx_word' id='word_1_258' title='bbox 442 3227 543 3300; x_wconf 79' lang='lat' dir='ltr'><strong>inquid</strong></span> <span class='ocrx_word' id='word_1_259' title='bbox 560 3232 597 3286; x_wconf 62' lang='grc' dir='ltr'><strong>ΑΙ</strong></span> <span class='ocrx_word' id='word_1_260' title='bbox 611 3231 626 3310; x_wconf 39' lang='grc' dir='ltr'><strong>ΙΙ,</strong></span> <span class='ocrx_word' id='word_1_261' title='bbox 640 3237 671 3284; x_wconf 87' lang='grc'><strong>16</strong></span> <span class='ocrx_word' id='word_1_262' title='bbox 689 3181 789 3311; x_wconf 55' lang='lat' dir='ltr'><strong>etiae</strong></span> <span class='ocrx_word' id='word_1_263' title='bbox 807 3229 891 3295; x_wconf 69' lang='lat' dir='ltr'><strong>DA,</strong></span> <span class='ocrx_word' id='word_1_264' title='bbox 911 3245 940 3283; x_wconf 89' lang='lat' dir='ltr'><strong>es</strong></span> <span class='ocrx_word' id='word_1_265' title='bbox 957 3229 1061 3307; x_wconf 69' lang='lat' dir='ltr'><strong>Ul.h‘l⁰</strong></span> <span class='ocrx_word' id='word_1_266' title='bbox 1079 3228 1106 3283; x_wconf 85' lang='lat' dir='ltr'><strong><em>L</em></strong></span> 
     </span>
     <span class='ocr_line' id='line_1_35' title="bbox 145 3297 1120 3370; baseline -0.002 -16"><span class='ocrx_word' id='word_1_267' title='bbox 145 3299 212 3354; x_wconf 80' lang='lat' dir='ltr'><strong>dett.</strong></span> <span class='ocrx_word' id='word_1_268' title='bbox 227 3314 316 3367; x_wconf 77' lang='lat' dir='ltr'><strong>pauca</strong></span> <span class='ocrx_word' id='word_1_269' title='bbox 334 3297 422 3352; x_wconf 85' lang='lat' dir='ltr'><strong>Halm</strong></span> <span class='ocrx_word' id='word_1_270' title='bbox 446 3300 456 3368; x_wconf 80' lang='grc' dir='ltr'><strong>ΙΙ</strong></span> <span class='ocrx_word' id='word_1_271' title='bbox 479 3303 508 3352; x_wconf 72' lang='grc' dir='ltr'><strong>Π</strong></span> <span class='ocrx_word' id='word_1_272' title='bbox 532 3298 593 3370; x_wconf 87' lang='lat' dir='ltr'><strong>sed]</strong></span> <span class='ocrx_word' id='word_1_273' title='bbox 618 3298 648 3352; x_wconf 94' lang='lat' dir='ltr'><strong>1d</strong></span> <span class='ocrx_word' id='word_1_274' title='bbox 664 3299 832 3354; x_wconf 70' lang='lat' dir='ltr'><strong>Perizonius</strong></span> <span class='ocrx_word' id='word_1_275' title='bbox 852 3298 862 3366; x_wconf 82' lang='grc' dir='ltr'><strong>ΙΙ</strong></span> <span class='ocrx_word' id='word_1_276' title='bbox 884 3300 916 3350; x_wconf 84' lang='grc'><strong>18</strong></span> <span class='ocrx_word' id='word_1_277' title='bbox 934 3311 1003 3351; x_wconf 85' lang='lat' dir='ltr'><strong>eoru</strong></span> <span class='ocrx_word' id='word_1_278' title='bbox 1021 3297 1058 3350; x_wconf 88' lang='lat' dir='ltr'><strong>s1t</strong></span> <span class='ocrx_word' id='word_1_279' title='bbox 1076 3298 1120 3367; x_wconf 75' lang='lat' dir='ltr'><strong>(rt</strong></span> 
     </span>
     <span class='ocr_line' id='line_1_36' title="bbox 148 3366 1118 3435; baseline -0.006 -13"><span class='ocrx_word' id='word_1_280' title='bbox 148 3368 224 3423; x_wconf 80' lang='lat' dir='ltr'><strong>liaeo</strong></span> <span class='ocrx_word' id='word_1_281' title='bbox 240 3366 365 3424; x_wconf 73' lang='lat' dir='ltr'><strong>subduci.</strong></span> <span class='ocrx_word' id='word_1_282' title='bbox 380 3367 443 3435; x_wconf 85' lang='lat' dir='ltr'><strong>dcl.)</strong></span> <span class='ocrx_word' id='word_1_283' title='bbox 456 3367 496 3429; x_wconf 80' lang='lat' dir='ltr'><strong>L,</strong></span> <span class='ocrx_word' id='word_1_284' title='bbox 516 3367 649 3421; x_wconf 63' lang='lat' dir='ltr'><strong>corrasit</strong></span> <span class='ocrx_word' id='word_1_285' title='bbox 660 3367 699 3432; x_wconf 81' lang='lat' dir='ltr'><strong>A,</strong></span> <span class='ocrx_word' id='word_1_286' title='bbox 719 3367 785 3422; x_wconf 86' lang='lat' dir='ltr'><strong>add.</strong></span> <span class='ocrx_word' id='word_1_287' title='bbox 799 3381 834 3420; x_wconf 87' lang='lat' dir='ltr'><strong>ea</strong></span> <span class='ocrx_word' id='word_1_288' title='bbox 850 3381 880 3419; x_wconf 88' lang='lat' dir='ltr'><strong>re</strong></span> <span class='ocrx_word' id='word_1_289' title='bbox 892 3381 954 3420; x_wconf 83' lang='lat' dir='ltr'><strong>mar</strong></span> <span class='ocrx_word' id='word_1_290' title='bbox 998 3366 1036 3432; x_wconf 82' lang='lat' dir='ltr'><strong>A,</strong></span> <span class='ocrx_word' id='word_1_291' title='bbox 1053 3366 1118 3430; x_wconf 79' lang='lat' dir='ltr'><strong>fort.</strong></span> 
     </span>
     <span class='ocr_line' id='line_1_37' title="bbox 148 3379 1118 3504; baseline -0.002 -14"><span class='ocrx_word' id='word_1_292' title='bbox 148 3452 183 3490; x_wconf 89' lang='lat' dir='ltr'><strong>eo</strong></span> <span class='ocrx_word' id='word_1_293' title='bbox 200 3435 313 3489; x_wconf 87' lang='lat' dir='ltr'><strong>nomine</strong></span> <span class='ocrx_word' id='word_1_294' title='bbox 332 3434 371 3489; x_wconf 88' lang='lat' dir='ltr'><strong>sit</strong></span> <span class='ocrx_word' id='word_1_295' title='bbox 387 3435 496 3503; x_wconf 81' lang='lat' dir='ltr'><strong>Holml</strong></span> <span class='ocrx_word' id='word_1_296' title='bbox 513 3435 688 3503; x_wconf 86' lang='lat' dir='ltr'><strong>poenitentia</strong></span> <span class='ocrx_word' id='word_1_297' title='bbox 705 3435 744 3501; x_wconf 83' lang='lat' dir='ltr'><strong>L,</strong></span> <span class='ocrx_word' id='word_1_298' title='bbox 762 3432 922 3504; x_wconf 86' lang='lat' dir='ltr'><strong>penitentia</strong></span> <span class='ocrx_word' id='word_1_299' title='bbox 939 3379 997 3502; x_wconf 65' lang='lat' dir='ltr'><strong>dou</strong></span> <span class='ocrx_word' id='word_1_300' title='bbox 1018 3439 1051 3488; x_wconf 79' lang='lat'><strong>25</strong></span> <span class='ocrx_word' id='word_1_301' title='bbox 1069 3433 1118 3488; x_wconf 82' lang='lat' dir='ltr'><strong>Du</strong></span> 
     </span>
    </p>
   </div>
   <div class='ocr_carea' id='block_1_8' title="bbox 25 3501 1119 3572">
    <p class='ocr_par' dir='ltr' id='par_1_9' title="bbox 25 3501 1119 3572">
     <span class='ocr_line' id='line_1_38' title="bbox 25 3501 1119 3572; baseline 0.005 -20"><span class='ocrx_word' id='word_1_302' title='bbox 25 3533 33 3552; x_wconf 78' lang='grc'><strong>.</strong></span> <span class='ocrx_word' id='word_1_303' title='bbox 144 3501 377 3558; x_wconf 68' lang='lat' dir='ltr'><strong>Peenameus</strong></span> <span class='ocrx_word' id='word_1_304' title='bbox 395 3517 446 3557; x_wconf 78' lang='lat' dir='ltr'><strong>om.</strong></span> <span class='ocrx_word' id='word_1_305' title='bbox 464 3503 535 3558; x_wconf 71' lang='lat' dir='ltr'><strong>Par.</strong></span> <span class='ocrx_word' id='word_1_306' title='bbox 556 3503 568 3572; x_wconf 84' lang='lat' dir='ltr'><strong>l</strong></span> <span class='ocrx_word' id='word_1_307' title='bbox 585 3508 618 3557; x_wconf 75' lang='lat' dir='ltr'><strong>ac</strong></span> <span class='ocrx_word' id='word_1_308' title='bbox 635 3503 656 3556; x_wconf 86' lang='lat'><strong>1.</strong></span> <span class='ocrx_word' id='word_1_309' title='bbox 673 3502 704 3556; x_wconf 82' lang='lat' dir='ltr'><strong>r.</strong></span> <span class='ocrx_word' id='word_1_310' title='bbox 723 3502 844 3557; x_wconf 69' lang='lat' dir='ltr'><strong>careant</strong></span> <span class='ocrx_word' id='word_1_311' title='bbox 860 3517 921 3556; x_wconf 77' lang='lat' dir='ltr'><strong>mar</strong></span> <span class='ocrx_word' id='word_1_312' title='bbox 973 3503 1001 3556; x_wconf 81' lang='lat' dir='ltr'><strong><em>A</em></strong></span> <span class='ocrx_word' id='word_1_313' title='bbox 1018 3517 1032 3558; x_wconf 78' lang='lat' dir='ltr'><strong>e</strong></span> <span class='ocrx_word' id='word_1_314' title='bbox 1048 3502 1119 3560; x_wconf 72' lang='lat' dir='ltr'><strong>Pa.</strong></span> 
     </span>
    </p>
   </div>
   <div class='ocr_carea' id='block_1_9' title="bbox 150 3570 995 3641">
    <p class='ocr_par' dir='ltr' id='par_1_10' title="bbox 150 3570 995 3641">
     <span class='ocr_line' id='line_1_39' title="bbox 150 3570 995 3641; baseline 0 -15"><span class='ocrx_word' id='word_1_315' title='bbox 150 3572 164 3641; x_wconf 80' lang='lat' dir='ltr'><strong>ll</strong></span> <span class='ocrx_word' id='word_1_316' title='bbox 176 3577 207 3626; x_wconf 75' lang='lat' dir='ltr'><strong>at</strong></span> <span class='ocrx_word' id='word_1_317' title='bbox 226 3570 255 3624; x_wconf 90' lang='lat' dir='ltr'><strong>in</strong></span> <span class='ocrx_word' id='word_1_318' title='bbox 273 3585 323 3630; x_wconf 84' lang='lat' dir='ltr'><strong>om.</strong></span> <span class='ocrx_word' id='word_1_319' title='bbox 342 3571 491 3641; x_wconf 76' lang='lat' dir='ltr'><strong>L1A¹uar</strong></span> <span class='ocrx_word' id='word_1_320' title='bbox 509 3570 616 3640; x_wconf 80' lang='lat' dir='ltr'><strong>interq=</strong></span> <span class='ocrx_word' id='word_1_321' title='bbox 634 3571 717 3625; x_wconf 56' lang='grc' dir='ltr'><strong>ΙἈΑ2</strong></span> <span class='ocrx_word' id='word_1_322' title='bbox 733 3571 815 3639; x_wconf 64' lang='lat' dir='ltr'><strong>Par„</strong></span> <span class='ocrx_word' id='word_1_323' title='bbox 833 3571 896 3640; x_wconf 85' lang='lat' dir='ltr'><strong>inq:</strong></span> <span class='ocrx_word' id='word_1_324' title='bbox 943 3571 995 3626; x_wconf 68' lang='lat'><strong>¹211</strong></span> 
     </span>
    </p>
   </div>
   <div class='ocr_carea' id='block_1_10' title="bbox 0 0 1308 3952">
    <p class='ocr_par' dir='ltr' id='par_1_11' title="bbox 0 0 1308 3952">
     <span class='ocr_line' id='line_1_40' title="bbox 0 0 1308 3952; baseline 0 0"><span class='ocrx_word' id='word_1_325' title='bbox 0 0 1308 3952; x_wconf 95' lang='lat' dir='ltr'><strong> </strong></span> 
     </span>
    </p>
   </div>
  </div>
 </body>
</html>
