2604 3960
465 163 544 222 cer.
562 163 628 233 vn,
647 169 661 230 s
677 171 750 220 1-1.
1015 165 1078 232 203

109 319 363 383 obsecuturusne
389 315 475 381 illins
498 317 657 382 uoluntati
684 319 815 401 propter
842 319 953 397 istam,
982 339 1078 402 quam

111 402 230 480 iactas,
257 401 511 468 familiaritatem
534 401 659 466 fuisti'l'
689 408 874 486 ‘numquam
901 403 998 468 istud'
1028 403 1077 466 in·

109 487 182 571 quit
204 485 379 552 ‘Gracchus
407 485 619 570 imperasset’.
664 487 758 568 satis,
788 487 886 551 immo
909 487 1008 552 etiam
1028 488 1078 552 ni·

68 577 69 582 ’
110 571 226 635 mium:
258 570 356 636 totius
389 591 527 656 namque
561 574 691 636 senatus
724 591 884 636 consensu
912 570 1078 637 damnatos

109 657 180 722 eius
194 675 298 720 mores
315 654 486 722 defendere
500 677 595 720 ausus
610 659 668 720 est
704 677 815 720 uerum
835 655 920 739 quod
934 655 1077 740 sequitur
1090 673 1103 715 1

109 741 212 804 multo
228 739 391 804 audemus
425 739 589 825 multoque
620 740 841 824 periculosius:
887 760 1077 824 conpressus

112 825 200 888 enim
222 824 440 907 perseueranti
453 825 709 910 interrogatione
722 824 811 890 Laeli
825 824 860 890 in
875 825 986 890 eodem
1002 845 1077 889 con·

110 909 250 974 stantiae
265 908 368 993 gradu
383 910 474 973 stetit
496 929 591 994 seque
613 910 711 974 etiam
726 908 798 993 hoc,
823 909 849 974 si
867 908 961 974 modo
977 908 1077 974 Grac-

110 993 191 1059 chus
207 994 384 1072 annuisset,
406 994 566 1059 facturum
582 993 756 1078 respondit.
801 994 872 1078 quis
894 994 986 1058 illum
1008 1014 1076 1058 sce·

108 1079 247 1143 leratum
262 1080 406 1162 putasset
419 1077 529 1158 fuisse,
552 1078 580 1142 si
596 1078 773 1143 tacuisset?
795 1079 866 1162 quis
888 1099 956 1144 non
978 1078 1076 1143 etiam
1090 1094 1115 1135 ιο
1149 1124 1152 1128 -

108 1161 1076 1331 919111111911191111111911111111ἒὲΞ

108 1331 248 1396 salutem
270 1352 376 1414 suam,
403 1353 445 1396 ne
467 1352 530 1415 qua
560 1353 599 1396 ex
628 1335 720 1416 parte
749 1332 888 1398 infelicis
915 1333 1076 1398 amicitiae

110 1416 299 1481 memoriam
320 1416 490 1499 desereret,
512 1417 595 1482 tueri
616 1415 727 1481 uoluit.

27 1582 30 1588 Ι
174 1500 204 1564 2.
228 1499 267 1564 in
290 1499 401 1565 eadem
421 1500 516 1566 domo
538 1522 637 1585 aeque
659 1500 792 1568 robusta
808 1500 984 1565 constantis
1000 1501 1076 1564 ami·
1090 1520 1115 1560 rs

107 1585 204 1651 citiae
235 1584 381 1669 exempla
409 1585 611 1650 oboriuntur:
641 1585 809 1670 prostratis
838 1583 924 1648 enim
952 1585 1015 1648 iam
1045 1587 1077 1648 et

109 1669 244 1754 perditis
260 1667 295 1738 Ο.
311 1669 449 1735 Gracchi
465 1669 606 1735 consiliis
628 1669 800 1754 rebusque,
824 1689 897 1733 cum
917 1671 987 1733 tota
1009 1668 1076 1732 eius

109 1753 306 1838 conspiratio
328 1753 393 1819 late
415 1759 634 1839 quaereretur,
663 1754 823 1820 desertum
845 1752 934 1817 omni
956 1752 1076 1817 auxilio

108 1839 172 1904 duo
202 1842 328 1904 tantum
356 1839 452 1904 amici
479 1838 675 1924 Pomponius
705 1843 738 1904 et
767 1837 933 1902 Laetorius
960 1838 1000 1902 ab
1027 1837 1076 1900 in-

108 1923 202 1988 festis
226 1927 259 1988 et
280 1922 420 2007 undique
441 1924 606 1990 ruentibus
627 1923 700 1988 telis
728 1922 880 2008 oppositu
906 1942 1076 2006 corporum
1089 1939 1115 1980 20

109 2029 241 2073 suorum
257 2010 417 2072 texerunt.
447 2029 582 2092 quorum
599 2008 805 2092 Pomponius,
828 2028 891 2092 quo
906 2007 933 2071 is
947 2005 1075 2072 facilins

107 2092 275 2176 euaderet,
306 2092 502 2158 concitatum
524 2093 762 2178 insequentium
785 2113 901 2176 agmen
928 2091 963 2156 in
985 2094 1077 2175 porta

107 2177 282 2262 trigemina
305 2175 502 2261 aliquamdiu
528 2177 683 2243 acerrima
709 2200 753 2261 pu
801 2199 820 2241 a
846 2176 989 2240 inhibuit
1016 2197 1076 2242 nec

107 2261 201 2326 uiuus
223 2260 298 2345 pelli
321 2261 446 2344 potuit,
474 2261 529 2328 sed
556 2262 666 2328 multis
694 2265 862 2328 cuneatus
890 2259 1076 2326 uulneribus

108 2345 283 2412 transitum
297 2347 344 2411 eis
367 2366 464 2430 super
480 2345 617 2412 cadauer
638 2364 742 2428 sunm,
766 2345 860 2412 credo
883 2345 981 2410 stiam
1003 2349 1076 2429 post
1090 2363 1115 2403 2⁵

107 2430 178 2495 fata
200 2430 337 2513 inuitus,
364 2430 461 2497 dedit.
504 2430 673 2496 Laetorius
696 2435 803 2496 autem
825 2430 860 2494 in
882 2433 982 2513 ponte
1004 2431 1076 2494 sub-

106 2515 183 2580 licio
206 2515 352 2580 constitit
373 2518 405 2580 et
428 2537 509 2600 eum,
533 2517 635 2582 donec
651 2515 815 2580 Gracchus
836 2515 999 2596 transiret,
1024 2535 1073 2579 ar·

106 2599 184 2665 dore
206 2599 337 2686 spiritus
360 2600 410 2665 sui
432 2601 551 2684 saepsit
574 2621 612 2665 ac
636 2599 669 2664 ui
692 2601 755 2665 iam
777 2598 993 2664 multitudinis
1017 2600 1073 2664 ob·

106 2687 199 2749 rutus
222 2704 375 2750 conuerso
397 2684 431 2749 in
457 2705 492 2749 se
512 2684 621 2770 gladic
650 2684 746 2749 celeri
774 2684 858 2749 saltu
879 2682 1074 2766 profundum

107 2767 234 2836 Tiberis
256 2769 367 2855 petiit,
395 2790 553 2854 quamque
576 2769 610 2834 in
633 2789 670 2834 so
693 2773 792 2854 ponte
820 2767 985 2834 caritatem
1012 2766 1072 2832 toti
1086 2787 1112 2829 11

159 2943 193 2999 ,4
211 2936 358 2990 damnatos
377 2938 436 2992 eius
452 2939 536 2994 Halm
553 2938 658 3003 ePar.,
676 2938 826 2992 damnatus
844 2936 1025 3006 (dampnatus
1038 2935 1074 3002 L)

102 3007 166 3061 aine
184 3003 244 3058 eius
262 3004 330 3056 LA¹
345 3005 383 3072 1111
401 3004 607 3076 (111911111111119
625 3006 653 3058 A
665 3007 703 3074 116
722 3003 856 3058 audacius
877 3007 920 3073 (ac
939 3003 1019 3070 corr.)
1039 3003 1074 3069 L,

105 3070 232 3128 annicius
245 3073 281 3124 ΑΙ
296 3072 333 3138 117
352 3073 578 3138 constantiae'L,
597 3072 737 3127 constanti
748 3072 775 3125 A
788 3073 826 3139 19
844 3071 981 3126 innuisset
996 3075 1075 3136 recte,

104 3145 137 3196 at
155 3138 228 3205 uid„
246 3139 413 3194 Perizonius
433 3141 443 3208 1
468 3148 493 3193 11
515 3144 608 3194 essent
625 3141 661 3194 11¹
684 3142 693 3207 1
717 3145 748 3192 19
766 3139 872 3194 blosius
889 3140 927 3193 A¹
945 3140 955 3207 l
976 3139 1075 3192 onesto

106 3209 144 3262 11ι
167 3208 177 3277 11
201 3214 232 3262 15
251 3205 354 3276 (Alia)
370 3206 399 3260 in
417 3207 518 3262 eadam
540 3208 609 3263 coni.
631 3207 734 3262 Gertz*
759 3207 769 3275 11
795 3214 825 3261 19
847 3206 965 3260 letorius
983 3205 1042 3258 LA

106 3282 139 3330 22
155 3275 366 3344 insequentium
383 3273 529 3330 Eberhard
544 3293 572 3344 p.
591 3279 657 3340 162,
679 3276 858 3342 sequentium
876 3273 936 3328 LA
953 3273 1040 3328 Halm

105 3345 189 3414 porta
205 3342 358 3411 trigemina
371 3342 495 3411 (gemina
512 3344 545 3397 ia
561 3359 614 3398 ras.
633 3343 710 3422 mai.)
723 3342 763 3409 L,
781 3341 890 3411 portari
901 3343 1014 3412 gemina
1024 3344 1072 3408 A¹,

106 3427 156 3467 em.
176 3427 189 3466 c
206 3411 275 3465 Par.
329 3415 361 3466 23
380 3409 544 3478 aliquandiu
555 3411 583 3464 A
603 3413 662 3478 1125
680 3426 720 3464 ers
750 3414 816 3464 uate
833 3426 864 3462 su
887 3425 918 3464 er
930 3410 997 3477 DF,
1010 3416 1075 3478 post

105 3495 187 3533 suum
205 3480 233 3533 A
249 3479 283 3534 Η
311 3495 351 3546 m,
370 3477 477 3533 deleted.
495 3493 564 3534 cens.
583 3478 618 3537 Β,
631 3477 698 3532 Keil
719 3479 723 3546 l
751 3482 783 3531 ‘28
801 3477 848 3532 ui*
899 3477 982 3546 ,uim
1001 3481 1037 3532 A¹
1060 3479 1072 3548 11

104 3551 137 3601 19
157 3545 231 3600 saltu
250 3549 292 3618 (tu
311 3547 342 3602 in
359 3548 427 3614 ras.)
447 3547 473 3599 A
