2606 3958
469 169 545 226 csP.
562 169 603 238 ΙΙ,
627 174 642 236 5
662 175 735 226 1-4.
1021 169 1083 235 377

119 323 336 408 castigaturus
364 321 477 388 fuerit:
510 342 599 387 nunc
649 321 773 386 riuatae
801 321 939 386 actionis
967 321 1084 386 calum·

118 409 206 473 niam
243 408 312 491 ipse
353 407 552 490 conpescuit,
594 407 742 470 aulterii
782 406 902 471 crimen
939 405 1086 490 publicae

119 492 301 578 quaestioni
322 492 553 556 uindicandum
574 491 713 575 reliquit.

183 578 213 642 3.
235 576 340 641 Multo
362 576 539 642 animosius
554 579 586 640 et
608 579 645 640 ut
666 575 830 640 militaris
854 575 930 639 iritu
952 574 1086 659 dignum

120 666 191 726 erat
212 682 247 726 se
268 662 302 726 in
318 662 481 726 consimili
503 681 622 746 genere
645 659 754 725 iudicii
777 659 814 726 C.
867 659 952 723 arius
967 658 1113 744 gessitze

119 768 197 812 nam
220 767 292 811 cum
308 745 342 812 O.
359 746 500 811 Titinius
516 745 751 810 Minturnensis
767 743 927 808 Fanniam
943 763 1086 824 uxorem,

120 853 216 915 quam
238 830 425 914 inpudicam
453 830 492 895 de
519 829 679 895 industria
706 830 855 913 duxerat,
886 848 924 892 co
953 827 1087 892 crimine

120 916 322 1000 repudiatam
345 915 419 980 dote
447 914 585 1000 spoliare
615 919 799 996 conaretur,
829 916 975 997 sumptus
1003 912 1089 976 inter

121 1022 174 1066 eos
195 1000 291 1064 iudex
312 1000 347 1064 in
371 1002 546 1083 conspectu
574 997 685 1064 habita
712 998 899 1083 quaestione
921 996 1088 1062 seductum

121 1084 279 1150 Titinium
312 1085 439 1149 monuit
472 1088 508 1148 ut
538 1084 666 1167 incepto
699 1083 867 1148 desisteret
896 1103 933 1147 ac
960 1081 1088 1146 mulieri
1103 1110 1127 1151 ιο

122 1170 230 1234 dotem
253 1168 407 1234 redderet.
452 1167 537 1252 quod
559 1189 632 1232 cum
654 1169 783 1251 saepius
806 1167 927 1232 frustra
948 1166 1088 1247 fecisset,

123 1256 253 1320 coactus
276 1253 316 1318 ab
339 1274 376 1318 eo
399 1253 592 1317 sententiam
620 1254 832 1336 pronuntiare
854 1251 1019 1316 mulierem
1042 1251 1089 1314 in-

122 1337 298 1422 pudicitiae
320 1340 468 1402 sestertio
491 1358 640 1415 nummo,
663 1335 820 1401 Titinium
843 1357 967 1400 summa
988 1336 1090 1400 totius

123 1422 208 1486 dotis
230 1422 412 1503 damnauit,
436 1421 599 1504 praefatus
621 1420 740 1487 idcirco
763 1443 796 1484 se
819 1421 904 1485 hunc
927 1418 1089 1484 iudicandi

123 1505 254 1571 modum
277 1510 438 1588 secutum,
469 1526 541 1569 cum
560 1505 697 1589 liqueret
724 1505 787 1569 sibi
808 1503 968 1569 Titinium
990 1504 1129 1587 patri-1⁵

123 1591 235 1656 monio
263 1589 407 1655 Fanniae
440 1589 573 1654 insidias
602 1592 778 1654 struentem
810 1588 981 1674 inpudicae
1014 1608 1089 1653 con·

123 1675 247 1760 iugium
280 1675 448 1758 expetisse.
502 1674 629 1739 Fannia
659 1677 765 1738 autem
799 1673 879 1738 haec
912 1676 975 1756 est,
1009 1693 1090 1756 quae

123 1764 235 1845 postea
250 1759 387 1824 Marium
410 1759 536 1823 hostem
558 1781 577 1823 a
600 1762 716 1824 senatu
735 1758 912 1822 iudicatum
927 1777 1090 1840 caenoque

124 1845 266 1930 paludis,
295 1867 359 1929 qua
381 1847 542 1909 extractus
565 1846 647 1916 erat,
679 1842 815 1908 oblitum
838 1845 871 1907 et
892 1843 957 1905 iam
980 1842 1014 1905 in
1036 1840 1091 1906 do-

124 1952 212 1996 mum
240 1951 332 1995 suam
359 1928 603 1994 custodiendum
631 1927 805 1992 Minturnis
833 1926 1004 1992 deductum
1032 1946 1132 2009 opero

125 2019 384 2100 quantacumque
396 2013 504 2098 potuit
518 2013 657 2097 adiuuit,
680 2033 817 2092 memor,
840 2011 924 2096 quod
940 2011 1093 2095 inpudica

125 2099 267 2164 iudicata
290 2101 389 2176 esset,
412 2098 661 2182 summonitus,
684 2097 769 2182 quod
792 2097 900 2161 dotem
923 2099 1092 2179 seruasset,

128 2184 216 2248 illius
238 2183 389 2268 religioni
411 2187 578 2266 acceptum
601 2183 678 2247 ferri
700 2184 825 2248 debere.

190 2269 221 2332 4.
254 2267 376 2332 Multus
407 2288 512 2331 sermo
541 2288 578 2331 eo
610 2267 707 2330 etiam
735 2266 852 2331 iudicio
875 2265 1035 2348 manauit,
1058 2265 1094 2328 in

128 2373 191 2436 quo
225 2352 354 2500 (puidam
383 2352 463 2415 furti
497 2351 667 2416 damnatus
696 2355 758 2433 est,
792 2352 846 2434 qui
876 2371 972 2434 equo,
1006 2349 1135 2416 cuiusce

128 2457 205 2501 usus
227 2436 275 2500 ili
298 2436 441 2500 Ariciam
464 2437 671 2501 conmodatus
693 2435 801 2500 fuerat
808 2484 817 2518 ,
846 2434 999 2498 ulteriore
1028 2434 1095 2498 eius

128 2520 298 2604 municipii
326 2520 409 2586 cliuo
438 2525 547 2586 uectus
576 2523 668 2586 esset.
723 2520 800 2604 quid
828 2518 915 2584 aliud
940 2519 1002 2582 hoc
1032 2517 1097 2581 loci

130 2627 227 2691 quam
254 2605 483 2670 uerecundiam
510 2604 597 2668 illius
625 2605 745 2669 saeculi
768 2603 946 2684 laudemus,
973 2603 1008 2666 in
1035 2622 1097 2685 quo

129 2695 196 2756 tam
219 2691 337 2756 minuti
359 2713 378 2755 a
399 2691 523 2774 pudore
546 2708 692 2753 excessus
713 2685 955 2772 puniebantur?

152 2943 158 2954 ·
179 2883 214 2955 ,3
233 2876 356 2996 relipuid
367 2875 405 2928 Α1
417 2875 429 2944 ΙΙ
443 2881 458 2930 6
476 2873 616 2928 titinmius
628 2873 655 2927 L
667 2875 677 2942 {l
690 2873 805 2952 anniam
822 2873 849 2927 h.
869 2873 887 2926 l.
905 2872 932 2925 L
945 2873 983 2939 1Ιῖ
1000 2871 1030 2925 in
1048 2888 1098 2939 pu·

130 2959 194 2998 mca
216 2944 277 3012 A¹ss
310 2946 402 2998 rxerat
421 2943 458 2996 A*
472 2943 483 3010 ss
496 2943 528 2994 ut
551 2957 583 2995 eo
604 2942 660 3011 A²l
679 2949 694 2996 9
711 2941 812 2995 habitu
833 2940 913 2995 L¹A¹
928 2941 938 3008 u
951 2939 1099 3018 seductum

131 3012 159 3065 L
176 3015 202 3066 et
224 3011 288 3066 dett.
309 3010 404 3075 multi,
428 3009 596 3064 subductum
613 3010 641 3063 A
690 3014 765 3064 loct
788 3009 830 3064 tia
851 3007 932 3074 iufra
953 3008 1099 3060 strumum

130 3079 170 3133 Α1
190 3080 201 3147 ΙΙ
221 3079 354 3146 incoepto
371 3079 411 3131 A²
432 3079 442 3146 u
464 3083 494 3130 11
514 3092 570 3146 quo
589 3093 653 3132 cum
665 3077 748 3131 L¹A¹
768 3077 778 3144 l
800 3083 832 3130 15
850 3074 884 3130 cir
902 3076 971 3129 Μ’
990 3079 1016 3128 et
1034 3074 1099 3131 deu.

130 3147 185 3202 ma
201 3161 288 3212 ema,
306 3145 346 3214 qd
363 3145 433 3208 (aaa
450 3146 518 3213 roe.)
536 3146 575 3199 Α2
592 3144 679 3200 Halm
692 3146 702 3212 n
717 3150 747 3198 17
765 3143 854 3198 Pania
873 3143 908 3221 A}
922 3145 932 3211 l
947 3148 984 3220 19,
995 3143 1025 3196 et
1041 3141 1099 3194 iam

131 3213 554 3337 “liettt‘ltfflttdt'lie
572 3213 774 3349 recueil
796 3209 1099 3344 dicereeas

132 3300 150 3422 il
167 3357 200 3405 22
219 3351 292 3404 esset
310 3321 354 3415 (ai.
373 3352 478 3407 2corr.
498 3365 532 3404 ca
549 3349 602 3416 eat)
620 3297 647 3401 ii
669 3349 679 3416 ΙΙ
702 3354 735 3402 23
753 3281 852 3402 relerri
869 3346 905 3400 Ε.
924 3344 1047 3401 Saluiae.
1069 3362 1098 3402 a.

132 3418 171 3474 ad
184 3433 224 3498 p..
235 3421 282 3498 22,
299 3421 334 3472 19
334 3419 356 3540 pl
369 3423 402 3472 24
419 3417 484 3484 fort.
504 3417 539 3470 de
558 3416 615 3481 (acl
626 3416 671 3484 ex)
691 3431 724 3470 eo
742 3415 845 3482 Ηαῑηις
862 3419 892 3469 at
909 3428 984 3493 up.
1000 3417 1044 3475 78,
1062 3415 1100 3468 20

133 3489 146 3557 Η
166 3493 199 3541 26
216 3486 270 3556 ulli]
293 3486 333 3540 od
355 3526 361 3539 .
382 3501 470 3554 usque
492 3485 531 3538 Α2
547 3485 618 3539 Par.
640 3485 650 3552 ΙΙ
671 3490 704 3536 27
721 3485 820 3538 uectus
843 3483 918 3538 esset
939 3498 972 3538 aa
988 3497 1044 3538 roa.
1062 3481 1099 3550 A,

8 3593 14 3602 ·
133 3557 215 3610 uetus
233 3555 308 3610 esset
326 3553 432 3622 L¹1129
450 3552 553 3608 muniti
570 3551 630 3606 LA
642 3552 653 3620 l
666 3567 780 3606 excessu
798 3550 858 3606 LA
