2590 3948
361 178 439 238 cAP.
457 180 478 246 Ι,
499 183 514 246 s
534 185 573 236 ιι.
592 185 635 234 ro.
654 179 718 234 axe.
737 185 759 234 1.
779 186 803 233 ι.
1029 185 1067 249 11

93 332 251 398 retexuit:
280 332 330 398 21.
352 334 421 396 tem
448 353 500 396 me
528 332 657 396 hercule
685 353 778 415 quam
800 331 941 398 Plemini
968 333 1068 420 legati

94 418 257 501 Scipionis
279 417 314 482 in
336 416 488 482 thesauro
508 416 721 500 Proserpinae
743 417 913 501 spoliendo
934 420 1068 485 scelera·

92 507 164 568 tam
185 502 355 568 auaritiam
377 502 463 567 iusta
477 502 757 567 animaduersione
778 503 970 569 uindicauit:
994 525 1068 570 cum

94 588 183 654 enim
206 609 278 654 eum
301 587 448 652 uinctum
467 585 604 651 Romam
626 585 770 670 pertrahi
792 587 945 669 iussisset,
969 592 990 669 †
1012 591 1068 675 qui

8 739 15 758 ,
93 675 172 737 ante
195 693 308 737 causae
331 671 507 736 dictionem
529 672 712 736 incarcere
740 673 925 737 taeterrimo
948 694 1093 757 generes

91 757 201 822 morbi
226 759 437 841 consumptus
464 760 528 840 est,
563 756 734 840 pecuniam
762 757 821 821 dea
849 757 990 822 eiusdem
1019 779 1066 824 se·

91 845 191 907 natus
213 842 349 926 imperio
374 841 558 925 etquidem
581 861 739 906 summam
762 841 956 926 duplicando
978 864 1068 908 recu·

117 927 230 992 creuit.

91 949 115 1011 p
158 1011 234 1077 Est.
252 1014 282 1074 1.
307 1009 406 1090 Quae,
430 1010 514 1094 quod
537 1009 578 1074 ad
593 1009 732 1074 Plemini
750 1010 877 1075 facinus
899 1012 1065 1095 pertinuit,

92 1098 176 1161 bene
198 1118 219 1161 a
239 1095 386 1180 patribus
410 1095 600 1179 conscriptis
622 1095 800 1177 uindicate,
827 1097 913 1193 quod
935 1096 976 1160 ad
998 1097 1065 1161 uio·
1080 1119 1106 1160 rc

94 1181 201 1246 lentas
222 1180 310 1265 regis
325 1179 419 1265 Pyrri
441 1180 551 1244 sordes
566 1180 753 1259 attinuerat,
776 1201 811 1244 se
832 1202 904 1264 ipsa
917 1184 1068 1265 potenter

92 1270 192 1350 atque
213 1265 389 1331 efficaciter
410 1264 569 1329 defendit:
598 1265 715 1329 coactis
744 1266 831 1330 enim
853 1266 1066 1332 Locrensibus

93 1372 133 1415 ex
154 1351 308 1416 thesauro
332 1350 401 1414 eius
421 1369 574 1434 magnam
602 1348 650 1416 illi
677 1350 848 1433 pecuniam
871 1351 962 1433 dare,
993 1372 1065 1416 oum

93 1438 230 1501 onustus
258 1435 383 1500 nefarie
407 1433 526 1518 pracda
553 1434 738 1517 nauigaret,
773 1435 808 1498 ui
836 1435 961 1500 subitae
987 1439 1066 1501 tem·

92 1521 312 1605 pestatistota
327 1541 401 1584 cum
416 1519 517 1584 classe
539 1518 656 1582 uicinis
678 1520 755 1582 deae
778 1519 928 1584 litoribus
950 1521 1064 1585 inlisus
1078 1541 1103 1582 ιι

92 1609 152 1685 est,
175 1605 210 1671 in
232 1605 349 1688 quibus
369 1605 508 1688 pecunie
529 1602 699 1668 incolumis
721 1607 849 1687 reperta
870 1605 1065 1670 sanctissimi

92 1689 236 1755 thesauri
259 1689 423 1754 custodiae
443 1689 595 1753 restitute
616 1692 674 1752 est

158 1773 188 1839 2.
222 1778 269 1839 At
294 1795 361 1839 non
389 1773 538 1838 similiter
565 1771 737 1837 Masinissa
762 1793 828 1839 rex.
871 1775 962 1838 cuius
992 1794 1064 1840 cum

115 1859 277 1928 raefectus
306 1859 415 1924 classis
443 1857 589 1923 Melitam
620 1857 798 1941 appulisset
827 1859 860 1921 et
891 1879 992 1942 aeque
1025 1879 1064 1923 ex

90 1883 172 2010 lano
193 1943 328 2008 Iunonis
351 1944 463 2008 dentes
486 1943 644 2008 eburneos
672 1942 808 2007 eximiae
829 1942 1064 2028 magnitudinis
1078 1963 1103 2004 ao

91 2029 239 2096 sublatos
253 2028 293 2093 ad
309 2050 382 2093 eum
397 2049 457 2114 pro
473 2028 556 2092 dono
572 2026 749 2110 adtulisset,
764 2030 801 2091 ut
819 2029 965 2111 conperit
979 2029 1064 2093 unde

91 2117 203 2180 essent
237 2114 379 2196 aduecti,
418 2112 640 2197 quinqueremi
672 2113 885 2196 reportandos
918 2112 1064 2177 Melitam

91 2200 194 2282 inque
210 2198 331 2282 templo
346 2197 482 2263 Iunonis
498 2195 712 2264 conlocandos
727 2197 860 2276 curauit,
884 2198 1064 2284 insculptos

92 2285 203 2369 gentis
235 2304 311 2349 suae
334 2282 451 2348 litteris
480 2282 738 2367 significantibus
771 2302 882 2366 regem
914 2283 1065 2368 ignoran-

90 2373 159 2434 tem
181 2389 236 2433 eos
258 2369 436 2452 accepisse,
463 2366 602 2432 libenter
624 2366 701 2432 deae
723 2366 909 2431 reddidisse.
941 2368 1064 2432 factum
1078 2388 1103 2430 as

90 2455 197 2536 mepte
211 2452 405 2518 Masinissae
427 2452 536 2516 animo
558 2473 654 2537 qnam
668 2450 792 2516 Punico
808 2452 961 2537 sanguini
984 2473 1064 2517 con-

89 2539 241 2604 ueniens!

163 2696 176 2742 1
195 2707 223 2758 p.
240 2688 351 2744 Lemini
369 2688 403 2754 L,
423 2687 593 2760 ·p·llpmini
613 2687 671 2754 (sed
688 2704 707 2756 p
725 2689 758 2742 ia
774 2689 840 2756 ras.)
859 2688 900 2754 A,
924 2689 991 2746 odd.
1014 2689 1064 2742 mi·

91 2773 183 2812 nerua
200 2771 297 2828 morpo
312 2757 340 2811 A
357 2757 367 2826 ll
383 2763 399 2811 2
417 2756 556 2826 Scipionis
573 2786 606 2796 -
624 2755 792 2810 sceleratam
814 2771 865 2810 ora.
883 2756 918 2821 A,
941 2757 997 2810 scd.
1009 2772 1031 2810 s.
1044 2757 1063 2813 l.

87 2831 154 2895 post
170 2825 262 2894 legati
278 2825 346 2880 odd.
365 2841 399 2883 m.
417 2827 438 2880 2
455 2823 587 2893 scipionis
599 2822 765 2902 ll‘thensaur.
782 2825 864 2878 Ριιι·.1
879 2825 918 2892 114
933 2823 1009 2878 enim
1027 2822 1063 2890 L,

91 2909 106 2948 e
117 2907 160 2948 *e
171 2907 186 2946 e
197 2894 225 2947 A
237 2894 249 2962 l
259 2893 310 2962 qni
323 2908 374 2948 orn.
388 2893 454 2948 dett.
462 2892 558 2958 Halm,
571 2893 622 2945 ubi
632 2896 713 2957 recte,
725 2892 832 2958 aluid,
841 2891 925 2970 Gens
934 2893 992 2968 263
1003 2892 1063 2946 coll.

90 2963 166 3031 Nep.
202 2968 218 3017 5
236 2976 367 3016 caroacre
385 2961 423 3014 L¹
436 2963 446 3030 fl
458 2967 475 3015 6
487 2961 540 3024 est,
556 2975 658 3027 pecun.
671 2959 759 3014 Halm
772 2961 782 3028 ΙΙ
795 2966 810 3014 ‘l
829 2959 954 3028 quidem]
972 2959 1011 3029 qd
1029 2959 1064 3024 L,

90 3027 667 3165 retribueremus!
681 3027 728 3163 il
739 3027 1065 3164 tremene

90 3167 129 3220 A¹
144 3166 154 3234 fl
168 3169 201 3218 14
217 3167 361 3218 *onustus
380 3163 409 3228 (b
426 3162 488 3218 uid.
502 3163 587 3240 eros.)
606 3163 660 3216 LA
672 3165 682 3232 ll
696 3170 728 3217 16
742 3162 889 3216 incolomis
906 3164 943 3216 A¹
957 3164 967 3231 ll
982 3168 1013 3217 18
1025 3161 1064 3216 At

91 3249 151 3289 non
163 3230 306 3302 similiter]
321 3230 446 3309 amainus
457 3245 605 3284 masmrsss
616 3246 665 3284 rex
677 3245 773 3310 cadmo
784 3230 813 3283 A
824 3231 916 3284 ePor.
926 3230 942 3330 fl
954 3236 987 3285 20
999 3232 1065 3285 ebo·

90 3316 155 3356 reos
171 3301 310 3421 Porffltb
324 3298 494 3353 reddrdmset
505 3299 543 3376 A¹
561 3299 617 3367 ll²⁶
629 3314 719 3420 m?-
730 3298 822 3366 suppl.
837 3297 920 3376 Getta

91 3369 168 3435 Μ’,
187 3368 226 3436 qd
278 3407 285 3433 ,
315 3365 368 3456 7lua
384 3367 430 3421 uel
448 3382 539 3435 magis
557 3381 643 3445 quam
682 3371 736 3442 ett„
753 3367 903 3432 Monimo,
921 3382 977 3420 non
1015 3385 1062 3422 un.

6 3491 14 3560 .·
90 3453 173 3560 {tlt
191 3433 1064 3582 tttfflttttd,trstlscllttitttftreft

89 3573 227 3642 scotbaro),
247 3585 341 3625 animo
360 3587 446 3639 quam
460 3569 529 3624 Pon.
548 3585 628 3638 sang.
647 3571 861 3625 conuenientius
879 3585 948 3625 cona.
967 3569 1064 3625 Halm.

954 3299 966 3368 ΙΙ
997 3314 1064 3352 uam
