2590 3948
201 134 242 198 16
629 125 698 186 nro,
715 126 739 179 1.

115 299 185 352 Par.
264 290 324 348 Ext.
344 291 373 347 1.
400 289 486 346 Minos
516 286 684 345 Cretensium
712 301 760 341 rex
787 300 861 340 nono
892 299 1004 358 quoque
1036 300 1108 340 anno
1143 284 1172 339 in

200 376 334 452 quendam
350 375 498 450 praealtum
514 380 542 429 et
564 379 674 429 uetusta
693 370 825 442 religione
847 377 1037 426 consecratum
1060 384 1174 444 specum

200 461 327 519 secedere
350 458 454 517 solebat
481 467 509 515 et
531 457 559 513 in
587 473 620 514 oo
642 463 764 514 moratus
788 462 924 528 tamquam
952 453 984 510 ah
1005 454 1086 526 loue,
1116 470 1173 527 quo

200 563 230 603 se
253 554 344 603 crtum
366 543 480 614 ferebat,
504 541 615 600 traditas
637 541 713 616 leges
736 538 910 614 perrogabat.

174 645 187 686 u
266 629 294 687 2.
310 630 466 687 Pisistratus
494 627 521 683 in
545 627 720 701 reciperando
743 624 898 700 tyrannide,
929 641 1010 698 quam
1037 625 1175 696 amiserat,

201 715 372 772 simulatione
395 712 551 770 reducentis
574 727 604 767 se
625 713 653 767 in
675 727 763 768 arcem
786 707 988 772 llineruaeest
1010 725 1085 773 usus,
1110 725 1175 766 cum

201 816 250 874 per
266 800 476 856 ostentationem
491 797 603 870 ignotae
618 796 749 868 mulieris,
765 810 834 869 quae
848 793 924 868 Phye
940 792 1099 867 uocabatur,
1117 793 1177 850 lor·

202 893 291 941 malac
313 883 346 940 ad
368 881 489 938 habitum
509 881 574 937 deae
596 881 775 937 Athenienses
797 879 946 955 deciperet.

181 967 182 970 ’
266 968 295 1026 3.
311 967 450 1042 Lycurgus
473 964 588 1023 consilio
611 964 743 1039 Apollinis
766 966 941 1037 grauissimae
965 965 1069 1021 ciuitati
1091 963 1176 1022 Lace·

164 1069 189 1108 ιο
203 1053 406 1110 daemoniorum
427 1049 502 1124 leges
526 1050 681 1124 conpositas
704 1048 776 1106 ferre
799 1065 829 1105 se
851 1049 996 1125 persuasit.

266 1136 297 1195 4.
313 1134 443 1192 Zaleucus
459 1134 509 1191 sub
524 1136 634 1193 nomine
650 1133 786 1191 llineruae
800 1134 872 1209 apud
887 1125 1037 1193 hoctenscs
1053 1134 1175 1209 pruden-

203 1222 322 1278 tissimus
345 1219 454 1277 habitus
477 1228 529 1276 est.

600 1321 695 1387 OAP.
718 1321 779 1388 111.

270 1450 297 1506 1.
314 1447 516 1506 Bacchanalium
530 1463 670 1505 sacrorum
686 1463 745 1504 mos
767 1463 857 1504 nouus
879 1447 1032 1520 institutus,
1054 1463 1117 1504 cum
1141 1448 1175 1505 ad

165 1547 190 1588 15
202 1535 380 1611 perniciosam
404 1534 555 1590 uaesaniam
577 1534 640 1606 iret,
663 1530 786 1588 sublatus
810 1539 862 1590 est.

121 1696 192 1768 Nep,
269 1695 299 1754 4.
323 1696 416 1771 Syram
432 1694 572 1752 mullerem
587 1693 686 1749 llarius
707 1695 736 1749 in
756 1695 852 1749 castris
868 1690 983 1750 hahebat
1005 1694 1176 1767 sacricolam,
1273 1695 1274 1710 ¹

205 1797 237 1837 en
261 1782 337 1838 cuius
359 1796 389 1835 se
412 1780 574 1836 auctoritate
596 1776 732 1835 asserebat
755 1779 845 1835 omnia
867 1779 992 1852 aggredi.

268 1864 297 1923 5.
321 1863 458 1920 Sertorius
481 1865 508 1920 iu
530 1864 649 1920 exercitu
671 1861 791 1937 llispano
820 1861 905 1919 albam
934 1878 1042 1920 ceruam
1069 1862 1176 1934 habuit,
1273 1879 1274 1932 1

205 1965 284 2022 quam
307 1949 443 2022 persuasit
464 1945 584 2004 barbaris
607 1949 774 2004 monitricem
797 1947 849 2004 sibi
871 1964 940 2006 esse.

166 2139 192 2179 ro
390 2108 451 2174 III.
479 2107 539 2174 DE
563 2106 992 2176 SVPERSTITIONIBVS.

270 2235 298 2292 1.
311 2235 511 2292 Bacchanalium
528 2236 656 2310 mysteria
670 2235 747 2292 luere
761 2234 871 2294 Romae.
906 2237 953 2293 sed
969 2253 1031 2293 cum
1045 2239 1180 2311 tempori·
1273 2255 1274 2264 ¹

204 2318 254 2376 hus
285 2321 426 2376 nocturnis
454 2320 505 2376 uiri
532 2337 563 2378 ac
590 2320 705 2378 feminae
732 2323 836 2395 pariter
864 2330 956 2379 essent
986 2320 1178 2396 furerentque,
1273 2331 1274 2384 ζ

205 2403 290 2460 multo
308 2403 457 2462 colentium
473 2407 606 2478 sanguiue
617 2401 640 2474 1
652 2405 680 2462 ie
694 2414 722 2461 et
736 2407 881 2480 peregrina
896 2422 973 2464 sacra
988 2405 1087 2463 abolita
1102 2416 1178 2463 sunt.

269 2489 298 2550 3.
312 2488 458 2546 Chaldaeos
474 2489 560 2563 igitur
574 2489 715 2546 Cornelius
727 2489 856 2566 Hispalus
870 2490 937 2548 urbe
950 2492 1053 2566 expulit
1067 2500 1095 2547 et
1106 2493 1179 2549 intra

167 2584 192 2626 ac
205 2573 297 2631 decem
313 2573 370 2630 dies
386 2573 460 2630 ltalia
484 2573 556 2630 abire
571 2575 662 2646 iussit,
685 2590 719 2630 ne
734 2576 907 2650 peregrinam
923 2577 1061 2633 scientiam
1081 2575 1179 2633 uendi-

205 2666 302 2717 tarent.
337 2657 450 2716 ludaeos
466 2675 586 2733 quoque,
603 2661 650 2733 qui
665 2658 790 2716 liomanis
806 2661 915 2718 tradere
930 2677 1005 2718 sacra
1019 2678 1069 2718 sua
1084 2663 1178 2718 conati

205 2752 297 2816 erant,
326 2744 398 2801 idem
420 2743 546 2819 Hispalus
569 2743 637 2801 urhe
664 2746 854 2801 exterminauit
876 2761 990 2820 arasque
1017 2747 1138 2820 priuatas
1162 2763 1179 2802 c

106 2852 107 2858 ¹
204 2827 322 2903 publicis
344 2829 413 2886 locis
437 2827 543 2886 abiecit.

275 2954 288 3001 1
307 2949 435 3027 nouo'P,
454 2963 502 3002 em.
522 2947 615 3004 Aldus
632 2950 642 3029 11
659 2966 771 3020 quoque
796 2950 887 3018 suppl.
908 2948 1066 3020 Gertatlli
1085 2951 1180 3024 iinotp
1273 2961 1274 3014 j

205 3017 268 3085 P¹i
285 3019 477 3095 tigrourssimp
496 3014 531 3078 P,
551 3021 584 3070 ut
604 3016 662 3096 Gar,
678 3018 712 3096 dc
729 3033 786 3085 rep.
805 3018 864 3084 13,
884 3021 909 3077 5.
927 3019 963 3084 cs.
979 3017 1134 3086 Vacua,
1152 3026 1179 3089 1,

129 3124 138 3130 .
206 3089 460 3221 ppasppoprssrmaat
473 3083 568 3153 Halm,
581 3091 769 3155 graurmmo?
785 3085 867 3141 Gertz
881 3085 898 3117 a
910 3088 920 3156 11
935 3091 964 3139 11
985 3086 1129 3142 zealeucue
1148 3092 1179 3156 (c

206 3309 220 3362 f
275 3243 581 3348 21BachnnalimNp

218 3309 330 3378 cedula)
352 3328 403 3368 atos
425 3319 450 3368 ct
470 3314 553 3368 Gertz
588 3355 595 3380 ‚
619 3313 702 3368 ioede
724 3330 758 3368 eo
780 3315 810 3368 et
827 3313 939 3379 Novak,
962 3316 1024 3370 fora
1046 3318 1075 3370 ct
1092 3315 1182 3372 Eber-

206 3377 279 3431 hard
300 3379 333 3432 a'n
350 3379 445 3439 Herm.
468 3381 552 3436 VIII
565 3386 600 3436 94
620 3382 630 3450 11
651 3385 685 3434 24
701 3381 857 3436 Chaldaeos
870 3413 902 3422 —
915 3388 948 3437 28
965 3383 1071 3437 abiecit
1088 3389 1181 3440 troas-

118 3479 123 3486 ·
204 3446 534 3515 posutpostp.17‚2t
563 3448 716 3519 populatus
734 3452 779 3504 est
801 3449 833 3502 io
856 3449 897 3512 ed.
920 3467 981 3506 meo
1002 3451 1082 3516 mat,
1106 3453 1182 3521 quod

203 3512 304 3583 probat
325 3512 434 3568 Gertz*
455 3515 465 3581 11
487 3519 523 3568 24
542 3522 568 3570 et
584 3519 621 3572 27
638 3516 770 3585 hippalua
788 3517 886 3586 Ν1127
904 3518 1030 3585 priuatus
1041 3517 1077 3572 N

580 3248 630 3314 123
647 3246 675 3300 fo
694 3249 723 3301 et
734 3247 772 3315 N,
792 3262 843 3302 om.
861 3247 957 3314 Halm,
976 3248 1061 3302 foedo
1079 3250 1108 3302 et
1124 3251 1182 3315 (atel
1273 3237 1274 3264 ³
