2604 3960
499 128 576 184 ear.
595 130 616 196 1,
635 135 649 196 s
670 135 744 182 1-4.
1047 130 1108 195 163

137 280 880 450 {sttrtltmqtttlttttii·atti
900 280 1108 432 111111

138 449 261 516 habere
282 449 494 533 uidebantur,
522 472 631 516 nonne
657 453 813 534 quantum
841 451 934 517 domo
961 451 1106 530 inferior,

137 537 267 600 tuntum
290 535 396 632 gloria
418 536 565 683 suzarior
586 535 710 600 euasit?

203 618 234 682 2.
257 619 323 684 Vix
337 621 428 684 iuuat
444 641 463 684 a
485 621 532 684 ire
547 641 566 683 a
581 619 758 702 Publicola,
781 619 837 684 sed
859 621 967 684 uenire
990 620 1030 684 ad
1043 619 1134 684 aas

136 705 223 768 rium
239 702 411 770 Camillum
425 704 514 782 libet,
539 705 628 770 cuius
649 709 716 770 tarn
737 703 920 770 moderatus
936 725 974 768 ex
989 725 1109 789 magna

138 789 322 873 ignominia
344 788 383 853 ad
405 810 565 853 summum
587 789 758 873 imperium
779 790 933 854 transitus
959 788 1038 871 fuit,
1062 792 1108 867 nt,

140 894 213 938 cum
235 873 432 958 praesidium
455 874 522 938 eins
546 873 632 938 ciues
656 877 752 958 capta
776 875 855 939 urbe
882 872 1025 938 aGallis
1047 873 1108 936 Ar·

140 959 218 1022 deae
241 957 399 1022 exulantis
427 959 600 1042 petissent,
626 979 694 1023 non
721 959 811 1042 prius
833 957 930 1024 Veios
957 957 998 1022 ad
1026 959 1109 1021 acci·

136 1041 292 1127 piendum
307 1043 481 1107 exercitum
496 1043 560 1106 iret
574 1064 669 1126 quam
685 1043 723 1106 de
739 1043 898 1108 dictatura
920 1063 977 1108 sua
999 1042 1107 1106 omnia
1122 1063 1147 1102 ιο

137 1127 287 1192 sollemni
315 1127 385 1192 iure
413 1132 485 1192 acta
512 1127 720 1210 conperisset.
765 1128 955 1211 magnificus
979 1126 1108 1192 Camilli

137 1210 340 1277 Veientanus
362 1211 554 1295 triumphus,
579 1213 711 1297 egregia
733 1210 858 1277 Gallica
880 1211 1025 1293 uictoria,
1053 1212 1108 1275 sed

136 1296 201 1362 ista
215 1296 380 1362 cunetatio
396 1297 492 1380 longe
513 1296 749 1360 admirabilior:
772 1296 874 1361 multo
891 1296 976 1360 enim
992 1295 1108 1360 multo-

137 1402 200 1464 que
222 1385 255 1446 se
277 1382 383 1464 ipsum
406 1402 502 1465 quam
522 1379 649 1445 hostem
678 1400 830 1463 superare
858 1380 1023 1464 operosius
1046 1383 1106 1461 est,

136 1485 199 1530 nec
220 1465 354 1530 aduersa
374 1485 591 1549 praepropera
612 1464 821 1528 festinatione
842 1463 1022 1549 fugientem
1048 1485 1107 1528 nec
1121 1483 1146 1524 1⁵

137 1550 278 1616 secunda
300 1549 399 1614 effuso
421 1549 539 1634 gaudio
562 1548 865 1632 adprehendentem.

201 1634 231 1699 3.
262 1633 325 1698 Par
346 1633 444 1698 Furio
466 1633 687 1698 moderatione
709 1631 848 1698 Marcius
872 1630 1001 1696 Rutilus
1024 1629 1108 1696 Oen-

136 1717 280 1782 sorinus:
308 1719 427 1782 iterum
449 1719 535 1782 enim
558 1739 672 1783 censor
699 1719 824 1782 creatus
853 1715 894 1780 ad
922 1716 1107 1780 contionem

134 1804 290 1888 populum
312 1805 464 1868 uocatum
487 1824 583 1887 quam
605 1802 711 1886 potuit
738 1801 931 1886 grauissima
960 1800 1106 1864 oratione

135 1887 293 1986 corripuit
300 1936 313 1986 ,ι
338 1887 424 1972 quod
446 1908 517 1985 eam
538 1890 732 1986 potestatem
762 1886 815 1984 bis·
839 1884 901 1950 sibi
928 1884 1105 1968 detulisset,
1120 1908 1146 1947 ao

135 1970 1107 2140 tttattttctttttttabttftbtttttt:

135 2144 168 2206 et
190 2141 343 2225 populus:
372 2141 453 2206 alter
480 2141 565 2205 enim
594 2143 631 2205 ut
653 2140 816 2206 moderate
838 2140 975 2204 honores
1000 2139 1106 2203 crede-

136 2230 212 2290 rent
233 2225 407 2310 praecepit,
430 2226 512 2290 alter
534 2224 594 2312 [se]
618 2225 782 2289 moderato
808 2223 952 2305 credidit.

200 2311 230 2374 4.
260 2314 345 2408 Age,
371 2311 405 2374 L.
430 2308 581 2385 Quintius
605 2309 815 2375 Cincinnatus
841 2309 967 2393 qualem
991 2329 1145 2373 consuas

136 2395 200 2459 lem
215 2395 331 2479 gesat!
356 2415 428 2459 cum
443 2394 598 2459 bonorem
621 2401 688 2459 eius
703 2397 811 2477 patres
833 2393 1008 2477 conscripti
1031 2414 1108 2457 con-

135 2480 264 2543 tinuare
292 2479 415 2543 uellent
451 2501 519 2544 non
552 2478 656 2543 solum
689 2482 822 2562 propter
849 2477 937 2543 illius
972 2477 1106 2562 egregia

134 2584 248 2647 opera,
279 2564 335 2628 sed
360 2564 457 2628 etiam
481 2564 566 2647 quod
587 2563 726 2646 populus
748 2563 877 2628 eosdem
899 2563 1047 2627 tribunos
1069 2563 1104 2625 in

133 2648 318 2733 proximum
334 2669 455 2714 annum
471 2669 576 2712 creare
593 2649 779 2730 conabatur,
804 2668 940 2731 quorum
955 2650 1105 2711 neutrum

133 2733 204 2797 inre
226 2732 296 2797 fieri
318 2735 459 2816 poterat,
490 2735 661 2815 utrumque
684 2732 835 2796 discussit
856 2734 986 2796 senatus
1009 2730 1104 2795 simul
1118 2749 1143 2790 ao

135 2816 278 2882 studium
316 2816 493 2882 inhibendo
530 2822 564 2881 et
599 2817 746 2881 tribunos
782 2815 993 2881 uerecundiae
1029 2835 1105 2879 suae

136 2902 318 2986 exemplum
340 2901 429 2986 sequi
452 2901 597 2986 cogendo
621 2905 717 2985 atque
741 2923 824 2967 unus
847 2921 942 2966 causa
963 2899 1041 2978 fuit,
1070 2903 1106 2962 ut

204 3042 217 3090 1
236 3035 366 3104 paulati*
388 3038 411 3100 (s
434 3051 502 3093 cros.
525 3035 596 3103 aid.)
619 3035 658 3089 Αι
679 3036 726 3104 {12
749 3034 817 3103 quia
839 3035 911 3090 Μ’
934 3032 999 3088 dett.
1024 3047 1104 3095 ama,

135 3104 184 3172 qui
201 3104 249 3169 11¹,
267 3119 340 3170 quae
358 3104 428 3159 Par.
448 3102 458 3172 ΙΙ
474 3108 492 3156 4
509 3103 601 3171 gloria
619 3119 685 3169 cm.,
703 3104 751 3159 aed
768 3120 803 3158 m.
823 3107 839 3158 1
857 3103 889 3157 ic
906 3117 973 3171 mro.
992 3100 1059 3159 add.
1078 3100 1105 3154 L

137 3174 194 3241 uli
213 3171 274 3224 iure
292 3170 352 3224 LA
363 3172 444 3237 Par„
461 3186 540 3224 more
559 3171 624 3226 dett.
638 3173 738 3238 poca,
756 3169 827 3225 Stoa
846 3186 876 3225 er
888 3171 898 3238 ΙΙ
912 3175 943 3224 13
962 3168 1104 3222 conctatio

131 3240 183 3319 Al
197 3246 228 3293 15
266 3253 406 3310 repopera
422 3239 485 3317 (sic)
502 3240 530 3293 A
542 3239 553 3308 ΙΙ
567 3245 598 3294 16
616 3239 758 3293 secunda*
775 3238 802 3292 L
850 3239 861 3318 ΙΙ
878 3243 911 3292 17
929 3252 1039 3290 marcus
1059 3252 1104 3288 ru-

131 3308 211 3362 tibus
261 3309 303 3375 A,
326 3323 363 3365 m.
381 3306 493 3361 rublius
510 3309 593 3373 Pacu,
616 3306 690 3375 quod
709 3306 863 3360 emendam.
892 3304 927 3371 cf.
948 3303 978 3359 0.
991 3305 1019 3361 Ι.
1033 3303 1108 3357 a]

127 3391 159 3445 Ρ.
172 3378 226 3430 432
243 3392 269 3430 u.
281 3377 333 3428 444
353 3376 363 3444 ΙΙ
384 3380 417 3429 24
430 3389 458 3428 se
477 3375 587 3429 deleted.
608 3391 662 3430 essa
679 3374 756 3429 uidit
771 3372 872 3428 Wcosk
903 3376 973 3427 1884
983 3388 1010 3440 p.
1023 3372 1094 3440 7841

133 3450 167 3499 28
184 3443 306 3512 populos
318 3443 356 3495 Αἱ
375 3447 409 3512 et,
428 3447 461 3497 ct
478 3441 596 3510 cid.,L¹
611 3443 666 3510 1129
684 3441 851 3511 conabatur]
870 3389 927 3500 dP
945 3439 1092 3495 destinabo

6 3511 12 3551 :
133 3526 230 3580 murco
246 3512 274 3565 A
293 3527 306 3564 e
322 3511 391 3564 Por.

896 3592 952 3648 11*
