2590 3948
26 3597 32 3634 l

495 202 709 262 PRAEFATIO.
1018 205 1083 260 XXI

109 355 231 420 Italico
255 360 399 440 emptum
414 354 612 421 Florentiam
634 357 669 420 in
693 355 921 421 bibliothecam
942 319 1084 423 Lauren·

110 441 240 504 tianam
272 462 342 505 esse
374 441 578 505 translatum.
622 441 689 504 uidi
722 445 829 505 autem
866 441 900 506 in
934 443 1083 528 catalogo

22 543 23 546 ’
110 525 331 590 bibliothecae
355 525 672 590 Ashburnhamenaia
700 525 741 589 ab
763 525 853 591 ltalia
884 525 969 591 edito
997 528 1083 592 bunc

110 610 246 708 librum.
261 611 377 675 ascribi
400 610 528 675 saeculo
553 609 632 674 VIII
655 610 812 693 simulque
840 612 949 675 audiui
976 615 1082 711 uirum

109 693 1082 862 tttlztttttlbssttltilttlallatiustlt

109 864 226 948 patim,
249 868 284 928 ut
306 863 382 948 quid
405 865 443 928 de
459 886 497 928 eo
513 864 622 929 codice
638 870 836 948 compertum
851 866 986 929 haberet
1001 866 1082 930 mihi

109 950 302 1046 impertiret.
348 949 523 1048 atqneille
546 970 583 1014 ea
604 949 831 1046 beneuolentia
854 970 890 1013 ac
913 949 1081 1030 facilitate,

109 1054 219 1181 llll
233 1034 1082 1202 {illicitabat{tertiabittttht

111 1202 283 1285 scriptura,
307 1207 421 1286 aetate,
445 1204 500 1266 sed
524 1204 620 1267 etiam
643 1224 740 1286 quam
762 1224 819 1287 per
837 1202 961 1288 aliquot
975 1206 1081 1288 operis

109 1286 280 1351 Valeriani
303 1291 411 1385 partes
434 1288 473 1351 ad
490 1289 670 1384 marginem
685 1287 821 1385 exempli
839 1286 1005 1352 Halmiani
1021 1290 1081 1354 sibi

108 1375 305 1521 althei
326 1372 1082 1523 {titutalfflttffisltulttutztlss
1164 1456 1166 1461 ’

109 1541 221 1605 omnia
242 1545 355 1624 postea
381 1543 417 1606 in
432 1541 605 1625 Philologo
628 1539 717 1604 XLV
739 1564 770 1624 p.
788 1541 851 1606 225
867 1563 939 1634 aqq3
960 1480 1081 1626 publici

111 1627 192 1688 iuris
215 1625 302 1706 fecit,
325 1626 380 1689 ubi
404 1627 441 1690 de
464 1626 740 1708 praestantissima
755 1625 812 1690 illa
826 1627 981 1690 librorum
997 1627 1082 1690 Ash-

108 1708 396 1775 burnhamensium
425 1711 616 1775 collectione
645 1710 884 1774 accuratissime
921 1709 1081 1776 disserena

108 1798 148 1858 nt
170 1816 288 1872 meam,
314 1799 358 1860 sio
382 1797 540 1877 omnium,
564 1816 699 1878 quorum
728 1795 833 1859 studia
855 1796 889 1858 in
913 1796 963 1860 his
986 1797 1081 1860 rebus

108 1883 298 1960 uersentur,
328 1881 467 1978 gratiam
495 1881 613 1978 meruit
640 1880 953 1978 quammaximum.
999 1880 1079 1945 mibi

109 1968 316 2029 autemeam
343 1968 517 2029 necessltas
545 1969 699 2048 imposlta
728 1966 890 2029 uideretur
917 1967 1081 2049 mtegram

109 2050 179 2146 eius
201 2049 490 2147 librinscripturam
505 2049 744 2146 cognoscendi,
767 2053 1007 2148 peropportune
1029 2071 1081 2115 ac·

110 2134 190 2197 c1d1t
219 2136 256 2198 ut
281 2155 406 2198 iuuema
429 2134 631 2198 doctissimus
660 2133 770 2198 Brnno
799 2134 889 2216 Keil,
920 2155 974 2218 qui
1000 2139 1081 2200 tuno

110 2218 151 2281 ab
176 2217 342 2282 academia
356 2219 446 2303 regia
463 2217 663 2283 Borolinensi
678 2220 793 2282 missus
810 2219 994 2283 Florentiae
1010 2241 1081 2282 uer·
1160 2267 1170 2284 .
1255 2235 1260 2246 ·

110 2303 251 2383 sabatur,
268 2303 373 2367 hocin
387 2325 421 2368 ae
430 2304 595 2388 negotium
607 2304 784 2387 susciperet
797 2325 925 2368 omnem
934 2303 1081 2368 lectionis

110 2389 303 2451 uarietatem
326 2389 407 2452 mibi
430 2388 639 2452 describendi.
684 2409 747 2470 quo
771 2388 878 2452 officio
905 2392 996 2452 tanta
1018 2387 1081 2452 fide

109 2471 242 2536 functus
266 2476 323 2550 est,
347 2475 402 2537 nix
424 2477 461 2536 ut
475 2472 633 2537 dubitatio
649 2472 836 2536 admittatur
851 2472 929 2555 quid
945 2494 982 2536 eo
998 2473 1080 2536 libro

108 2557 266 2620 traditum
288 2557 374 2642 siu).

174 2641 236 2705 Eat
257 2642 357 2726 igitur
380 2640 479 2705 codex
500 2641 777 2722 membranaceus,
800 2662 887 2705 nunc
909 2641 945 2706 in
967 2641 1081 2705 biblio-

109 2725 204 2790 theca
219 2725 437 2790 [laurentiana
461 2749 493 2790 n,
512 2725 604 2809 1899,
626 2726 745 2790 saeculi
766 2726 854 2802 noni,
879 2746 946 2788 non
963 2726 1079 2789 octaui.

110 2810 188 2874 olim
212 2815 297 2890 erat,
325 2812 408 2875 sicut
436 2812 470 2875 in
498 2811 594 2892 primi
621 2809 692 2874 folii
720 2832 833 2875 auersa
859 2813 952 2893 parte
979 2831 1079 2873 manu

111 2896 291 2960 recentiore
314 2897 545 2980 scriptumest,
571 2896 648 2960 liber
670 2896 811 2960 ecclesiae
832 2897 935 2960 sancti
949 2895 1080 2959 remacli

109 2982 145 3044 im
167 2979 356 3061 stabulaus,
385 2981 406 3044 i.
432 3002 459 3044 e.
488 2980 636 3044 abbatiae
660 2979 944 3044 Benedictinorum
967 2979 1081 3043 Stabu-

111 3064 211 3128 lensis
227 3065 369 3148 (Stablo)
387 3065 500 3130 Sancti
523 3065 610 3129 Petri
634 3070 666 3128 et
688 3064 834 3129 Remacli
854 3066 888 3127 in
911 3064 1080 3146 prouincia

111 3147 246 3233 Belgica
279 3149 500 3232 Leodiensi2),
541 3152 630 3213 onius
665 3149 851 3214 monasterii
884 3147 1080 3212 bibliotheca

181 3321 215 3397 1)Ι
225 3318 259 3399 lp
277 3319 426 3396 perpaucis
439 3319 529 3384 iiaque
542 3318 657 3396 minutia
669 3320 762 3385 rebus,
771 3333 854 3397 ‘quae
866 3319 895 3370 in
908 3301 1079 3388 Stanglianis

112 3389 141 3440 et
163 3385 250 3440 Keiln
275 3389 414 3453 excerptis
437 3401 493 3440 non
517 3389 723 3454 connpnarent,
749 3388 795 3439 h1c
822 3387 963 3440 consultus
990 3403 1007 3440 a
1033 3402 1078 3439 me

112 3455 204 3509 denuo
220 3521 226 3531 ι
242 3454 405 3508 examinato
438 3453 534 3508 codiee
570 3454 638 3522 quid
671 3470 738 3508 uere
768 3454 902 3522 scriptum
932 3457 1006 3508 esset
1034 3470 1080 3506 ex·

112 3521 267 3657 plangpi&
291 3589 325 3644 de
350 3591 522 3644 monasterio
545 3589 594 3641 illo
614 3587 773 3657 0esterIey,
792 3589 1079 3655 Historisch-geogra-
