2606 3952
204 147 246 212 98
622 137 696 202 aru·
709 146 745 205 11.

183 333 185 340 ι
205 307 430 384 expugnentur
452 297 528 362 licet
549 297 653 378 urbes,
676 298 894 382 corripiantur
938 301 1039 381 entes,
1063 300 1174 384 regnis

204 405 320 451 manus
342 383 529 464 iniciuntur,
553 383 617 446 nisi
631 382 702 448 foro
718 386 751 448 et
769 383 914 448 curieeo
954 385 1040 448 cium
1062 404 1098 448 ac
1120 405 1174 448 ue·

204 467 357 533 secundia
379 489 436 532 sua
458 467 655 544 constiterit,
684 471 851 550 partarum
879 489 986 533 rerum
1008 469 1096 533 caelo
1120 490 1175 534 cu-

203 553 309 617 mulus
331 556 486 636 aequatus
508 553 614 617 sedem
631 552 779 617 stabilem
794 573 860 617 non
875 553 1016 618 hebebit.
1051 554 1175 618 adrem

177 638 306 723 sigitur
326 638 467 722 pertinet
487 658 581 702 nosse
604 639 700 721 atque
715 637 801 716 adeo
816 637 981 702 recordari
1003 640 1075 703 acta
1098 659 1172 702 cen-

205 722 307 788 soriae
329 722 509 806 potestatis.

270 809 296 870 1.
335 805 489 873 Camillus
516 808 548 870 et
570 805 753 870 Postumius
775 826 922 870 censores
951 827 1026 871 aera
1046 827 1173 890 poenae

203 893 334 957 nomine
357 912 421 970 eos,
444 891 500 975 qui
522 890 562 954 ad
578 893 775 955 senectutem
789 890 928 955 caelibes
942 895 1182 975 peruenerant,¹

202 977 237 1041 in
260 977 418 1040 aerarium
440 975 564 1039 deferre
583 976 762 1058 iusserunt,
783 975 900 1039 iterum
922 976 1030 1060 puniri
1045 975 1175 1062 dignos,

164 1088 190 1128 ιο
203 1062 231 1125 si
253 1081 315 1145 quo
337 1061 431 1124 modo
460 1059 498 1124 de
520 1063 587 1124 tem
614 1060 699 1124 iusta
727 1060 958 1125 constitutione
985 1061 1076 1144 queri
1097 1065 1174 1126 sunt

202 1147 289 1227 ausi,
318 1166 390 1209 cum
418 1147 452 1208 in
475 1144 561 1209 hunc
582 1146 713 1209 modum
741 1145 1001 1228 increparentur:
1041 1149 1174 1211 ‘natura

201 1230 292 1294 uobis
314 1228 580 1312 quemadmodum
598 1229 777 1313 ,nascendi,
805 1229 852 1294 ita
880 1230 1037 1314 gignendi
1065 1229 1173 1315 legem

202 1314 330 1396 scribit,
353 1318 565 1398 parentesque
588 1334 646 1378 uos
668 1314 784 1379 alendo
806 1318 960 1398 nepotum
985 1315 1172 1380 nutriendo-

201 1421 273 1464 rum
297 1398 415 1481 debito,
439 1399 466 1462 si
489 1399 560 1482 quis
582 1403 631 1463 est
653 1399 765 1482 pudor,
789 1399 1014 1484 alligaucrunt.
1048 1401 1174 1464 accedit

164 1509 190 1550 ra
204 1483 255 1567 his
278 1483 361 1567 quod
385 1483 480 1548 etiam
509 1483 641 1548 fortuna
669 1485 799 1569 longam
826 1485 1011 1567 praestandi
1040 1484 1173 1549 huiusce

201 1569 343 1644 muneris
373 1568 616 1633 aduocationem
645 1569 722 1633 estis
750 1567 905 1648 adsecuti,
940 1590 1013 1634 cum
1040 1570 1171 1635 interim

201 1654 385 1737 consumpti
407 1657 484 1718 sunt
511 1655 588 1716 anni
613 1653 712 1718 uestri
740 1657 773 1718 et
799 1654 907 1717 mariti
936 1657 968 1717 et
993 1654 1093 1738 patris
1115 1675 1172 1718 no·

201 1738 288 1802 mine
304 1737 407 1802 uacui.
442 1738 487 1801 ite
506 1738 606 1822 igitur
628 1740 660 1801 et
681 1759 748 1802 non
771 1737 917 1802 odiosam
940 1738 1093 1802 exsoluite
1116 1739 1172 1802 sti·

201 1844 292 1906 pem,
315 1823 427 1886 utilem
450 1822 633 1904 posteritati
655 1828 864 1888 numerosae!
1089 1833 1091 1836 ’

162 1932 188 1974 ao
264 1906 293 1970 2.
337 1905 460 1970 Horum
486 1908 690 1972 seueritatem
712 1905 756 1971 M.
777 1906 928 1971 Valerius
950 1905 1109 1971 Maximus
1138 1912 1172 1973 et

201 1989 365 2056 O.Iu11ius
382 1989 499 2055 Brutus
516 1990 678 2057 Bubulcus
700 2012 849 2056 censores
868 1991 1029 2056 consimili
1051 2012 1171 2076 genere

200 2075 487 2140 animaduersionis
510 2076 629 2140 imitati
650 2080 742 2141 sunt:
778 2075 814 2141 L.
838 2076 924 2141 enim
949 2077 1092 2140 Annium
1122 2097 1170 2140 se·

199 2162 278 2224 natu
301 2162 487 2243 mouerunt,
520 2161 605 2245 quod
633 2182 728 2246 quam
757 2161 919 2245 uirginem
948 2161 983 2224 in
1005 2162 1171 2226 matrimo-

200 2245 291 2308 nium
314 2244 447 2308 duxerat
469 2245 670 2328 repudi-asset
692 2246 782 2311 nullo
806 2246 983 2310 amicorum
1009 2245 1066 2333 [in]
1095 2267 1170 2310 con·

161 2329 272 2396 arsitio
302 2329 454 2393 adhibito.
500 2333 533 2393 at
561 2330 622 2396 hoc
650 2330 772 2395 crimen
794 2331 905 2395 nescio
936 2351 979 2394 an
1007 2332 1171 2415 superiore

233 2587 249 2635 2
266 2580 396 2635 initietur
414 2582 451 2634 L¹
469 2583 511 2650 113
530 2583 667 2636 consterit
685 2583 749 2650 (titt.
767 2585 780 2636 t
797 2583 829 2638 io
846 2586 912 2652 rua)
931 2585 970 2637 A¹
983 2583 993 2650 11
1009 2589 1025 2636 4
1043 2583 1170 2637 habebat

198 2651 236 2704 A¹
250 2652 288 2719 115
306 2649 370 2703 ideo
388 2649 428 2703 A’
447 2651 457 2718 1
474 2649 620 2705 recondari
636 2650 674 2703 A¹
693 2651 703 2718 11
723 2657 738 2704 7
757 2651 938 2718 postcumius
956 2651 988 2720 (h
1006 2666 1073 2704 erue.
1092 2651 1153 2705 eid.

198 2719 225 2773 A
238 2719 248 2855 i
260 2731 351 2796 paone
371 2719 406 2785 (t)
424 2717 463 2771 A¹
476 2719 514 2786 118
531 2719 722 2798 peruenerunt
738 2719 807 2778 Pur.
830 2720 873 2798 119
892 2718 992 2788 dignos
1011 2720 1034 2788 (s
1051 2719 1083 2772 iu
1099 2733 1155 2772 ras.

199 2791 223 2841 A
247 2788 251 2855 1
270 2791 302 2864 to
320 2802 343 2838 ει
380 2801 416 2839 uo
435 2785 519 2838 modo
537 2785 575 2838 11¹
593 2789 739 2866 cttmflras.
757 2787 808 2868 A,
820 2804 844 2840 s1
881 2801 975 2854 uoquo
993 2785 1077 2866 modo
1096 2786 1133 2864 D
1147 2786 1169 2907 11

197 2802 1156 3044 persedereserstta'puutttcrista

222 3007 304 3044 onem
322 2989 387 3044 dett.
404 2990 490 3057 pauci
506 2989 516 3058 11
542 2995 573 3042 17
592 2988 648 3042 sint
686 2993 731 3044 stt.
749 2991 759 3061 11
778 2995 810 3044 18
827 3005 884 3045 non
903 2989 1028 3044 odiosam
1046 2988 1168 3058 Muduip

198 3058 238 3111 11
247 3061 308 3126 318,
321 3056 458 3112 nodosam
470 3057 530 3110 LA
541 3055 638 3123 Halm,
656 3056 790 3121 odiosam,
808 3058 983 3127 probrosam,
994 3056 1167 3124 impositam,

198 3125 334 3190 uxoriam,
352 3124 529 3194 inuidiosam,
549 3140 690 3179 morosam
708 3126 761 3180 alis·
777 3123 789 3195 11
801 3124 947 3180 exsoluite
966 3127 989 3194 (s
1008 3126 1088 3246 crusip
1105 3124 1133 3177 A

198 3197 230 3246 21
250 3209 272 3247 c.
290 3193 383 3246 iunius
404 3191 545 3247 bubulcus
568 3208 697 3247 censores
718 3196 748 3247 iu
766 3193 844 3247 consi
862 3194 893 3248 iu
910 3209 964 3248 ras.
985 3191 1012 3246 A
1029 3207 1043 3246 e
1087 3208 1130 3246 ar.

197 3260 298 3314 brutus
315 3259 454 3314 bubulcus
467 3260 494 3314 L
512 3265 538 3314 ct
555 3261 620 3315 dett.
634 3275 714 3328 cnm„
734 3261 874 3315 bubulcus
885 3263 948 3330 (om.
962 3260 1075 3328 Brutus)
1094 3261 1166 3315 Par.

197 3325 299 3392 Helm,
317 3332 347 3381 ut
364 3345 391 3381 u.
413 3327 441 3382 0.
454 3328 480 3381 1.
493 3328 528 3381 L.
541 3327 604 3396 110.
615 3331 667 3383 457
684 3345 711 3382 a.
722 3332 774 3386 477.
786 3329 795 3397 11
808 3335 841 3382 22
859 3328 982 3382 Annium
1000 3343 1050 3382 eos
1062 3344 1075 3382 e
1086 3330 1167 3396 Par,

198 3393 344 3448 antonium
362 3395 421 3448 LA
441 3396 451 3464 11
472 3401 506 3450 23
528 3395 558 3448 in
576 3396 787 3451 matrimonium
804 3411 855 3451 om.
874 3397 943 3452 Per.
967 3397 972 3465 1
999 3394 1166 3451 reconcilio

197 3475 248 3516 eoa
266 3477 279 3514 e
295 3462 379 3526 Pac,
408 3461 438 3514 in
462 3461 576 3517 consilio
595 3463 674 3530 LA1,
697 3463 726 3517 in
747 3463 893 3518 consilium
911 3465 949 3518 A*
978 3465 983 3532 1
1007 3469 1040 3519 25
1058 3463 1165 3519 adhoc

198 3528 314 3584 crimino
333 3527 389 3582 scio
407 3528 477 3582 LA¹
