2606 3958
425 211 504 294 oAP.
519 211 584 279 VII,
601 211 663 266 Ext.
682 217 785 277 112-5.
1028 217 1092 282 389

122 371 159 431 ut
189 369 230 431 ab
263 365 409 448 Archyta
436 364 584 443 Tarenti,
618 387 637 428 a
669 364 801 430 Timaeo
835 370 868 431 et
899 369 1021 433 Arione
1059 373 1092 433 et

120 451 300 518 Echecrate
321 449 432 514 Locris
454 448 659 534 Pythagorae
686 454 860 534 praecepta
887 457 920 516 et
940 453 1091 518 instituta

121 539 297 618 acciperet:
331 538 423 598 tanta
452 535 538 598 enim
567 534 633 616 uis,
665 538 758 598 tanta
787 537 881 618 copia
908 538 1091 602 litterarum

121 622 264 706 undique
279 618 461 702 colligenda
476 625 561 703 erat,
583 622 621 683 ut
634 620 775 684 inuicem
796 641 855 704 per
869 625 973 686 totum
988 627 1090 686 terra·

120 729 193 773 rum
215 705 323 770 orbem
347 703 489 787 dispergi
504 707 536 767 et
559 703 689 768 dilatari
709 710 828 788 posset.
866 706 969 771 altero
992 709 1117 771 etiams

122 797 155 856 et
178 789 376 874 octogesimo
405 809 491 852 anno
520 788 677 853 decedens
703 789 762 853 sub
784 790 889 874 capite
912 789 1092 875 Sophronis

121 878 236 942 mimos
258 875 411 939 habuisse
432 875 546 937 fertur.
583 875 629 938 sio
651 895 693 938 ne
716 876 858 940 extrema
872 876 1002 958 quidem
1025 877 1092 941 cius

124 962 206 1026 hora
228 960 408 1044 agitatione
431 957 529 1022 studii
551 980 654 1022 uacua
674 959 749 1023 fuit.

184 1047 217 1110 4.
250 1047 296 1108 At
323 1043 547 1125 Democritus,
579 1063 652 1107 cum
680 1043 802 1108 diuitiis
825 1046 949 1109 censeri
970 1050 1091 1130 posset,

121 1153 204 1214 quae
224 1133 335 1194 tantae
356 1129 509 1208 fuerunt,
531 1129 570 1191 ut
591 1131 684 1210 pater
705 1129 773 1193 cius
795 1128 912 1192 Xerxis
935 1131 1129 1195 exercituin

123 1216 254 1299 epulum
266 1214 341 1278 dare
354 1233 393 1276 ex
407 1212 497 1276 facili
506 1213 659 1296 potuerit,
677 1234 742 1296 quo
753 1215 856 1299 magis
868 1236 972 1278 uacuo
983 1217 1090 1280 animo

121 1299 236 1364 studiis
264 1299 447 1362 litterarum
480 1298 563 1361 esset
591 1302 757 1380 operatus,
793 1321 895 1382 parua
922 1300 1091 1364 admodum

122 1405 249 1449 summa
271 1386 399 1446 retenta
429 1382 658 1464 patrimonium
687 1405 778 1447 suum
801 1385 925 1466 patriae
949 1385 1091 1449 donauit.

92 1469 261 1534 'Athenis
289 1470 398 1530 autem
434 1465 651 1549 compluribus
679 1468 775 1530 annis
809 1473 955 1531 moratus
984 1471 1092 1533 omnia

120 1559 303 1636 temporum
318 1553 483 1614 momenta
505 1550 546 1614 ad
568 1550 809 1634 percipiendam
833 1555 865 1615 et
880 1552 1090 1617 exercendam
1105 1572 1129 1612 m

120 1639 302 1701 doctrinam
331 1633 502 1699 conferens
536 1636 669 1719 ignotus
697 1636 746 1699 illi
773 1636 846 1699 urbi
873 1636 972 1719 uixit,
1006 1639 1090 1721 quod

119 1724 189 1806 ipse
219 1721 358 1805 quodam
392 1719 555 1783 uolumine
581 1722 730 1784 testatur.
786 1723 894 1804 stupet
919 1742 1011 1785 mens
1040 1722 1093 1786 ad·

120 1807 292 1872 miratione
313 1807 424 1868 tantae
445 1805 622 1868 industriae
645 1809 678 1869 et
699 1807 764 1868 iam
785 1807 904 1870 transit
925 1804 1001 1870 alio.

208 1893 238 1958 5.
263 1889 443 1955 Carneadea
466 1890 646 1954 laboriosus
668 1893 701 1954 at
723 1890 892 1954 diuturnus
915 1891 1092 1974 sapientiae

120 1976 229 2056 miles,
253 1977 280 2040 si
303 1974 431 2058 quidem
446 1990 492 2038 xc
515 1975 651 2059 expletis
666 1975 760 2039 annis
782 1975 865 2038 idem
889 1975 938 2038 illi
959 1975 1092 2040 uiuendi
1105 1995 1130 2036 ao

121 2082 159 2124 ac
180 2060 435 2144 philosophandi
455 2059 529 2122 finis
552 2061 630 2142 fuit,
653 2061 700 2124 ita
722 2081 756 2123 se
777 2060 910 2124 mirifice
926 2062 1092 2126 doctrinae

120 2145 283 2294 teratu
299 2143 1093 2311 “titutum⁰uutruatutu

122 2336 192 2378 sam
214 2279 377 2397 porrigere
399 2313 652 2378 obliuisceretur.
697 2313 803 2378 sed‘ei
825 2313 972 2396 Melissa,
996 2338 1092 2399 quam

121 2399 231 2463 uxoris
260 2399 332 2462 loeo
361 2397 514 2481 habebat,
542 2401 720 2481 temperato
751 2399 861 2483 [inter]
892 2401 998 2464 studia
1026 2422 1091 2465 non
1105 2418 1131 2460 aa

124 2483 356 2568 interpellandi
383 2487 416 2546 et
442 2484 569 2547 inediae
605 2482 810 2548 succurrendi
843 2484 951 2548 officio
985 2486 1092 2549 dexte-

122 2590 193 2632 ram
216 2589 307 2632 suam
335 2568 525 2632 necessariis
553 2567 665 2632 unibus
695 2569 838 2651 aptabat.
884 2589 961 2653 ergo
984 2569 1093 2634 animo

192 2727 205 2772 1
225 2719 334 2773 archita
346 2719 405 2773 LA
417 2720 427 2788 11
440 2718 581 2772 tarentino
593 2718 663 2775 Por.
678 2718 688 2786 ΙΙ
700 2718 788 2773 timeo
800 2718 860 2772 LA
873 2720 883 2786 11
896 2721 926 2772 et
943 2719 1092 2774 echecrata

120 2789 153 2840 iu
170 2803 225 2842 roe.
243 2790 271 2841 A
290 2803 303 2841 c
320 2787 390 2841 Par.
419 2787 448 2840 et
468 2787 550 2840 chete
568 2787 595 2839 L
616 2787 627 2854 11
648 2793 663 2838 2
686 2787 794 2840 loceris
812 2787 840 2840 L
858 2793 885 2842 et
906 2787 939 2840 iu
955 2803 1011 2844 ror.
1029 2789 1057 2840 A
1077 2788 1091 2856 11

140 2855 201 2909 itha
222 2871 271 2926 ore
283 2856 310 2910 L
323 2856 361 2923 114
379 2853 564 2923 colligcnrda
583 2856 612 2921 (n
630 2869 665 2908 erc
682 2870 696 2905 r
713 2855 794 2922 corr.)
807 2855 834 2909 L
846 2855 856 2924 11
870 2860 885 2907 t
897 2856 1091 2924 octogensimo

119 2873 244 2991 Ι1112118
263 2939 313 2976 ora
330 2923 368 2976 L¹
382 2924 392 2990 11
410 2929 441 2975 10
458 2921 559 2974 Xerxis
577 2923 597 2990 (i
614 2937 683 2979 corr.
703 2938 742 2976 eo:
759 2927 785 2988 e)
804 2922 841 2986 L,
865 2922 932 2976 add.
950 2922 992 2977 br.
1011 2923 1092 2976 xerxi

124 2996 154 3044 et
171 2990 307 3044 exercitui
326 2992 360 3054 ei;
380 2989 492 3057 epulum
512 2987 595 3043 daret
610 3004 706 3058 murpo
723 2989 751 3043 A
768 3007 782 3044 e
799 2991 867 3048 Par.
881 2991 891 3058 11
910 2997 941 3043 12
959 2991 1091 3060 operatu·

121 3075 169 3112 rus
186 3057 369 3122 Parazonium
386 3062 417 3111 at
434 3074 463 3112 a.
482 3055 616 3111 Focrtsch
632 3059 672 3110 ΙΙ
680 3061 715 3111 36
734 3063 759 3112 et
776 3057 884 3122 Haase,
902 3059 977 3111 mise.
992 3058 1089 3136 philol.

120 3129 161 3181 II
172 3141 206 3192 p.
225 3126 327 3192 171114
344 3127 378 3178 cri
393 3125 497 3194 plurib;
515 3124 576 3193 A¹u
591 3132 622 3180 15
640 3127 670 3179 et
687 3140 736 3179 om.
756 3128 784 3179 A
796 3126 806 3193 11
825 3131 855 3179 17
874 3125 1091 3179 admiretronem

119 3197 147 3251 L
165 3199 202 3255 et,
222 3197 253 3246 ut
270 3192 345 3258 uid..
364 3193 402 3245 A¹
423 3194 433 3262 11
455 3200 487 3246 21
510 3192 628 3247 mirifice
651 3195 702 3254 A²‚
730 3193 851 3246 mirifici
866 3193 938 3246 LA¹
959 3194 969 3261 11
990 3200 1023 3246 22
1042 3193 1090 3246 ad-

120 3262 241 3316 duxerat
261 3261 299 3313 A¹
322 3263 331 3328 11
353 3267 386 3314 24
408 3264 435 3314 ei
456 3261 624 3316 Perizonius
646 3261 746 3326 Halm,
775 3277 840 3313 cum
859 3259 932 3326 LA,
960 3277 1023 3314 eam
1043 3265 1090 3324 (sc.

118 3329 243 3396 manum)
261 3328 520 3397 Madui911331,
541 3334 603 3382 tum
625 3329 702 3383 haud
724 3329 795 3382 male
814 3328 918 3381 Gertz*
937 3330 947 3398 11
964 3335 998 3382 25
1015 3329 1091 3382 inter

55 3443 62 3451 .
118 3398 221 3454 inclusi
238 3412 300 3450 cum
311 3396 471 3474 Maduipio,
488 3397 523 3462 of.
535 3396 623 3451 Halm
634 3398 667 3450 iu
679 3396 815 3452 Flecteris.
828 3412 896 3449 aaa.
910 3400 1017 3465 187412.
1029 3399 1090 3463 403,

118 3467 173 3520 uiri
190 3465 236 3520 aci
253 3466 307 3518 rite
324 3466 369 3518 uel
388 3466 456 3518 so1te
469 3465 617 3531 temptauit
631 3463 739 3518 Gertz*
751 3463 807 3532 1126
826 3465 856 3518 et
872 3465 900 3516 A
919 3471 951 3529 et,
969 3471 1001 3520 ut
1018 3464 1089 3530 uid,

118 3536 165 3600 L¹,
184 3534 232 3588 sed
245 3534 284 3586 L²
302 3533 367 3588 dett.
382 3534 392 3601 11
406 3533 551 3587 dexteram
564 3549 643 3586 suam
655 3534 696 3598 A,
715 3531 817 3596 Halm,
832 3531 953 3596 certer,
974 3533 1092 3587 dextera

9 3617 11 3636 ¹
121 3619 172 3656 sua
189 3601 216 3655 L
233 3601 355 3670 Muduip
367 3602 377 3670 11
390 3607 422 3656 27
441 3602 605 3655 necessariis
623 3599 815 3673 <eius>1usib.
836 3600 939 3655 Gertz*
