2608 3952
502 169 579 226 oue.
596 170 622 237 1,
641 176 760 238 ses-10.
1050 173 1114 240 273

141 345 244 409 eoque
268 325 472 388 asseuerante
494 344 527 388 se
550 324 623 408 cogi
636 344 703 391 non
719 344 812 407 posse
827 327 864 388 ut
882 324 1015 406 adesset,
1039 326 1133 410 quia·

143 411 384 474 sacrosanctam
405 410 597 492 potestatem
619 408 766 487 haberet,
795 411 827 473 et
856 408 897 472 ob
919 409 952 474 id
976 410 1114 474 tribuni·

144 496 230 559 cium
253 493 407 557 auxilium
429 493 630 576 inplorante,
652 495 757 557 totum
779 493 951 576 collegium
969 495 1114 558 tribuno-

142 600 216 643 rum
247 577 380 661 negauit
413 598 447 641 se
481 575 678 642 intercedere
706 599 771 660 quo
802 577 909 641 minus
939 578 1114 660 pudicitiae

142 662 290 747 quaestio
313 665 532 746 perageretur.
570 661 686 726 citatus
709 662 816 745 itaque
834 660 1019 727 Scantinius
1041 681 1141 728 reuss

145 767 210 812 uno
233 751 314 810 teste
337 746 392 829 qui
412 748 587 829 temptatus
615 749 684 810 erat
705 747 875 811 damnatus
896 749 955 810 est.
988 750 1115 812 constat

144 833 295 896 iuuenem
317 830 507 914 productum
529 830 564 894 in
585 833 690 896 rostra
712 831 816 896 defixo
836 830 1007 895 interram
1021 831 1115 896 uultu

144 917 390 1000 perseueranter
416 914 553 980 tacuisse
581 915 828 998 uerecundoque
856 915 983 980 silentio
1016 915 1115 1000 pluri-

144 1022 234 1065 mum
255 1001 291 1064 in
314 999 471 1064 ultionem
493 1020 584 1063 suam
606 998 756 1064 ualuisse.

193 1086 240 1149 a.
277 1083 426 1149 Metellus
471 1105 574 1168 uoque
598 1081 690 1149 Oeler
712 1087 878 1166 stuprosae
904 1083 1021 1149 mentis
1043 1101 1155 1148 acerra

147 1167 300 1254 poenitor
327 1168 435 1233 extit't
448 1105 517 1234 (in.
541 1167 654 1253 Sergio
676 1168 743 1234 Silo
767 1168 999 1252 promissorum
1021 1168 1117 1234 matri

146 1254 289 1319 familiae
305 1273 508 1318 nummorum
525 1252 631 1338 gratia
650 1253 734 1317 diem
756 1253 796 1317 ad
814 1253 965 1337 populum
982 1253 1116 1318 dicendo

145 1360 283 1422 eumque
298 1337 360 1402 hoo
375 1359 440 1402 uno
454 1340 588 1402 crimine
600 1337 797 1402 damnando:
815 1357 881 1401 non
897 1338 983 1402 enim
995 1337 1117 1403 factum

146 1431 235 1508 tunc,
253 1422 308 1486 sed
323 1423 448 1486 animus
460 1424 494 1486 in
506 1423 728 1505 quaestionem
741 1421 895 1485 deductus
909 1425 965 1500 est,
981 1421 1117 1504 plusque

146 1507 286 1573 uoluisse
307 1527 437 1591 peccare
462 1509 574 1571 nocuit
600 1527 696 1590 quam
723 1526 788 1571 non
812 1525 960 1588 peccasse
1005 1505 1116 1570 noluit.
1130 1526 1156 1566 15

170 1633 173 1641 ·
211 1592 242 1656 9.
271 1590 441 1657 Contionis
464 1592 551 1672 haec,
574 1591 631 1655 illa
654 1590 759 1664 curiae
781 1590 932 1675 grauitas.
992 1588 1117 1655 .Vetu-

147 1677 215 1742 rius
237 1676 322 1740 filius
345 1675 413 1740 eius
428 1674 568 1757 Veturi,
592 1675 648 1759 qui
668 1675 704 1739 in
725 1674 893 1739 consulatu
915 1694 972 1737 suo
993 1672 1117 1738 Samni·

147 1762 235 1826 tibus
258 1762 300 1826 ob
320 1761 459 1858 turpiter
481 1761 580 1858 ictum
602 1760 716 1825 foedus
742 1757 867 1823 deditus
895 1758 1017 1854 fueret,
1046 1778 1119 1821 cum

146 1841 1117 2024 stttztlttlttttttttetttttttttttmt:
1130 1949 1157 1989 20

148 2019 239 2086 actus
255 2019 346 2091 esset,
370 2013 541 2081 seruilibus
557 2015 597 2080 ab
613 2035 649 2080 eo
664 2013 860 2094 uerberibus,
883 2032 958 2095 qma
972 2014 1120 2094 stuprum

147 2101 218 2184 pati
239 2098 395 2182 noluerat,
418 2099 563 2164 adfectus
586 2098 759 2183 querellam
775 2098 814 2162 ad
831 2097 976 2161 consules
992 2095 1118 2160 detulit.

148 2207 168 2248 a
191 2184 307 2268 quibus
329 2182 391 2247 hac
414 2184 451 2248 de
473 2205 507 2247 re
530 2185 648 2248 certior
662 2184 765 2247 factus
781 2185 910 2246 senatus
925 2179 1069 2245 Plotium
1086 2181 1121 2244 in

150 2290 312 2334 carcerem
331 2267 404 2332 duci
417 2268 525 2332 iussit:
552 2269 588 2332 in
603 2268 826 2353 qualicumque
848 2266 934 2330 enim
956 2268 1044 2330 statu
1066 2285 1121 2348 po·

148 2354 243 2418 sitam
258 2352 406 2417 Romano
429 2353 578 2436 sanguini
594 2351 782 2436 pudicitiam
802 2354 907 2416 tutam
921 2371 990 2415 esse
1005 2349 1119 2414 uoluit.
1134 2374 1160 2414 ss

214 2439 264 2502 10.
293 2436 337 2502 Et
359 2437 436 2520 quid
457 2437 590 2514 mirum,
615 2439 642 2501 si
666 2437 727 2501 hoc
749 2435 891 2500 uniuersi
913 2437 1023 2518 patres
1046 2455 1120 2498 con-

149 2523 263 2606 scripti
291 2521 506 2587 censuerunt?
541 2521 575 2588 Ο.
598 2521 793 2586 Pescennius
815 2518 866 2584 ΙΙΙ
892 2521 943 2582 uir
972 2519 1120 2602 capitalis

148 2680 235 2796 tqcmq
251 2674 393 2794 colqmqrac
410 2689 494 2729 uersu
510 2673 615 2742 purtim
637 2672 670 2725 ia
687 2672 782 2738 infimo
805 2671 931 2740 marpissa
947 2670 1055 2724 omissis
1072 2685 1122 2726 uu.

149 2761 168 2795 u
199 2758 216 2795 a
237 2757 296 2795 esse

218 2816 233 2863 3
251 2808 381 2878 plorante
399 2808 451 2874 Π,
469 2807 622 2876 plorante*
639 2806 697 2872 (stc)
716 2807 753 2858 A¹
776 2807 819 2873 114
837 2803 1022 2872 quodminus
1040 2802 1120 2856 L¹A¹

149 2880 158 2946 ll
176 2882 192 2930 5
210 2875 372 2941 sanctinius,
389 2880 422 2930 ut
439 2874 510 2940 uict,
528 2873 593 2942 13¹ss
611 2879 626 2927 6
644 2874 832 2942 tempestatas
856 2871 914 2938 (sect
930 2887 981 2941 pes
1003 2870 1123 2940 iudum.)

150 2946 179 2998 A
200 2945 210 3010 ΙΙ
232 2942 402 3010 dampnatus
419 2942 480 2995 LA
496 2943 506 3010 ΙΙ
528 2948 543 2996 7
562 2941 659 2995 defixit
680 2941 832 2996 interram
851 2939 961 2993 uultum
979 2938 1072 3004 L¹A¹‚
1093 2938 1124 2992 in

149 3010 378 3075 terraconam
395 3009 490 3076 fultor,
511 3015 543 3064 ut
564 3008 679 3065 Vrlrr
697 3014 750 3064 cat.
766 3012 791 3071 7,
810 3007 911 3062 Nouuk
928 3007 938 3075 ΙΙ
955 3012 971 3061 8
990 3021 1124 3060 uerecun-

150 3079 227 3155 doq2·
241 3076 347 3198 L1qq11
365 3077 480 3155 punitor
496 3077 542 3144 Β,
559 3083 592 3132 ut
609 3092 659 3132 uos
677 3077 758 3154 etiarn
775 3076 845 3131 Pur.
860 3077 870 3144 ΙΙ
883 3075 944 3128 silio
962 3075 1001 3128 A²
1018 3077 1088 3132 Pur.

152 3153 182 3202 17
202 3161 262 3199 erus
309 3145 391 3198 eturu
412 3160 464 3200 om.
482 3147 551 3201 Pur.
578 3145 587 3214 ΙΙ
611 3151 644 3198 20
666 3163 694 3198 u.
713 3160 810 3198 nixum
827 3157 922 3212 murpo
939 3143 967 3196 A
988 3158 1001 3196 c
1018 3144 1088 3198 Pur.

149 3213 377 3269 adulescentulus
394 3213 431 3266 L¹
453 3215 463 3282 ΙΙ
484 3220 515 3268 21
534 3212 663 3267 seruilius
680 3213 718 3265 A1
742 3214 752 3281 ΙΙ
774 3217 806 3264 22
824 3209 997 3282 quaerellum
1016 3227 1033 3264 a
1051 3207 1125 3264 coris.

152 3283 190 3336 A1
215 3283 225 3350 ΙΙ
247 3286 279 3336 23
298 3281 351 3335 titt.
390 3281 490 3335 lotium
508 3282 538 3334 in
556 3296 604 3335 car
621 3282 653 3334 a'u
670 3296 726 3336 rus.
744 3279 772 3332 A
795 3279 805 3346 ΙΙ
830 3283 862 3332 25
880 3278 967 3332 turta
985 3278 1025 3345 L,
1044 3279 1124 3332 tuam

150 3352 258 3419 A¹1126
276 3348 341 3415 fort.
383 3349 467 3417 cquid
485 3349 571 3404 Helm
583 3350 594 3416 ll
607 3354 639 3402 27
657 3347 826 3402 Pescennius
844 3345 973 3415 Piphius.
1002 3347 1037 3413 cf.
1055 3345 1125 3400 0.1.

151 3418 185 3476 L.
204 3418 226 3470 I
240 3433 269 3473 n.
286 3421 337 3471 933
356 3421 381 3471 ct
399 3419 475 3483 1307,
502 3416 680 3471 fescenninus
698 3415 768 3469 LA¹
786 3413 886 3479 Halm,
912 3413 1069 3468 fescennius
1086 3414 1126 3467 A²

150 3486 221 3542 Pur.
240 3486 250 3552 ΙΙ
273 3483 407 3538 triumuir
425 3484 556 3552 capitalis
574 3500 597 3538 c.
617 3482 774 3537 cornelium
792 3484 872 3550 Pan,
892 3481 933 3534 III
952 3481 1004 3537 arii.
1022 3499 1045 3537 c.
1064 3498 1124 3536 cor-

24 3617 32 3626 ,
150 3553 259 3607 nelium
278 3553 351 3618 LA,
369 3552 390 3606 I.
408 3553 440 3606 P.
459 3553 560 3608 tririuir
578 3549 707 3620 capitalis
725 3565 819 3620 usurpo
837 3552 864 3603 A

205 3646 267 3686 Van.
282 3647 349 3688 Max.
940 3643 970 3691 18
