<?xml version="1.0" encoding="UTF-8"?>
<!DOCTYPE html PUBLIC "-//W3C//DTD XHTML 1.0 Transitional//EN"
    "http://www.w3.org/TR/xhtml1/DTD/xhtml1-transitional.dtd">
<html xmlns="http://www.w3.org/1999/xhtml" xml:lang="en" lang="en">
 <head>
  <title>
</title>
<meta http-equiv="Content-Type" content="text/html;charset=utf-8" />
  <meta name='ocr-system' content='tesseract 3.04.00' />
  <meta name='ocr-capabilities' content='ocr_page ocr_carea ocr_par ocr_line ocrx_word'/>
</head>
<body>
  <div class='ocr_page' id='page_1' title='image "./valeriimaximifa00nepogoog_0322.png"; bbox 0 0 2608 3952; ppageno 0'>
   <div class='ocr_carea' id='block_1_1' title="bbox 496 157 1109 229">
    <p class='ocr_par' dir='ltr' id='par_1_1' title="bbox 496 157 1109 229">
     <span class='ocr_line' id='line_1_1' title="bbox 496 157 1109 229; baseline 0.002 -15"><span class='ocrx_word' id='word_1_1' title='bbox 496 157 573 214; x_wconf 82' lang='lat' dir='ltr'><strong>cAP.</strong></span> <span class='ocrx_word' id='word_1_2' title='bbox 592 157 631 226; x_wconf 93' lang='lat'><strong>11,</strong></span> <span class='ocrx_word' id='word_1_3' title='bbox 653 160 760 221; x_wconf 73' lang='lat' dir='ltr'><strong>er-e.</strong></span> <span class='ocrx_word' id='word_1_4' title='bbox 1051 163 1109 229; x_wconf 73' lang='lat'><strong>281</strong></span> 
     </span>
    </p>
   </div>
   <div class='ocr_carea' id='block_1_2' title="bbox 139 310 1190 2596">
    <p class='ocr_par' dir='ltr' id='par_1_2' title="bbox 142 310 1114 462">
     <span class='ocr_line' id='line_1_2' title="bbox 142 310 1114 398; baseline 0.004 -22"><span class='ocrx_word' id='word_1_5' title='bbox 142 311 329 376; x_wconf 91' lang='lat' dir='ltr'><strong>hominibus</strong></span> <span class='ocrx_word' id='word_1_6' title='bbox 351 311 473 376; x_wconf 85' lang='lat' dir='ltr'><strong>aditum</strong></span> <span class='ocrx_word' id='word_1_7' title='bbox 495 310 647 378; x_wconf 84' lang='lat' dir='ltr'><strong>aduersus</strong></span> <span class='ocrx_word' id='word_1_8' title='bbox 662 334 695 377; x_wconf 89' lang='lat' dir='ltr'><strong>se</strong></span> <span class='ocrx_word' id='word_1_9' title='bbox 710 312 811 379; x_wconf 70' lang='lat' dir='ltr'><strong>dedic</strong></span> <span class='ocrx_word' id='word_1_10' title='bbox 836 335 853 378; x_wconf 94' lang='lat' dir='ltr'><strong>e</strong></span> <span class='ocrx_word' id='word_1_11' title='bbox 868 334 1003 398; x_wconf 91' lang='lat' dir='ltr'><strong>quorum</strong></span> <span class='ocrx_word' id='word_1_12' title='bbox 1017 315 1114 380; x_wconf 87' lang='lat' dir='ltr'><strong>turba</strong></span> 
     </span>
     <span class='ocr_line' id='line_1_3' title="bbox 144 396 634 462; baseline -0.004 -1"><span class='ocrx_word' id='word_1_13' title='bbox 144 398 223 462; x_wconf 88' lang='lat' dir='ltr'><strong>duos</strong></span> <span class='ocrx_word' id='word_1_14' title='bbox 245 396 391 462; x_wconf 87' lang='lat' dir='ltr'><strong>retulisse</strong></span> <span class='ocrx_word' id='word_1_15' title='bbox 414 396 540 461; x_wconf 81' lang='lat' dir='ltr'>abunde</span> <span class='ocrx_word' id='word_1_16' title='bbox 562 398 634 462; x_wconf 88' lang='lat' dir='ltr'><strong>erit.</strong></span> 
     </span>
    </p>

    <p class='ocr_par' dir='ltr' id='par_1_3' title="bbox 139 479 1190 2596">
     <span class='ocr_line' id='line_1_4' title="bbox 208 479 1112 560; baseline 0 -13"><span class='ocrx_word' id='word_1_17' title='bbox 208 482 239 547; x_wconf 88' lang='lat'><strong>8.</strong></span> <span class='ocrx_word' id='word_1_18' title='bbox 268 481 405 546; x_wconf 89' lang='lat' dir='ltr'><strong>Heluius</strong></span> <span class='ocrx_word' id='word_1_19' title='bbox 420 479 551 546; x_wconf 87' lang='lat' dir='ltr'><strong>Mancia</strong></span> <span class='ocrx_word' id='word_1_20' title='bbox 565 480 771 560; x_wconf 81' lang='lat' dir='ltr'><strong>Formianos,</strong></span> <span class='ocrx_word' id='word_1_21' title='bbox 793 483 936 547; x_wconf 88' lang='lat' dir='ltr'><strong>libertini</strong></span> <span class='ocrx_word' id='word_1_22' title='bbox 958 483 1044 547; x_wconf 90' lang='lat' dir='ltr'><strong>filius</strong></span> <span class='ocrx_word' id='word_1_23' title='bbox 1066 483 1112 547; x_wconf 92' lang='lat' dir='ltr'><strong>ul-</strong></span> 
     </span>
     <span class='ocr_line' id='line_1_5' title="bbox 142 565 1112 650; baseline 0.001 -19"><span class='ocrx_word' id='word_1_24' title='bbox 142 567 241 631; x_wconf 80' lang='lat' dir='ltr'><strong>timae</strong></span> <span class='ocrx_word' id='word_1_25' title='bbox 264 565 454 648; x_wconf 75' lang='lat' dir='ltr'><strong>senectutis,</strong></span> <span class='ocrx_word' id='word_1_26' title='bbox 477 566 513 631; x_wconf 86' lang='lat' dir='ltr'><strong>L.</strong></span> <span class='ocrx_word' id='word_1_27' title='bbox 529 565 687 631; x_wconf 80' lang='lat' dir='ltr'>Libonem</span> <span class='ocrx_word' id='word_1_28' title='bbox 710 565 793 650; x_wconf 89' lang='lat' dir='ltr'><strong>apud</strong></span> <span class='ocrx_word' id='word_1_29' title='bbox 816 587 965 632; x_wconf 82' lang='lat' dir='ltr'>censores</span> <span class='ocrx_word' id='word_1_30' title='bbox 986 587 1112 632; x_wconf 88' lang='lat' dir='ltr'><strong>accusa-</strong></span> 
     </span>
     <span class='ocr_line' id='line_1_6' title="bbox 142 649 1138 738; baseline -0.003 -22"><span class='ocrx_word' id='word_1_31' title='bbox 142 651 209 716; x_wconf 86' lang='lat' dir='ltr'><strong>bat.</strong></span> <span class='ocrx_word' id='word_1_32' title='bbox 239 652 273 714; x_wconf 90' lang='lat' dir='ltr'><strong>in</strong></span> <span class='ocrx_word' id='word_1_33' title='bbox 297 671 359 734; x_wconf 92' lang='lat' dir='ltr'><strong>quo</strong></span> <span class='ocrx_word' id='word_1_34' title='bbox 373 649 547 715; x_wconf 76' lang='lat' dir='ltr'><strong>certamine</strong></span> <span class='ocrx_word' id='word_1_35' title='bbox 569 671 641 714; x_wconf 92' lang='lat' dir='ltr'><strong>cum</strong></span> <span class='ocrx_word' id='word_1_36' title='bbox 656 649 830 735; x_wconf 89' lang='lat' dir='ltr'><strong>Pompeius</strong></span> <span class='ocrx_word' id='word_1_37' title='bbox 845 650 985 738; x_wconf 81' lang='lat' dir='ltr'><strong>Magnus</strong></span> <span class='ocrx_word' id='word_1_38' title='bbox 1007 651 1138 716; x_wconf 80' lang='lat' dir='ltr'><strong>humi-u</strong></span> 
     </span>
     <span class='ocr_line' id='line_1_7' title="bbox 143 735 1113 819; baseline 0.002 -21"><span class='ocrx_word' id='word_1_39' title='bbox 143 735 268 800; x_wconf 89' lang='lat' dir='ltr'><strong>litatem</strong></span> <span class='ocrx_word' id='word_1_40' title='bbox 291 735 321 799; x_wconf 89' lang='lat' dir='ltr'><strong>ei</strong></span> <span class='ocrx_word' id='word_1_41' title='bbox 339 737 541 818; x_wconf 88' lang='lat' dir='ltr'><strong>aetatemque</strong></span> <span class='ocrx_word' id='word_1_42' title='bbox 564 735 761 819; x_wconf 79' lang='lat' dir='ltr'><strong>exprobrans</strong></span> <span class='ocrx_word' id='word_1_43' title='bbox 782 737 823 800; x_wconf 90' lang='lat' dir='ltr'><strong>ab</strong></span> <span class='ocrx_word' id='word_1_44' title='bbox 838 737 952 801; x_wconf 86' lang='lat' dir='ltr'><strong>inferis</strong></span> <span class='ocrx_word' id='word_1_45' title='bbox 965 736 1058 800; x_wconf 90' lang='lat' dir='ltr'><strong>illum</strong></span> <span class='ocrx_word' id='word_1_46' title='bbox 1073 735 1113 800; x_wconf 93' lang='lat' dir='ltr'><strong>ad</strong></span> 
     </span>
     <span class='ocr_line' id='line_1_8' title="bbox 143 818 1112 905; baseline -0.002 -19"><span class='ocrx_word' id='word_1_47' title='bbox 143 820 358 886; x_wconf 85' lang='lat' dir='ltr'><strong>accusandum</strong></span> <span class='ocrx_word' id='word_1_48' title='bbox 372 819 539 883; x_wconf 89' lang='lat' dir='ltr'><strong>remissum</strong></span> <span class='ocrx_word' id='word_1_49' title='bbox 554 818 702 899; x_wconf 85' lang='lat' dir='ltr'><strong>dixisset,</strong></span> <span class='ocrx_word' id='word_1_50' title='bbox 719 825 803 885; x_wconf 80' lang='lat' dir='ltr'><strong>‘non</strong></span> <span class='ocrx_word' id='word_1_51' title='bbox 817 821 982 886; x_wconf 87' lang='lat' dir='ltr'><strong>mentiris&#39;</strong></span> <span class='ocrx_word' id='word_1_52' title='bbox 996 822 1112 905; x_wconf 89' lang='lat' dir='ltr'><strong>inquit,</strong></span> 
     </span>
     <span class='ocr_line' id='line_1_9' title="bbox 144 903 1111 989; baseline 0.001 -20"><span class='ocrx_word' id='word_1_53' title='bbox 144 904 309 989; x_wconf 69' lang='lat' dir='ltr'><strong>‘Pompam</strong></span> <span class='ocrx_word' id='word_1_54' title='bbox 342 903 439 968; x_wconf 91' lang='lat' dir='ltr'><strong>uenio</strong></span> <span class='ocrx_word' id='word_1_55' title='bbox 468 903 553 968; x_wconf 90' lang='lat' dir='ltr'><strong>enim</strong></span> <span class='ocrx_word' id='word_1_56' title='bbox 589 906 629 968; x_wconf 92' lang='lat' dir='ltr'><strong>ab</strong></span> <span class='ocrx_word' id='word_1_57' title='bbox 661 905 791 988; x_wconf 88' lang='lat' dir='ltr'><strong>inferis,</strong></span> <span class='ocrx_word' id='word_1_58' title='bbox 831 906 866 971; x_wconf 90' lang='lat' dir='ltr'><strong>in</strong></span> <span class='ocrx_word' id='word_1_59' title='bbox 893 904 930 970; x_wconf 82' lang='lat' dir='ltr'><strong>L.</strong></span> <span class='ocrx_word' id='word_1_60' title='bbox 957 904 1111 970; x_wconf 86' lang='lat' dir='ltr'><strong>Libonem</strong></span> 
     </span>
     <span class='ocr_line' id='line_1_10' title="bbox 143 987 1190 1069; baseline -0.003 -16"><span class='ocrx_word' id='word_1_61' title='bbox 143 992 308 1054; x_wconf 83' lang='lat' dir='ltr'><strong>accusator</strong></span> <span class='ocrx_word' id='word_1_62' title='bbox 322 988 427 1052; x_wconf 90' lang='lat' dir='ltr'><strong>uenio.</strong></span> <span class='ocrx_word' id='word_1_63' title='bbox 458 987 513 1052; x_wconf 91' lang='lat' dir='ltr'><strong>sed</strong></span> <span class='ocrx_word' id='word_1_64' title='bbox 535 989 612 1053; x_wconf 94' lang='lat' dir='ltr'><strong>dum</strong></span> <span class='ocrx_word' id='word_1_65' title='bbox 633 987 700 1054; x_wconf 87' lang='lat' dir='ltr'><strong>illic</strong></span> <span class='ocrx_word' id='word_1_66' title='bbox 721 1010 837 1069; x_wconf 91' lang='lat' dir='ltr'><strong>moror,</strong></span> <span class='ocrx_word' id='word_1_67' title='bbox 861 990 929 1055; x_wconf 87' lang='lat' dir='ltr'><strong>uidi</strong></span> <span class='ocrx_word' id='word_1_68' title='bbox 944 993 1112 1055; x_wconf 87' lang='lat' dir='ltr'><strong>cruentum</strong></span> <span class='ocrx_word' id='word_1_69' title='bbox 1183 1039 1190 1050; x_wconf 87' lang='lat'><em>.</em></span> 
     </span>
     <span class='ocr_line' id='line_1_11' title="bbox 143 1072 1151 1158; baseline 0.001 -19"><span class='ocrx_word' id='word_1_70' title='bbox 143 1073 204 1139; x_wconf 85' lang='lat' dir='ltr'><strong>On.</strong></span> <span class='ocrx_word' id='word_1_71' title='bbox 222 1072 400 1138; x_wconf 89' lang='lat' dir='ltr'><strong>Domitium</strong></span> <span class='ocrx_word' id='word_1_72' title='bbox 416 1072 668 1137; x_wconf 85' lang='lat' dir='ltr'><strong>Ahenobarbum</strong></span> <span class='ocrx_word' id='word_1_73' title='bbox 683 1073 862 1158; x_wconf 89' lang='lat' dir='ltr'><strong>deflentem,</strong></span> <span class='ocrx_word' id='word_1_74' title='bbox 882 1076 967 1158; x_wconf 90' lang='lat' dir='ltr'><strong>quod</strong></span> <span class='ocrx_word' id='word_1_75' title='bbox 988 1095 1112 1139; x_wconf 89' lang='lat' dir='ltr'><strong>summo</strong></span> <span class='ocrx_word' id='word_1_76' title='bbox 1125 1100 1151 1141; x_wconf 87' lang='lat' dir='ltr'><strong>ro</strong></span> 
     </span>
     <span class='ocr_line' id='line_1_12' title="bbox 143 1157 1112 1244; baseline 0 -21"><span class='ocrx_word' id='word_1_77' title='bbox 143 1178 261 1244; x_wconf 82' lang='lat' dir='ltr'><strong>genere</strong></span> <span class='ocrx_word' id='word_1_78' title='bbox 283 1160 396 1237; x_wconf 84' lang='lat' dir='ltr'><strong>natus,</strong></span> <span class='ocrx_word' id='word_1_79' title='bbox 419 1157 646 1242; x_wconf 81' lang='lat' dir='ltr'><strong>integerrimae</strong></span> <span class='ocrx_word' id='word_1_80' title='bbox 667 1158 770 1242; x_wconf 83' lang='lat' dir='ltr'><strong>uitae,</strong></span> <span class='ocrx_word' id='word_1_81' title='bbox 799 1160 1037 1224; x_wconf 88' lang='lat' dir='ltr'><strong>amantissimus</strong></span> <span class='ocrx_word' id='word_1_82' title='bbox 1058 1180 1112 1243; x_wconf 88' lang='lat' dir='ltr'><strong>pa·</strong></span> 
     </span>
     <span class='ocr_line' id='line_1_13' title="bbox 142 1241 1110 1325; baseline 0 -17"><span class='ocrx_word' id='word_1_83' title='bbox 142 1244 238 1324; x_wconf 88' lang='lat' dir='ltr'><strong>triae,</strong></span> <span class='ocrx_word' id='word_1_84' title='bbox 261 1244 296 1306; x_wconf 91' lang='lat' dir='ltr'><strong>in</strong></span> <span class='ocrx_word' id='word_1_85' title='bbox 318 1243 389 1325; x_wconf 91' lang='lat' dir='ltr'><strong>ipso</strong></span> <span class='ocrx_word' id='word_1_86' title='bbox 411 1242 562 1306; x_wconf 89' lang='lat' dir='ltr'><strong>iuuentae</strong></span> <span class='ocrx_word' id='word_1_87' title='bbox 584 1241 662 1307; x_wconf 90' lang='lat' dir='ltr'><strong>flore</strong></span> <span class='ocrx_word' id='word_1_88' title='bbox 685 1247 742 1308; x_wconf 91' lang='lat' dir='ltr'><strong>tuo</strong></span> <span class='ocrx_word' id='word_1_89' title='bbox 763 1245 851 1308; x_wconf 86' lang='lat' dir='ltr'><strong>iussu</strong></span> <span class='ocrx_word' id='word_1_90' title='bbox 873 1248 958 1309; x_wconf 89' lang='lat' dir='ltr'><strong>esset</strong></span> <span class='ocrx_word' id='word_1_91' title='bbox 978 1244 1110 1309; x_wconf 86' lang='lat' dir='ltr'><strong>occisus.</strong></span> 
     </span>
     <span class='ocr_line' id='line_1_14' title="bbox 143 1326 1112 1410; baseline 0.002 -19"><span class='ocrx_word' id='word_1_92' title='bbox 143 1327 210 1392; x_wconf 92' lang='lat' dir='ltr'><strong>uidi</strong></span> <span class='ocrx_word' id='word_1_93' title='bbox 232 1327 301 1410; x_wconf 90' lang='lat' dir='ltr'><strong>pari</strong></span> <span class='ocrx_word' id='word_1_94' title='bbox 323 1326 470 1391; x_wconf 89' lang='lat' dir='ltr'><strong>claritate</strong></span> <span class='ocrx_word' id='word_1_95' title='bbox 489 1326 698 1410; x_wconf 87' lang='lat' dir='ltr'><strong>conspicuum</strong></span> <span class='ocrx_word' id='word_1_96' title='bbox 713 1327 763 1392; x_wconf 88' lang='lat' dir='ltr'><strong>M.</strong></span> <span class='ocrx_word' id='word_1_97' title='bbox 780 1327 916 1392; x_wconf 87' lang='lat' dir='ltr'><strong>Brutum</strong></span> <span class='ocrx_word' id='word_1_98' title='bbox 932 1329 1017 1393; x_wconf 87' lang='lat' dir='ltr'><strong>ferro</strong></span> <span class='ocrx_word' id='word_1_99' title='bbox 1032 1329 1112 1393; x_wconf 89' lang='lat' dir='ltr'><strong>lace·</strong></span> 
     </span>
     <span class='ocr_line' id='line_1_15' title="bbox 142 1411 1112 1496; baseline 0.001 -21"><span class='ocrx_word' id='word_1_100' title='bbox 142 1417 260 1494; x_wconf 89' lang='lat' dir='ltr'><strong>ratum,</strong></span> <span class='ocrx_word' id='word_1_101' title='bbox 283 1419 470 1494; x_wconf 86' lang='lat' dir='ltr'><strong>querentem</strong></span> <span class='ocrx_word' id='word_1_102' title='bbox 487 1411 518 1474; x_wconf 91' lang='lat' dir='ltr'><strong>id</strong></span> <span class='ocrx_word' id='word_1_103' title='bbox 535 1411 596 1475; x_wconf 85' lang='lat' dir='ltr'><strong>sibi</strong></span> <span class='ocrx_word' id='word_1_104' title='bbox 611 1411 700 1494; x_wconf 91' lang='lat' dir='ltr'><strong>prius</strong></span> <span class='ocrx_word' id='word_1_105' title='bbox 715 1412 861 1496; x_wconf 86' lang='lat' dir='ltr'><strong>perfidia,</strong></span> <span class='ocrx_word' id='word_1_106' title='bbox 885 1413 999 1478; x_wconf 91' lang='lat' dir='ltr'><strong>deinde</strong></span> <span class='ocrx_word' id='word_1_107' title='bbox 1016 1414 1112 1477; x_wconf 86' lang='lat' dir='ltr'><strong>etiam</strong></span> 
     </span>
     <span class='ocr_line' id='line_1_16' title="bbox 142 1493 1153 1564; baseline 0.002 -2"><span class='ocrx_word' id='word_1_108' title='bbox 142 1495 331 1563; x_wconf 85' lang='lat' dir='ltr'><strong>crudelitate</strong></span> <span class='ocrx_word' id='word_1_109' title='bbox 359 1499 415 1560; x_wconf 87' lang='lat' dir='ltr'><strong>tua</strong></span> <span class='ocrx_word' id='word_1_110' title='bbox 440 1494 603 1560; x_wconf 87' lang='lat' dir='ltr'><strong>eccidisse.</strong></span> <span class='ocrx_word' id='word_1_111' title='bbox 638 1493 704 1559; x_wconf 87' lang='lat' dir='ltr'><strong>uidi</strong></span> <span class='ocrx_word' id='word_1_112' title='bbox 732 1493 792 1561; x_wconf 82' lang='lat' dir='ltr'><strong>On.</strong></span> <span class='ocrx_word' id='word_1_113' title='bbox 817 1497 997 1563; x_wconf 81' lang='lat' dir='ltr'><strong>Carbonem</strong></span> <span class='ocrx_word' id='word_1_114' title='bbox 1025 1518 1112 1562; x_wconf 90' lang='lat' dir='ltr'><strong>acer·</strong></span> <span class='ocrx_word' id='word_1_115' title='bbox 1127 1523 1153 1564; x_wconf 81' lang='lat' dir='ltr'><strong>rc</strong></span> 
     </span>
     <span class='ocr_line' id='line_1_17' title="bbox 142 1579 1113 1678; baseline 0.001 -33"><span class='ocrx_word' id='word_1_116' title='bbox 142 1582 260 1645; x_wconf 91' lang='lat' dir='ltr'><strong>rimum</strong></span> <span class='ocrx_word' id='word_1_117' title='bbox 279 1579 440 1678; x_wconf 87' lang='lat' dir='ltr'><strong>pueritiae</strong></span> <span class='ocrx_word' id='word_1_118' title='bbox 462 1583 538 1644; x_wconf 87' lang='lat' dir='ltr'><strong>tuae</strong></span> <span class='ocrx_word' id='word_1_119' title='bbox 559 1580 783 1664; x_wconf 90' lang='lat' dir='ltr'><strong>bonorumque</strong></span> <span class='ocrx_word' id='word_1_120' title='bbox 811 1581 911 1664; x_wconf 82' lang='lat' dir='ltr'><strong>patris</strong></span> <span class='ocrx_word' id='word_1_121' title='bbox 933 1582 980 1646; x_wconf 91' lang='lat' dir='ltr'><strong>tui</strong></span> <span class='ocrx_word' id='word_1_122' title='bbox 1003 1581 1113 1646; x_wconf 87' lang='lat' dir='ltr'><strong>defen-</strong></span> 
     </span>
     <span class='ocr_line' id='line_1_18' title="bbox 143 1664 1113 1749; baseline 0 -19"><span class='ocrx_word' id='word_1_123' title='bbox 143 1687 248 1730; x_wconf 88' lang='lat' dir='ltr'><strong>sorem</strong></span> <span class='ocrx_word' id='word_1_124' title='bbox 276 1687 312 1729; x_wconf 92' lang='lat' dir='ltr'><strong>1n</strong></span> <span class='ocrx_word' id='word_1_125' title='bbox 333 1665 429 1729; x_wconf 87' lang='lat' dir='ltr'><strong>tertio</strong></span> <span class='ocrx_word' id='word_1_126' title='bbox 456 1664 626 1730; x_wconf 83' lang='lat' dir='ltr'><strong>consulatu</strong></span> <span class='ocrx_word' id='word_1_127' title='bbox 654 1665 790 1746; x_wconf 87' lang='lat' dir='ltr'><strong>catenis,</strong></span> <span class='ocrx_word' id='word_1_128' title='bbox 821 1670 957 1749; x_wconf 83' lang='lat' dir='ltr'><strong>questu</strong></span> <span class='ocrx_word' id='word_1_129' title='bbox 982 1666 1010 1729; x_wconf 87' lang='lat' dir='ltr'><strong>ei</strong></span> <span class='ocrx_word' id='word_1_130' title='bbox 1034 1666 1113 1730; x_wconf 90' lang='lat' dir='ltr'><strong>inici</strong></span> 
     </span>
     <span class='ocr_line' id='line_1_19' title="bbox 143 1748 1113 1833; baseline 0 -19"><span class='ocrx_word' id='word_1_131' title='bbox 143 1750 296 1833; x_wconf 82' lang='lat' dir='ltr'><strong>iusseras,</strong></span> <span class='ocrx_word' id='word_1_132' title='bbox 319 1749 482 1831; x_wconf 90' lang='lat' dir='ltr'><strong>uinctum,</strong></span> <span class='ocrx_word' id='word_1_133' title='bbox 506 1750 724 1814; x_wconf 88' lang='lat' dir='ltr'><strong>obtestantem</strong></span> <span class='ocrx_word' id='word_1_134' title='bbox 740 1771 774 1814; x_wconf 89' lang='lat' dir='ltr'><strong>se</strong></span> <span class='ocrx_word' id='word_1_135' title='bbox 790 1748 940 1814; x_wconf 89' lang='lat' dir='ltr'><strong>aduersus</strong></span> <span class='ocrx_word' id='word_1_136' title='bbox 953 1769 1048 1814; x_wconf 92' lang='lat' dir='ltr'><strong>omne</strong></span> <span class='ocrx_word' id='word_1_137' title='bbox 1062 1750 1113 1815; x_wconf 82' lang='lat' dir='ltr'><strong>fas</strong></span> 
     </span>
     <span class='ocr_line' id='line_1_20' title="bbox 142 1833 1113 1932; baseline -0.001 -33"><span class='ocrx_word' id='word_1_138' title='bbox 142 1857 180 1900; x_wconf 88' lang='lat' dir='ltr'><strong>ao</strong></span> <span class='ocrx_word' id='word_1_139' title='bbox 202 1834 310 1912; x_wconf 86' lang='lat' dir='ltr'><strong>nefas,</strong></span> <span class='ocrx_word' id='word_1_140' title='bbox 335 1855 407 1900; x_wconf 92' lang='lat' dir='ltr'><strong>cum</strong></span> <span class='ocrx_word' id='word_1_141' title='bbox 429 1834 464 1898; x_wconf 91' lang='lat' dir='ltr'><strong>in</strong></span> <span class='ocrx_word' id='word_1_142' title='bbox 486 1855 610 1899; x_wconf 91' lang='lat' dir='ltr'><strong>summo</strong></span> <span class='ocrx_word' id='word_1_143' title='bbox 632 1835 716 1898; x_wconf 89' lang='lat' dir='ltr'><strong>esset</strong></span> <span class='ocrx_word' id='word_1_144' title='bbox 733 1833 885 1917; x_wconf 89' lang='lat' dir='ltr'><strong>imperio,</strong></span> <span class='ocrx_word' id='word_1_145' title='bbox 909 1857 927 1898; x_wconf 90' lang='lat' dir='ltr'><strong>a</strong></span> <span class='ocrx_word' id='word_1_146' title='bbox 949 1839 981 1900; x_wconf 89' lang='lat' dir='ltr'><strong>te</strong></span> <span class='ocrx_word' id='word_1_147' title='bbox 1003 1834 1113 1932; x_wconf 83' lang='lat' dir='ltr'><strong>equite</strong></span> 
     </span>
     <span class='ocr_line' id='line_1_21' title="bbox 141 1917 1151 2003; baseline 0.004 -19"><span class='ocrx_word' id='word_1_148' title='bbox 141 1918 290 1984; x_wconf 87' lang='lat' dir='ltr'><strong>Romano</strong></span> <span class='ocrx_word' id='word_1_149' title='bbox 312 1919 517 1984; x_wconf 88' lang='lat' dir='ltr'><strong>trucidatum.</strong></span> <span class='ocrx_word' id='word_1_150' title='bbox 544 1919 613 1984; x_wconf 87' lang='lat' dir='ltr'><strong>uidi</strong></span> <span class='ocrx_word' id='word_1_151' title='bbox 636 1917 747 1984; x_wconf 89' lang='lat' dir='ltr'><strong>eodem</strong></span> <span class='ocrx_word' id='word_1_152' title='bbox 769 1919 883 1984; x_wconf 87' lang='lat' dir='ltr'><strong>habitu</strong></span> <span class='ocrx_word' id='word_1_153' title='bbox 906 1922 938 1984; x_wconf 88' lang='lat' dir='ltr'><strong>et</strong></span> <span class='ocrx_word' id='word_1_154' title='bbox 957 1919 1112 2003; x_wconf 85' lang='lat' dir='ltr'><strong>quirrtatu</strong></span> <span class='ocrx_word' id='word_1_155' title='bbox 1125 1947 1151 1988; x_wconf 82' lang='lat' dir='ltr'><strong>ro</strong></span> 
     </span>
     <span class='ocr_line' id='line_1_22' title="bbox 140 2003 1111 2088; baseline -0.001 -20"><span class='ocrx_word' id='word_1_156' title='bbox 140 2004 338 2088; x_wconf 88' lang='lat' dir='ltr'><strong>praetorium</strong></span> <span class='ocrx_word' id='word_1_157' title='bbox 367 2003 472 2068; x_wconf 91' lang='lat' dir='ltr'><strong>uirum</strong></span> <span class='ocrx_word' id='word_1_158' title='bbox 499 2003 702 2087; x_wconf 89' lang='lat' dir='ltr'><strong>Perpennam</strong></span> <span class='ocrx_word' id='word_1_159' title='bbox 731 2004 897 2069; x_wconf 87' lang='lat' dir='ltr'><strong>saeuitiam</strong></span> <span class='ocrx_word' id='word_1_160' title='bbox 923 2007 1012 2068; x_wconf 88' lang='lat' dir='ltr'><strong>tuem</strong></span> <span class='ocrx_word' id='word_1_161' title='bbox 1041 2025 1111 2068; x_wconf 83' lang='lat' dir='ltr'><strong>exe-</strong></span> 
     </span>
     <span class='ocr_line' id='line_1_23' title="bbox 142 2088 1111 2173; baseline -0.001 -20"><span class='ocrx_word' id='word_1_162' title='bbox 142 2091 285 2154; x_wconf 89' lang='lat' dir='ltr'><strong>orantem</strong></span> <span class='ocrx_word' id='word_1_163' title='bbox 292 2137 300 2171; x_wconf 95' lang='lat'><strong>,</strong></span> <span class='ocrx_word' id='word_1_164' title='bbox 323 2109 497 2172; x_wconf 89' lang='lat' dir='ltr'><strong>omnesque</strong></span> <span class='ocrx_word' id='word_1_165' title='bbox 521 2109 573 2153; x_wconf 89' lang='lat' dir='ltr'><strong>eos</strong></span> <span class='ocrx_word' id='word_1_166' title='bbox 595 2111 660 2154; x_wconf 86' lang='lat' dir='ltr'><strong>una</strong></span> <span class='ocrx_word' id='word_1_167' title='bbox 681 2110 760 2154; x_wconf 91' lang='lat' dir='ltr'><strong>uoce</strong></span> <span class='ocrx_word' id='word_1_168' title='bbox 782 2088 1001 2173; x_wconf 84' lang='lat' dir='ltr'><strong>indignantes,</strong></span> <span class='ocrx_word' id='word_1_169' title='bbox 1022 2090 1111 2173; x_wconf 89' lang='lat' dir='ltr'><strong>quod</strong></span> 
     </span>
     <span class='ocr_line' id='line_1_24' title="bbox 140 2172 1109 2238; baseline 0.001 -1"><span class='ocrx_word' id='word_1_170' title='bbox 140 2172 320 2238; x_wconf 87' lang='lat' dir='ltr'><strong>indemnati</strong></span> <span class='ocrx_word' id='word_1_171' title='bbox 342 2173 401 2238; x_wconf 93' lang='lat' dir='ltr'><strong>sub</strong></span> <span class='ocrx_word' id='word_1_172' title='bbox 423 2175 456 2236; x_wconf 88' lang='lat' dir='ltr'><strong>te</strong></span> <span class='ocrx_word' id='word_1_173' title='bbox 471 2173 710 2238; x_wconf 86' lang='lat' dir='ltr'><strong>adulescentulo</strong></span> <span class='ocrx_word' id='word_1_174' title='bbox 726 2174 875 2238; x_wconf 88' lang='lat' dir='ltr'><strong>carnifice</strong></span> <span class='ocrx_word' id='word_1_175' title='bbox 893 2174 1109 2238; x_wconf 90' lang='lat' dir='ltr'><strong>occidissent&#39;.</strong></span> 
     </span>
     <span class='ocr_line' id='line_1_25' title="bbox 141 2257 1110 2326; baseline -0.001 -3"><span class='ocrx_word' id='word_1_176' title='bbox 141 2259 280 2323; x_wconf 89' lang='lat' dir='ltr'><strong>obducta</strong></span> <span class='ocrx_word' id='word_1_177' title='bbox 301 2257 368 2321; x_wconf 89' lang='lat' dir='ltr'><strong>iam</strong></span> <span class='ocrx_word' id='word_1_178' title='bbox 390 2259 525 2322; x_wconf 80' lang='lat' dir='ltr'><strong>uetustis</strong></span> <span class='ocrx_word' id='word_1_179' title='bbox 552 2257 754 2322; x_wconf 87' lang='lat' dir='ltr'><strong>cicatricibus</strong></span> <span class='ocrx_word' id='word_1_180' title='bbox 781 2259 940 2326; x_wconf 89' lang='lat' dir='ltr'><strong>bellorum</strong></span> <span class='ocrx_word' id='word_1_181' title='bbox 966 2259 1110 2324; x_wconf 90' lang='lat' dir='ltr'><strong>ciuilium</strong></span> 
     </span>
     <span class='ocr_line' id='line_1_26' title="bbox 140 2341 1149 2426; baseline 0.003 -19"><span class='ocrx_word' id='word_1_182' title='bbox 140 2342 325 2408; x_wconf 86' lang='lat' dir='ltr'><strong>uastissima</strong></span> <span class='ocrx_word' id='word_1_183' title='bbox 346 2342 480 2405; x_wconf 90' lang='lat' dir='ltr'><strong>uulnera</strong></span> <span class='ocrx_word' id='word_1_184' title='bbox 494 2342 682 2426; x_wconf 86' lang='lat' dir='ltr'><strong>municipali</strong></span> <span class='ocrx_word' id='word_1_185' title='bbox 695 2341 830 2424; x_wconf 91' lang='lat' dir='ltr'><strong>homini,</strong></span> <span class='ocrx_word' id='word_1_186' title='bbox 854 2344 1042 2408; x_wconf 89' lang='lat' dir='ltr'><strong>seruitutem</strong></span> <span class='ocrx_word' id='word_1_187' title='bbox 1057 2365 1110 2426; x_wconf 89' lang='lat' dir='ltr'><strong>pa·</strong></span> <span class='ocrx_word' id='word_1_188' title='bbox 1123 2369 1149 2410; x_wconf 82' lang='lat' dir='ltr'><strong>ss</strong></span> 
     </span>
     <span class='ocr_line' id='line_1_27' title="bbox 139 2425 1111 2509; baseline 0 -17"><span class='ocrx_word' id='word_1_189' title='bbox 139 2431 266 2492; x_wconf 87' lang='lat' dir='ltr'><strong>ternam</strong></span> <span class='ocrx_word' id='word_1_190' title='bbox 289 2425 457 2509; x_wconf 87' lang='lat' dir='ltr'><strong>redolenti,</strong></span> <span class='ocrx_word' id='word_1_191' title='bbox 482 2425 654 2490; x_wconf 85' lang='lat' dir='ltr'><strong>effrenatae</strong></span> <span class='ocrx_word' id='word_1_192' title='bbox 674 2427 875 2508; x_wconf 86' lang='lat' dir='ltr'><strong>temeritatis,</strong></span> <span class='ocrx_word' id='word_1_193' title='bbox 898 2427 1111 2492; x_wconf 86' lang='lat' dir='ltr'><strong>intolerabilis</strong></span> 
     </span>
     <span class='ocr_line' id='line_1_28' title="bbox 140 2509 1111 2596; baseline 0 -20"><span class='ocrx_word' id='word_1_194' title='bbox 140 2513 287 2596; x_wconf 89' lang='lat' dir='ltr'><strong>spiritus,</strong></span> <span class='ocrx_word' id='word_1_195' title='bbox 309 2512 430 2594; x_wconf 91' lang='lat' dir='ltr'><strong>inpune</strong></span> <span class='ocrx_word' id='word_1_196' title='bbox 451 2531 609 2576; x_wconf 86' lang='lat' dir='ltr'><strong>renouare</strong></span> <span class='ocrx_word' id='word_1_197' title='bbox 631 2509 733 2574; x_wconf 89' lang='lat' dir='ltr'><strong>licuit.</strong></span> <span class='ocrx_word' id='word_1_198' title='bbox 770 2511 879 2593; x_wconf 86' lang='lat' dir='ltr'><strong>itaque</strong></span> <span class='ocrx_word' id='word_1_199' title='bbox 903 2513 1010 2578; x_wconf 85' lang='lat' dir='ltr'><strong>eodem</strong></span> <span class='ocrx_word' id='word_1_200' title='bbox 1031 2517 1111 2577; x_wconf 89' lang='lat' dir='ltr'><strong>tem-</strong></span> 
     </span>
    </p>
   </div>
   <div class='ocr_carea' id='block_1_3' title="bbox 137 2660 1113 3340">
    <p class='ocr_par' dir='ltr' id='par_1_4' title="bbox 137 2660 1113 3340">
     <span class='ocr_line' id='line_1_29' title="bbox 140 2660 1113 2743; baseline 0.001 -26"><span class='ocrx_word' id='word_1_201' title='bbox 140 2662 240 2743; x_wconf 54' lang='lat' dir='ltr'><strong>Halm,</strong></span> <span class='ocrx_word' id='word_1_202' title='bbox 265 2663 315 2716; x_wconf 85' lang='lat' dir='ltr'><strong>aut</strong></span> <span class='ocrx_word' id='word_1_203' title='bbox 333 2660 518 2740; x_wconf 76' lang='lat' dir='ltr'><strong>contractiore</strong></span> <span class='ocrx_word' id='word_1_204' title='bbox 538 2661 625 2729; x_wconf 74' lang='lat' dir='ltr'><strong>(etat)</strong></span> <span class='ocrx_word' id='word_1_205' title='bbox 650 2661 783 2728; x_wconf 86' lang='lat' dir='ltr'><strong>potenter·</strong></span> <span class='ocrx_word' id='word_1_206' title='bbox 799 2660 928 2729; x_wconf 87' lang='lat' dir='ltr'><strong>profiteri</strong></span> <span class='ocrx_word' id='word_1_207' title='bbox 951 2664 996 2731; x_wconf 87' lang='lat' dir='ltr'><strong>(sc.</strong></span> <span class='ocrx_word' id='word_1_208' title='bbox 1019 2663 1113 2731; x_wconf 71' lang='lat' dir='ltr'><strong>reptas</strong></span> 
     </span>
     <span class='ocr_line' id='line_1_30' title="bbox 138 2727 1111 2877; baseline -0.002 -25"><span class='ocrx_word' id='word_1_209' title='bbox 138 2730 225 2877; x_wconf 34' lang='lat' dir='ltr'><strong>“dread</strong></span> <span class='ocrx_word' id='word_1_210' title='bbox 241 2727 612 2876; x_wconf 43' lang='lat' dir='ltr'><strong>rddidililiicaii‘iaidii&#39;ulissdd</strong></span> <span class='ocrx_word' id='word_1_211' title='bbox 649 2730 737 2863; x_wconf 56' lang='grc' dir='ltr'><strong>(1119Ιὶ</strong></span> <span class='ocrx_word' id='word_1_212' title='bbox 757 2803 774 2851; x_wconf 81' lang='grc'>3</span> <span class='ocrx_word' id='word_1_213' title='bbox 791 2795 935 2850; x_wconf 83' lang='lat' dir='ltr'><strong>formanus</strong></span> <span class='ocrx_word' id='word_1_214' title='bbox 952 2796 989 2851; x_wconf 90' lang='lat' dir='ltr'><strong>L¹</strong></span> <span class='ocrx_word' id='word_1_215' title='bbox 1008 2798 1051 2864; x_wconf 80' lang='grc'><strong>114</strong></span> <span class='ocrx_word' id='word_1_216' title='bbox 1069 2797 1111 2850; x_wconf 89' lang='lat' dir='ltr'><strong>lu-</strong></span> 
     </span>
     <span class='ocr_line' id='line_1_31' title="bbox 140 2862 1109 2986; baseline -0.001 -67"><span class='ocrx_word' id='word_1_217' title='bbox 140 2882 214 2919; x_wconf 89' lang='lat' dir='ltr'><strong>orum</strong></span> <span class='ocrx_word' id='word_1_218' title='bbox 237 2865 361 2918; x_wconf 87' lang='lat' dir='ltr'><strong>lrbonem</strong></span> <span class='ocrx_word' id='word_1_219' title='bbox 380 2862 452 2928; x_wconf 80' lang='lat' dir='ltr'><strong>LA,</strong></span> <span class='ocrx_word' id='word_1_220' title='bbox 472 2877 614 2966; x_wconf 69' lang='lat' dir='ltr'><strong>praecem.</strong></span> <span class='ocrx_word' id='word_1_221' title='bbox 638 2877 689 2917; x_wconf 86' lang='lat' dir='ltr'><strong>om.</strong></span> <span class='ocrx_word' id='word_1_222' title='bbox 705 2864 775 2942; x_wconf 70' lang='lat' dir='ltr'><strong>Pur,</strong></span> <span class='ocrx_word' id='word_1_223' title='bbox 788 2864 810 2944; x_wconf 69' lang='lat' dir='ltr'><strong>,l</strong></span> <span class='ocrx_word' id='word_1_224' title='bbox 834 2879 977 2918; x_wconf 87' lang='lat' dir='ltr'><strong>censorem</strong></span> <span class='ocrx_word' id='word_1_225' title='bbox 1001 2865 1109 2986; x_wconf 45' lang='lat' dir='ltr'><strong>Puclpl</strong></span> 
     </span>
     <span class='ocr_line' id='line_1_32' title="bbox 139 2929 1111 3002; baseline -0.002 -16"><span class='ocrx_word' id='word_1_226' title='bbox 139 2939 155 2987; x_wconf 83' lang='lat'><strong>5</strong></span> <span class='ocrx_word' id='word_1_227' title='bbox 174 2946 236 2984; x_wconf 88' lang='lat' dir='ltr'><strong>com</strong></span> <span class='ocrx_word' id='word_1_228' title='bbox 255 2931 292 2984; x_wconf 92' lang='lat' dir='ltr'><strong>L¹</strong></span> <span class='ocrx_word' id='word_1_229' title='bbox 310 2933 320 2999; x_wconf 82' lang='grc' dir='ltr'><strong>ΙΙ</strong></span> <span class='ocrx_word' id='word_1_230' title='bbox 338 2937 353 2984; x_wconf 82' lang='grc'><strong>6</strong></span> <span class='ocrx_word' id='word_1_231' title='bbox 372 2931 543 2998; x_wconf 63' lang='lat' dir='ltr'><strong>aetanteq.</strong></span> <span class='ocrx_word' id='word_1_232' title='bbox 562 2930 590 2983; x_wconf 98' lang='lat' dir='ltr'><strong><em>L</em></strong></span> <span class='ocrx_word' id='word_1_233' title='bbox 610 2932 620 2999; x_wconf 87' lang='grc' dir='ltr'><strong>ΙΙ</strong></span> <span class='ocrx_word' id='word_1_234' title='bbox 638 2937 670 2986; x_wconf 88' lang='grc'><strong>10</strong></span> <span class='ocrx_word' id='word_1_235' title='bbox 688 2929 857 3002; x_wconf 84' lang='lat' dir='ltr'><strong>Domrtrum]</strong></span> <span class='ocrx_word' id='word_1_236' title='bbox 876 2933 943 2986; x_wconf 81' lang='lat' dir='ltr'><strong>add.</strong></span> <span class='ocrx_word' id='word_1_237' title='bbox 960 2932 980 2987; x_wconf 93' lang='lat' dir='ltr'><strong>I.</strong></span> <span class='ocrx_word' id='word_1_238' title='bbox 1000 2933 1030 2991; x_wconf 87' lang='lat' dir='ltr'><strong>P.</strong></span> <span class='ocrx_word' id='word_1_239' title='bbox 1050 2931 1070 2986; x_wconf 77' lang='lat' dir='ltr'><strong>(l</strong></span> <span class='ocrx_word' id='word_1_240' title='bbox 1104 2968 1111 2984; x_wconf 93' lang='lat'><strong>.</strong></span> 
     </span>
     <span class='ocr_line' id='line_1_33' title="bbox 138 2997 1110 3070; baseline -0.003 -16"><span class='ocrx_word' id='word_1_241' title='bbox 138 2997 255 3070; x_wconf 90' lang='lat' dir='ltr'><strong>pompei</strong></span> <span class='ocrx_word' id='word_1_242' title='bbox 273 2997 391 3052; x_wconf 75' lang='lat' dir='ltr'><strong>domitii</strong></span> <span class='ocrx_word' id='word_1_243' title='bbox 407 2999 494 3065; x_wconf 70' lang='lat' dir='ltr'><strong>aben,</strong></span> <span class='ocrx_word' id='word_1_244' title='bbox 512 3013 607 3067; x_wconf 75' lang='lat' dir='ltr'><strong>usurpo</strong></span> <span class='ocrx_word' id='word_1_245' title='bbox 623 3001 651 3052; x_wconf 76' lang='lat' dir='ltr'><strong><em>A</em></strong></span> <span class='ocrx_word' id='word_1_246' title='bbox 668 2999 763 3057; x_wconf 83' lang='lat' dir='ltr'><strong>ePar.</strong></span> <span class='ocrx_word' id='word_1_247' title='bbox 777 2999 787 3068; x_wconf 74' lang='lat' dir='ltr'><strong>fl</strong></span> <span class='ocrx_word' id='word_1_248' title='bbox 800 3005 831 3052; x_wconf 84' lang='lat'><strong>11</strong></span> <span class='ocrx_word' id='word_1_249' title='bbox 850 3001 974 3054; x_wconf 72' lang='lat' dir='ltr'><strong>senatus</strong></span> <span class='ocrx_word' id='word_1_250' title='bbox 991 3001 1020 3053; x_wconf 89' lang='lat' dir='ltr'><strong><em>L</em></strong></span> <span class='ocrx_word' id='word_1_251' title='bbox 1037 3004 1062 3054; x_wconf 85' lang='lat' dir='ltr'><strong>et</strong></span> <span class='ocrx_word' id='word_1_252' title='bbox 1079 3015 1110 3052; x_wconf 87' lang='lat' dir='ltr'><strong>re</strong></span> 
     </span>
     <span class='ocr_line' id='line_1_34' title="bbox 137 3065 1110 3203; baseline -0.001 -14"><span class='ocrx_word' id='word_1_253' title='bbox 137 3082 219 3189; x_wconf 84' lang='grc'><strong>11</strong></span> <span class='ocrx_word' id='word_1_254' title='bbox 227 3065 433 3201; x_wconf 58' lang='grc'><strong>1111111.</strong></span> <span class='ocrx_word' id='word_1_255' title='bbox 449 3066 635 3202; x_wconf 49' lang='lat' dir='ltr'><strong>amerit</strong></span> <span class='ocrx_word' id='word_1_256' title='bbox 644 3066 995 3203; x_wconf 64' lang='grc'><strong>1111111111</strong></span> <span class='ocrx_word' id='word_1_257' title='bbox 1011 3067 1110 3190; x_wconf 53' lang='lat' dir='ltr'><strong>{ultr</strong></span> 
     </span>
     <span class='ocr_line' id='line_1_35' title="bbox 138 3174 1110 3326; baseline 0 -70"><span class='ocrx_word' id='word_1_258' title='bbox 138 3203 198 3326; x_wconf 57' lang='lat' dir='ltr'><strong>,aa</strong></span> <span class='ocrx_word' id='word_1_259' title='bbox 216 3202 323 3256; x_wconf 73' lang='lat' dir='ltr'><strong>arctum</strong></span> <span class='ocrx_word' id='word_1_260' title='bbox 338 3200 424 3282; x_wconf 64' lang='lat' dir='ltr'><strong>rum</strong></span> <span class='ocrx_word' id='word_1_261' title='bbox 449 3202 458 3268; x_wconf 86' lang='lat' dir='ltr'><strong>l</strong></span> <span class='ocrx_word' id='word_1_262' title='bbox 482 3174 516 3256; x_wconf 66' lang='grc' dir='ltr'><strong>ιε’</strong></span> <span class='ocrx_word' id='word_1_263' title='bbox 529 3215 592 3269; x_wconf 68' lang='lat' dir='ltr'><strong>aas,</strong></span> <span class='ocrx_word' id='word_1_264' title='bbox 610 3203 639 3257; x_wconf 75' lang='lat' dir='ltr'><strong>a</strong></span> <span class='ocrx_word' id='word_1_265' title='bbox 658 3203 716 3281; x_wconf 65' lang='lat' dir='ltr'><strong>nr</strong></span> <span class='ocrx_word' id='word_1_266' title='bbox 734 3203 747 3323; x_wconf 64' lang='lat' dir='ltr'><strong>p</strong></span> <span class='ocrx_word' id='word_1_267' title='bbox 770 3174 853 3257; x_wconf 74' lang='lat' dir='ltr'><strong>omn’a</strong></span> <span class='ocrx_word' id='word_1_268' title='bbox 870 3202 913 3256; x_wconf 82' lang='lat' dir='ltr'><strong>fas</strong></span> <span class='ocrx_word' id='word_1_269' title='bbox 932 3203 996 3270; x_wconf 78' lang='lat' dir='ltr'><strong>(uu</strong></span> <span class='ocrx_word' id='word_1_270' title='bbox 1016 3219 1031 3257; x_wconf 67' lang='grc' dir='ltr'>ο</span> <span class='ocrx_word' id='word_1_271' title='bbox 1049 3201 1110 3256; x_wconf 76' lang='lat' dir='ltr'><strong>fa</strong></span> 
     </span>
     <span class='ocr_line' id='line_1_36' title="bbox 149 3269 1107 3340; baseline -0.002 -16"><span class='ocrx_word' id='word_1_272' title='bbox 149 3271 227 3339; x_wconf 71' lang='lat' dir='ltr'><strong>atsur.)</strong></span> <span class='ocrx_word' id='word_1_273' title='bbox 245 3271 294 3336; x_wconf 66' lang='lat' dir='ltr'><strong>A’,</strong></span> <span class='ocrx_word' id='word_1_274' title='bbox 313 3285 371 3324; x_wconf 89' lang='lat' dir='ltr'><strong>oms</strong></span> <span class='ocrx_word' id='word_1_275' title='bbox 389 3285 420 3322; x_wconf 86' lang='lat' dir='ltr'><strong>as</strong></span> <span class='ocrx_word' id='word_1_276' title='bbox 438 3270 484 3338; x_wconf 70' lang='lat' dir='ltr'><strong>(l)</strong></span> <span class='ocrx_word' id='word_1_277' title='bbox 502 3270 540 3323; x_wconf 75' lang='grc' dir='ltr'><strong>Α1</strong></span> <span class='ocrx_word' id='word_1_278' title='bbox 554 3270 564 3337; x_wconf 89' lang='grc' dir='ltr'><strong>ΙΙ</strong></span> <span class='ocrx_word' id='word_1_279' title='bbox 577 3276 610 3323; x_wconf 79' lang='lat'><strong>20</strong></span> <span class='ocrx_word' id='word_1_280' title='bbox 628 3273 733 3340; x_wconf 80' lang='lat' dir='ltr'><strong>quinta</strong></span> <span class='ocrx_word' id='word_1_281' title='bbox 747 3270 778 3339; x_wconf 86' lang='lat'><strong>11]</strong></span> <span class='ocrx_word' id='word_1_282' title='bbox 798 3270 863 3324; x_wconf 84' lang='lat' dir='ltr'><strong>add.</strong></span> <span class='ocrx_word' id='word_1_283' title='bbox 876 3271 926 3323; x_wconf 86' lang='lat' dir='ltr'><strong>tuo</strong></span> <span class='ocrx_word' id='word_1_284' title='bbox 937 3285 959 3327; x_wconf 87' lang='lat' dir='ltr'><strong>s.</strong></span> <span class='ocrx_word' id='word_1_285' title='bbox 972 3271 990 3328; x_wconf 85' lang='lat' dir='ltr'><strong>l.</strong></span> <span class='ocrx_word' id='word_1_286' title='bbox 1003 3271 1041 3323; x_wconf 82' lang='lat' dir='ltr'><strong>L³</strong></span> <span class='ocrx_word' id='word_1_287' title='bbox 1054 3269 1064 3338; x_wconf 88' lang='lat' dir='ltr'><strong>l</strong></span> <span class='ocrx_word' id='word_1_288' title='bbox 1076 3275 1107 3323; x_wconf 75' lang='lat'><strong>21</strong></span> 
     </span>
    </p>
   </div>
   <div class='ocr_carea' id='block_1_4' title="bbox 137 3337 1102 3474">
    <p class='ocr_par' dir='ltr' id='par_1_5' title="bbox 137 3337 1102 3474">
     <span class='ocr_line' id='line_1_37' title="bbox 137 3337 1102 3474; baseline -0.001 -81"><span class='ocrx_word' id='word_1_289' title='bbox 137 3354 307 3474; x_wconf 69' lang='lat' dir='ltr'><strong>perpernam</strong></span> <span class='ocrx_word' id='word_1_290' title='bbox 319 3353 414 3459; x_wconf 45' lang='lat' dir='ltr'><strong>marzo</strong></span> <span class='ocrx_word' id='word_1_291' title='bbox 423 3340 452 3390; x_wconf 83' lang='grc' dir='ltr'><strong><em>Δ</em></strong></span> <span class='ocrx_word' id='word_1_292' title='bbox 461 3354 476 3392; x_wconf 83' lang='lat' dir='ltr'><strong>c</strong></span> <span class='ocrx_word' id='word_1_293' title='bbox 486 3337 556 3392; x_wconf 84' lang='lat' dir='ltr'><strong>Par.</strong></span> <span class='ocrx_word' id='word_1_294' title='bbox 569 3338 579 3406; x_wconf 87' lang='grc' dir='ltr'><strong>ΙΙ</strong></span> <span class='ocrx_word' id='word_1_295' title='bbox 592 3343 625 3391; x_wconf 78' lang='lat'><strong>24</strong></span> <span class='ocrx_word' id='word_1_296' title='bbox 637 3337 778 3393; x_wconf 81' lang='lat' dir='ltr'><strong>obducti*</strong></span> <span class='ocrx_word' id='word_1_297' title='bbox 787 3337 822 3404; x_wconf 89' lang='lat' dir='ltr'><strong>L,</strong></span> <span class='ocrx_word' id='word_1_298' title='bbox 837 3337 981 3392; x_wconf 75' lang='lat' dir='ltr'><strong>obducta*</strong></span> <span class='ocrx_word' id='word_1_299' title='bbox 990 3341 1029 3404; x_wconf 85' lang='lat' dir='ltr'><strong>(m</strong></span> <span class='ocrx_word' id='word_1_300' title='bbox 1039 3353 1102 3392; x_wconf 81' lang='lat' dir='ltr'><strong>erue</strong></span> 
     </span>
    </p>
   </div>
   <div class='ocr_carea' id='block_1_5' title="bbox 137 3377 1111 3611">
    <p class='ocr_par' dir='ltr' id='par_1_6' title="bbox 137 3377 1111 3611">
     <span class='ocr_line' id='line_1_38' title="bbox 137 3377 1111 3474; baseline -0.003 -13"><span class='ocrx_word' id='word_1_301' title='bbox 137 3407 190 3461; x_wconf 80' lang='lat' dir='ltr'><strong>uid</strong></span> <span class='ocrx_word' id='word_1_302' title='bbox 221 3406 271 3474; x_wconf 84' lang='grc' dir='ltr'><strong>ΑΙΙ</strong></span> <span class='ocrx_word' id='word_1_303' title='bbox 285 3409 366 3459; x_wconf 89' lang='lat' dir='ltr'><strong>uetus</strong></span> <span class='ocrx_word' id='word_1_304' title='bbox 407 3406 468 3471; x_wconf 57' lang='lat'><strong>¹:1¹,</strong></span> <span class='ocrx_word' id='word_1_305' title='bbox 482 3405 566 3460; x_wconf 83' lang='lat' dir='ltr'><strong>uictis</strong></span> <span class='ocrx_word' id='word_1_306' title='bbox 580 3407 626 3474; x_wconf 85' lang='grc' dir='ltr'><strong>ΓΙΙ</strong></span> <span class='ocrx_word' id='word_1_307' title='bbox 639 3410 672 3460; x_wconf 76' lang='lat'><strong>26</strong></span> <span class='ocrx_word' id='word_1_308' title='bbox 686 3377 1111 3474; x_wconf 59' lang='lat' dir='ltr'><strong>effrenauaflremeritateni</strong></span> 
     </span>
     <span class='ocr_line' id='line_1_39' title="bbox 144 3472 1109 3595; baseline 0.001 -68"><span class='ocrx_word' id='word_1_309' title='bbox 144 3475 154 3542; x_wconf 79' lang='grc'><strong>11</strong></span> <span class='ocrx_word' id='word_1_310' title='bbox 167 3472 359 3529; x_wconf 88' lang='lat' dir='ltr'><strong>intolerabiles</strong></span> <span class='ocrx_word' id='word_1_311' title='bbox 367 3473 409 3553; x_wconf 72' lang='lat' dir='ltr'><strong>.A¹</strong></span> <span class='ocrx_word' id='word_1_312' title='bbox 428 3479 453 3527; x_wconf 80' lang='lat' dir='ltr'><strong>et</strong></span> <span class='ocrx_word' id='word_1_313' title='bbox 465 3473 519 3554; x_wconf 72' lang='lat' dir='ltr'><strong>litt,</strong></span> <span class='ocrx_word' id='word_1_314' title='bbox 537 3472 588 3553; x_wconf 76' lang='lat' dir='ltr'><strong>iles</strong></span> <span class='ocrx_word' id='word_1_315' title='bbox 606 3473 639 3527; x_wconf 77' lang='lat' dir='ltr'><strong>iu</strong></span> <span class='ocrx_word' id='word_1_316' title='bbox 650 3489 704 3528; x_wconf 81' lang='lat' dir='ltr'><strong>rae.</strong></span> <span class='ocrx_word' id='word_1_317' title='bbox 718 3473 745 3528; x_wconf 92' lang='lat' dir='ltr'><strong><em>L</em></strong></span> <span class='ocrx_word' id='word_1_318' title='bbox 757 3474 768 3541; x_wconf 84' lang='grc' dir='ltr'><strong>ΙΙ</strong></span> <span class='ocrx_word' id='word_1_319' title='bbox 781 3479 813 3528; x_wconf 75' lang='lat' dir='ltr'><strong>et</strong></span> <span class='ocrx_word' id='word_1_320' title='bbox 830 3488 970 3554; x_wconf 77' lang='lat' dir='ltr'><strong>renouare</strong></span> <span class='ocrx_word' id='word_1_321' title='bbox 982 3473 1109 3595; x_wconf 54' lang='lat' dir='ltr'><strong>Iapetus,</strong></span> 
     </span>
     <span class='ocr_line' id='line_1_40' title="bbox 138 3540 1107 3611; baseline -0.001 -15"><span class='ocrx_word' id='word_1_322' title='bbox 138 3542 213 3611; x_wconf 77' lang='lat' dir='ltr'><strong>quod</strong></span> <span class='ocrx_word' id='word_1_323' title='bbox 228 3557 326 3598; x_wconf 84' lang='lat' dir='ltr'><strong>uerum</strong></span> <span class='ocrx_word' id='word_1_324' title='bbox 339 3542 399 3600; x_wconf 80' lang='lat' dir='ltr'><strong>ard.</strong></span> <span class='ocrx_word' id='word_1_325' title='bbox 414 3540 544 3608; x_wconf 69' lang='lat' dir='ltr'><strong>Holmoe,</strong></span> <span class='ocrx_word' id='word_1_326' title='bbox 562 3557 621 3609; x_wconf 77' lang='lat' dir='ltr'><strong>epse</strong></span> <span class='ocrx_word' id='word_1_327' title='bbox 637 3556 736 3609; x_wconf 73' lang='lat' dir='ltr'><strong>recepe.</strong></span> <span class='ocrx_word' id='word_1_328' title='bbox 756 3540 791 3608; x_wconf 73' lang='lat' dir='ltr'><strong>ef.</strong></span> <span class='ocrx_word' id='word_1_329' title='bbox 808 3542 893 3596; x_wconf 79' lang='lat' dir='ltr'><strong>Orod.</strong></span> <span class='ocrx_word' id='word_1_330' title='bbox 907 3542 1015 3597; x_wconf 74' lang='lat' dir='ltr'><strong>trastl</strong></span> <span class='ocrx_word' id='word_1_331' title='bbox 1043 3544 1107 3607; x_wconf 80' lang='lat'><strong>209,</strong></span> 
     </span>
    </p>
   </div>
   <div class='ocr_carea' id='block_1_6' title="bbox 0 0 1308 3952">
    <p class='ocr_par' dir='ltr' id='par_1_7' title="bbox 0 0 1308 3952">
     <span class='ocr_line' id='line_1_41' title="bbox 0 0 1308 3952; baseline 0 2"><span class='ocrx_word' id='word_1_332' title='bbox 0 0 1308 3952; x_wconf 95' lang='lat' dir='ltr'><strong> </strong></span> 
     </span>
    </p>
   </div>
  </div>
 </body>
</html>
