2550 3958
252 173 321 228 nm.
335 173 356 228 1.
374 171 474 228 curn
492 172 556 226 uss.
569 178 593 230 ε.
612 171 690 230 cnr.
703 177 808 242 o,1-4.
952 175 1014 239 477
1076 217 1080 224 .

34 333 109 392 thio
139 332 275 408 Apollini
302 332 461 408 miserant,
493 331 691 406 interceptam
719 348 737 388 a
763 331 870 405 piratis
898 332 1016 391 curauit

36 417 182 492 Delphos
204 415 418 492 perferendam.

109 502 229 560 Milesia
244 499 333 560 Ceres
348 501 452 560 Mileto
474 500 512 559 ab
528 499 697 558 Alexandro
719 502 808 575 capte
822 500 947 574 milites,
965 501 1018 576 qui
1036 509 1052 558 o

39 587 198 661 templum
219 586 378 661 spoliatori
399 585 590 662 inruperant,
613 584 734 642 flemme
755 584 872 644 obiecta
886 584 1018 660 priuauit

18 707 20 724 ι
39 671 153 732 oculis.

110 773 323 833 Proec‘mcrum
344 773 556 846 eaemporom,
583 789 658 843 quoe
682 772 718 829 ic
745 769 854 831 Valerii
875 771 1019 832 codicibus

41 858 242 926 interierunt,
271 858 414 930 epitoroco
441 857 478 915 ab
507 856 560 915 hoc
585 857 644 915 loco
671 871 761 928 usquc
782 857 822 915 od
842 856 864 913 1
883 859 903 914 4
924 861 978 915 cot.
1001 860 1020 915 1

42 943 241 1002 suffecturam
262 942 368 1000 urbem
388 959 442 1000 suo
464 941 523 999 loco
543 957 636 1014 supro
652 942 1018 1013 p.13‚10a'uscrtcmbic

40 1031 173 1100 reperere
193 1027 284 1086 notui.
1034 1081 1054 1134 4

111 1127 272 1186 Deiotarus
300 1127 400 1202 aquile
428 1128 587 1200 conspecta
613 1125 761 1185 abstinuit
783 1145 814 1186 se
842 1127 905 1186 cius
927 1126 999 1185 tecti
1013 1149 1071 1191 nxt.

41 1232 120 1291 usu,
144 1211 225 1290 quod
246 1210 415 1288 insequenti
437 1215 525 1269 nocte
547 1212 667 1269 corruit.

428 1377 482 1437 DE
506 1376 644 1438 OMINn.

112 1479 195 1540 Vrbe
217 1500 235 1540 a
258 1478 351 1539 Gallis
374 1479 510 1554 disiecta,
535 1498 602 1538 cum
612 1479 703 1540 Veios
725 1499 755 1556 p.
769 1498 794 1538 c.
817 1478 1070 1554 deliber-arentur

16 1588 36 1626 .o
51 1566 198 1638 transire,
231 1565 311 1624 forte
338 1564 472 1623 centurIo
501 1563 673 1623 cohortibus
700 1564 898 1623 redeuntibus
920 1565 952 1623 in
974 1583 1020 1624 co·

49 1650 140 1711 mitio
163 1649 353 1722 exclamauit,
379 1648 535 1728 ‘signifer,
558 1653 657 1710 statue
679 1649 813 1725 signnm:
838 1648 886 1707 hic
909 1650 1020 1725 optime

48 1735 266 1795 manebimus’.
310 1736 433 1808 accepto
461 1734 560 1793 omine
589 1736 709 1794 senatus
736 1733 838 1792 omisit
864 1732 1021 1792 eonsilium

48 1819 143 1879 Veios
165 1817 351 1878 transeundi.

117 1902 275 1980 Camillus,
298 1922 366 1962 cum
387 1904 466 1963 esset
486 1905 639 1980 precatus,
663 1905 698 1962 ut
720 1901 746 1961 si
768 1902 816 1960 cui
832 1900 955 1960 deorum
976 1901 1053 1962 nie

15 2008 36 2048 is
51 1990 114 2049 mie
135 1989 261 2049 feticibus
283 2009 315 2065 p.
330 1987 366 2046 R.
383 1988 546 2065 uideretur,
569 1988 603 2046 in
623 1986 717 2064 ipsius
739 1986 960 2046 incommodum
976 2006 1021 2048 ca·

50 2075 150 2149 deret,
174 2075 274 2134 subito
296 2071 426 2150 procidit
446 2073 542 2150 lapsu.

117 2152 155 2217 L.
166 2158 277 2217 Paulus
293 2157 413 2234 consul,
437 2176 505 2217 cum
530 2158 558 2216 ei
579 2159 660 2217 sorte
675 2155 848 2216 obuenisset
861 2158 897 2215 ut
910 2155 1024 2216 bellum
1040 2171 1057 2220 3

55 2262 125 2302 cum
145 2262 215 2319 rege
231 2242 321 2302 Perse
336 2244 469 2318 gereret,
491 2241 613 2301 domum
627 2259 780 2318 regressus
795 2241 889 2300 filiam
901 2242 1037 2302 nomine*

55 2326 189 2386 Tertiam
204 2326 342 2386 osculans
357 2326 475 2385 tristem
487 2325 710 2386 animaduertit.
734 2327 934 2403 interrogauit
948 2327 1022 2403 quid

15 2435 41 2474 eo
55 2414 99 2471 ite
121 2430 154 2471 eo
177 2413 265 2470 uultu
287 2413 374 2471 esset.
408 2429 482 2487 quae
504 2410 659 2487 respondit
680 2410 801 2470 Persem
822 2411 943 2486 perisse.
973 2411 1022 2469 de-

54 2498 184 2580 cesserat
211 2499 312 2555 eutem
338 2495 463 2554 catellus
490 2495 546 2554 hoc
571 2495 706 2570 nomine,
743 2513 833 2571 quem
859 2495 961 2570 puella
988 2490 1021 2554 in

55 2581 167 2641 deliciis
188 2581 344 2640 habuerat.

120 2664 247 2725 Caecilia
272 2663 401 2741 Metelli,
429 2664 501 2722 dum
527 2664 640 2724 sororis
667 2663 746 2724 filiae
773 2663 894 2722 adultae
916 2663 1056 2726 aetatise

57 2750 192 2825 nuptiale
220 2750 298 2826 petit
326 2768 428 2819 omen,
461 2749 527 2824 ipsa
548 2749 633 2808 fecit:
669 2767 795 2824 namquo
818 2747 918 2823 puelle
938 2765 1023 2806 more

18 2835 157 2896 restandi
186 2835 265 2894 fossa
292 2833 413 2910 rogauit
440 2836 633 2893 materteram
663 2837 698 2892 ut
726 2833 783 2892 sibi
808 2833 874 2892 loco
896 2830 1023 2892 cederet.

60 2919 107 2978 cui
127 2919 180 2978 illa
202 2919 270 2995 ‘ego
293 2919 377 2978 uero’
393 2919 493 2994 inquit
508 2917 648 2977 ‘libenter
668 2918 725 2977 tibi
747 2937 812 2977 mee
834 2916 903 2977 sede
927 2916 1022 2977 oedo'.

58 3002 135 3078 quod
162 3003 284 3063 eccidit:
318 3021 379 3062 non
407 3003 502 3062 multo
530 3002 610 3062 enim
638 3009 707 3079 post
734 3002 873 3063 defuncte
896 3000 1023 3063 Caecilio

58 3086 195 3147 Metellus
217 3087 350 3162 puellam
372 3087 465 3148 duxit.

57 3217 152 3338 zucra
171 3237 189 3270 α
213 3217 223 3284 t
250 3218 386 3271 ereteram
404 3237 437 3286 α,
461 3219 615 3272 creterram
633 3218 691 3273 cod.
713 3217 785 3283 Vct,
803 3217 942 3270 crateram
959 3215 1024 3270 Mai

90 3283 157 3406 ahio
178 3352 319 3420 centurio]
346 3358 410 3420 post
431 3353 457 3407 h.
473 3370 502 3408 u.
525 3353 658 3407 cemdbse
678 3352 738 3406 uid.
762 3368 777 3406 e
800 3350 950 3419 praesidio.
984 3350 1021 3417 cf.

64 3420 123 3475 Vct.
137 3423 146 3488 ΙΙ
161 3427 191 3474 11
210 3420 291 3488 signa
308 3421 366 3475 cod.
385 3420 486 3486 Halm,
505 3420 651 3474 emendant
669 3437 682 3474 e
703 3417 763 3474 Vct.
776 3421 786 3489 ss
801 3425 832 3473 14
850 3419 873 3473 si
891 3418 960 3486 quid
978 3433 1024 3472 eo-

61 3505 120 3542 rum
136 3506 171 3542 m.
183 3494 209 3555 1,
228 3489 251 3542 si
269 3490 317 3557 qui
335 3489 411 3544 deor.
428 3507 464 3542 m.
475 3491 495 3542 2
507 3491 517 3557 ΙΙ
532 3491 562 3541 15
579 3486 679 3556 ipsius]
697 3487 818 3542 addend.
835 3487 895 3542 uid.
913 3487 1022 3556 caputfl

63 3561 94 3608 16
109 3555 187 3610 labsu
204 3573 241 3615 m.
253 3561 269 3610 1
282 3559 292 3625 t
307 3563 338 3612 19
356 3573 395 3612 ac
412 3555 675 3624 interrogauitque?
689 3556 744 3625 1126
762 3555 827 3611 sede
846 3554 946 3610 recedo
