2550 3958
243 155 308 218 480
449 150 517 206 crs.
535 152 557 206 1.
594 151 671 211 cnr.
691 157 823 218 c,s-1a.
858 151 921 206 sxa.
941 159 964 206 1.
984 159 1010 206 s.

211 318 228 366 9
309 309 350 368 Μ.
365 309 524 370 Marcellus
548 310 762 386 Syracusarum
785 311 960 386 captiuitats
983 313 1017 370 et
1039 309 1210 372 Hannibali

245 396 283 454 ab
311 395 385 454 urbe
408 394 486 454 Nola
514 395 586 470 suga
613 394 726 469 clarus,
754 413 822 454 cum
843 396 875 454 in
896 395 997 454 hostia
1018 397 1124 472 prima
1146 399 1211 457 iecur

246 480 310 540 sinc
340 479 437 555 capite
464 479 641 554 inuenisset,
669 480 701 537 in
730 480 860 540 secunda
887 479 1006 556 biceps,
1035 485 1148 542 tamen
1168 483 1212 542 sibi

244 583 306 624 non
328 565 423 624 cauit:
447 582 516 623 nam
538 582 605 622 cum
626 565 728 639 paucis
751 564 853 641 egredi
874 584 964 625 ausus
980 567 1211 640 speculatoribus

247 650 465 710 circumuentus
488 649 586 724 periit.

197 740 229 788 10
313 733 455 794 Octauius
478 751 538 793 cos.
562 733 660 791 dirum
682 751 770 792 omen
793 733 1091 809 quemadmodum
1113 737 1213 809 timuit

246 819 289 878 ita
309 820 407 879 uitare
429 836 490 877 non
511 818 628 893 potuit:
661 837 678 876 e
707 818 864 878 simulacro
886 818 966 878 enim
987 820 1152 894 Apollinis
1173 841 1214 896 per

247 921 278 964 se
299 903 429 978 abrupto
452 903 549 977 capita
572 905 604 962 et
624 903 667 961 ita
681 901 771 960 infixo
786 902 892 974 humo,
914 907 950 962 ut
964 903 1057 962 auelli
1074 909 1214 982 nequiret

246 989 337 1049 armis
369 1005 438 1046 cum
472 987 588 1063 collega
615 1005 668 1046 suc
696 986 843 1047 dissidens
871 985 980 1064 Cinna,
1014 993 1213 1067 praesumpsit

247 1075 345 1132 animo
368 1091 403 1132 ea
425 1091 456 1130 re
478 1070 640 1148 significari
663 1071 786 1130 exitium
809 1091 905 1130 suum.
1222 1087 1234 1102 ¹*

199 1164 228 1210 11
312 1157 353 1215 M.
376 1154 482 1215 Crasso
506 1157 631 1215 ducturo
653 1176 671 1215 a
692 1154 791 1214 Carris
818 1157 963 1216 aduersus
985 1156 1124 1220 Parthos
1149 1181 1216 1220 excr-

248 1241 341 1300 citum
362 1240 608 1316 paludamentum
629 1240 747 1316 pullum
769 1240 914 1300 traditum
934 1245 980 1302 est
1000 1260 1059 1316 pro
1078 1245 1154 1306 albo
1175 1251 1218 1305 aut

247 1343 414 1401 purpureo:
437 1326 549 1385 milites
571 1325 657 1385 taciti
665 1324 710 1383 sd
724 1325 874 1401 principia
888 1333 1118 1388 conuenerunt:
1144 1331 1217 1406 aqui-

247 1410 343 1470 larum
370 1409 467 1470 altera
494 1411 545 1468 uix
570 1409 699 1469 conuelli
726 1411 864 1485 aprime
886 1411 948 1488 pilo
970 1412 1095 1488 potuit,
1133 1417 1219 1475 alters

247 1495 410 1570 aegerrime
438 1497 572 1554 extracta
597 1495 629 1553 in
658 1494 838 1556 contrariam
864 1513 898 1556 ac
925 1495 1084 1556 ferebatur
1109 1509 1233 1576 partam*-

249 1599 280 1638 se
301 1580 369 1654 ipsa
391 1580 549 1639 conuertit.

199 1679 230 1727 12
315 1662 370 1724 Gn.
385 1663 528 1739 Pompeio
550 1663 686 1722 ultimam
701 1663 773 1723 belli
795 1663 892 1723 ciuilis
913 1664 1067 1724 fortunam
1095 1669 1219 1744 experiri

248 1749 427 1826 proponenti
441 1748 567 1808 aduersa
581 1747 695 1824 agmini
710 1748 774 1808 cius
785 1748 912 1808 fulmina
923 1748 1111 1826 oeciderunt,
1124 1756 1219 1829 apium

249 1833 433 1892 examinibus
455 1833 542 1909 signa
558 1833 723 1906 obscurata,
747 1833 784 1891 ab
800 1833 873 1909 ipsis
888 1833 1035 1893 altaribus
1050 1835 1218 1898 hostiarum

248 1919 319 1996 fuga
341 1918 429 1977 facta.
446 1949 487 1960 -
510 1917 588 1978 Belli
610 1917 706 1976 ciuilis
729 1917 786 1989 die,
809 1917 891 1994 quod
911 1919 991 1977 inter
1012 1916 1048 1978 Ο.
1065 1918 1234 1984 caesarem

247 2021 281 2061 ac
303 2002 480 2078 Pompeium
502 2002 577 2074 fuit,
600 2002 633 2061 in
651 2000 783 2062 delubris
799 2001 922 2062 deorum
937 2022 992 2062 sua
1006 2009 1127 2078 sponte
1144 2010 1220 2085 sigua

248 2105 392 2146 conuersa
419 2093 506 2159 sunt,
535 2086 675 2148 militaris
703 2086 813 2146 clamor
842 2087 1047 2163 strepitusque
1070 2108 1220 2152 armorum

247 2189 375 2247 magnus
389 2171 567 2232 Antiochiae
582 2175 613 2231 et
628 2170 815 2231 Ptolomaide
831 2172 965 2244 auditus,
988 2190 1083 2233 sonus
1111 2180 1221 2254 tympa-

246 2273 355 2315 norum
375 2254 513 2332 Pergami
535 2256 647 2331 editus‚
669 2255 768 2331 palma
789 2256 895 2316 uiridis
918 2255 1068 2318 Tractus
1093 2260 1134 2322 in
1157 2263 1220 2322 aede

242 2337 399 2400 ¹Victoriae
421 2342 477 2402 sub
500 2341 635 2402 Caesaris
663 2343 762 2400 statua
784 2341 864 2401 inter
885 2345 1062 2418 coagmenta
1084 2343 1234 2422 lapidum:

246 2428 344 2485 enata.

196 2519 253 2562 sxs.
317 2509 353 2569 In
369 2510 499 2570 exercitu
512 2511 619 2571 Xerxis
640 2529 734 2587 cquae
755 2513 846 2586 partu
866 2510 998 2588 leporem
1018 2510 1146 2574 editum
1162 2536 1223 2576 con·

215 2577 229 2622 1
248 2599 325 2672 stat,
347 2600 383 2656 ut
404 2595 559 2656 dissimilis
581 2595 679 2655 exitus
701 2595 796 2674 initiis
818 2594 1057 2671 portenderetur.
1081 2629 1132 2640 —
1156 2601 1223 2661 Xer·

247 2699 299 2740 xes
321 2682 455 2742 montem
470 2680 573 2740 Athon
594 2682 801 2756 transgressus
823 2681 902 2740 inter
924 2679 1064 2740 conuiuia
1085 2681 1225 2746 infusum

248 2770 368 2840 paterae
390 2766 497 2825 uinum
518 2765 550 2824 in
573 2765 748 2841 sanguinem
769 2783 891 2824 uersum
912 2764 1099 2840 imaginatus
1126 2775 1198 2843 est„

215 2862 231 2910 2
312 2851 412 2910 Midae
440 2848 600 2909 dormienti
622 2847 717 2909 adhuc
737 2867 829 2925 puero
852 2849 992 2910 formicae
1013 2851 1046 2909 in
1069 2870 1107 2912 os
1134 2857 1226 2916 tritici

315 3071 332 3118 4
350 3070 362 3116 s
384 3062 574 3117 eculatoribus
590 3078 649 3132 ccc,
668 3063 828 3132 speculator
845 3064 904 3120 cod.
922 3063 1017 3129 Hatra,
1038 3069 1226 3134 speculatum

247 3133 317 3187 coci.
370 3132 414 3197 ci,
435 3132 636 3208 'speculaturus
653 3132 752 3187 Nocet
775 3133 786 3200 lt
811 3138 843 3209 19
858 3133 909 3210 'sui
930 3137 994 3187 ccl
1018 3133 1029 3201 ΙΙ
1055 3141 1089 3187 11
1111 3137 1225 3194 dicturo

247 3216 282 3253 m.
295 3204 311 3252 1
324 3200 334 3266 ΙΙ
352 3198 456 3252 charus
474 3199 533 3280 ccci.
553 3205 579 3254 ct
595 3199 682 3254 Halm
705 3203 715 3269 ΙΙ
739 3206 884 3278 '13pc1p1a
901 3217 936 3254 m.
947 3202 986 3278 si
1005 3206 1037 3254 14
1053 3202 1153 3282 primi
1171 3207 1226 3287 pilo

247 3268 1225 3408 uttusssusscstltractaturum

248 3399 424 3470 proponente
441 3371 552 3476 iictmfl
565 3349 702 3469 apsumpn
725 3407 758 3454 20
775 3417 815 3454 arc
832 3400 931 3455 ultimo
949 3402 1012 3455 die?
1037 3403 1047 3470 ΙΙ
1073 3410 1108 3460 23
1130 3387 1226 3477 ptolol

247 3460 358 3514 masclae
379 3465 458 3528 (cerr.
472 3467 611 3536 maerdae)
626 3468 636 3534 ΙΙ
649 3473 682 3520 24
698 3467 778 3521 tralis
796 3466 825 3519 in
844 3468 931 3524 aedae
944 3470 954 3536 u
966 3474 999 3522 2⁷
1016 3471 1130 3538 partu*
1146 3478 1158 3544 Ι]
1174 3477 1227 3531 edi·

246 3525 326 3575 stum
345 3530 371 3580 tc
388 3529 469 3594 crus.)
