2604 3960
343 173 646 250 car.vl1,se-11.
677 182 740 239 Ext.
760 183 774 242 s
795 191 869 240 1-2.
1032 184 1094 248 149

7 361 8 364 ’
122 340 256 402 externa
278 341 490 419 transeamus,
512 337 712 421 producatur
733 335 768 399 in
790 337 939 404 medium.
967 337 995 400 ir
1010 335 1093 401 Iulio

121 421 252 489 Caesari
284 420 482 504 amplissime
514 443 552 486 ac
584 421 812 487 florentissimo
849 422 920 487 uiro
953 421 989 485 in
1018 441 1091 487 con-

117 507 238 591 legium
261 510 431 590 poetarum
453 507 600 571 uenienti
619 526 797 590 numquam
812 505 1002 584 adsurrexit,
1024 527 1093 572 non

117 593 295 656 maiestatis
318 591 389 656 eius
412 591 589 672 inmemor,
619 590 673 655 sed
697 590 784 674 quod
805 590 840 655 in
862 591 1092 676 conparatione

117 677 339 743 communium
361 675 542 740 studiorum
566 674 733 758 aliquanto
756 696 791 740 se
811 677 1006 759 superiorem
1022 694 1119 740 esses

7 779 10 794 “
116 760 300 828 confideret.
351 763 546 845 quapropter
584 759 777 824 insolentiae
812 761 947 826 crimine
980 759 1092 842 caruit,

118 846 196 994 qupa
218 846 264 910 ibi
286 845 500 926 uoluminum,
524 866 593 909 non
614 845 795 930 imaginum
811 847 990 910 certamina
1006 865 1093 908 exer-

116 934 281 1000 ceantur.

183 1014 259 1080 Ec.
289 1016 317 1078 1.
355 1011 406 1078 Ne
429 1011 602 1097 Euripides
623 1012 753 1096 quidem
775 1013 915 1078 Athenis
937 1033 1094 1097 arrogans

123 1099 212 1164 uisus
236 1102 294 1181 cst,
318 1109 392 1162 curn
407 1098 592 1181 postulante
610 1099 624 1181 [
650 1098 673 1180 ']
690 1098 808 1182 populo
823 1101 860 1163 ut
875 1121 913 1163 ex
927 1097 1095 1183 tragoedia
1108 1116 1133 1155 ιο

125 1185 291 1268 quandam
314 1182 508 1248 sententiam
530 1182 660 1246 tolleret
680 1204 739 1266 pro
765 1204 870 1248 rossus
892 1184 927 1248 in
947 1204 1095 1248 scaenam

124 1269 207 1334 dixit
222 1291 271 1351 se,
294 1271 331 1332 ut
346 1289 417 1331 eum
434 1267 569 1344 doceret,
593 1288 659 1332 non
676 1271 714 1331 ut
730 1204 770 1332 ab
786 1288 822 1331 eo
838 1267 983 1348 disceret,
1005 1267 1096 1332 fabu-

125 1354 175 1417 las
197 1371 379 1437 conponere
402 1351 512 1416 solere.
556 1350 717 1417 laudanda
731 1351 876 1435 profecto
898 1353 1016 1417 fiducia
1037 1355 1096 1436 est,

127 1459 210 1522 quae
233 1435 491 1501 aestimationem
508 1437 556 1500 sui
573 1439 660 1501 certo
674 1435 818 1520 pondere
833 1438 1004 1520 examinat,
1026 1440 1096 1501 tan·

126 1525 197 1586 tum
220 1522 282 1588 sibi
305 1521 481 1605 adrogans,
504 1524 659 1604 quantum
675 1543 695 1585 a
709 1524 896 1605 contemptu
912 1527 945 1586 et
958 1519 1096 1585 insolen·
1110 1539 1135 1580 1⁶

124 1607 174 1671 tia
204 1605 323 1670 distare
352 1606 430 1670 satis
459 1614 517 1670 est.
562 1607 670 1689 itaque
703 1607 799 1668 etiam
830 1605 912 1689 quod
941 1604 1098 1670 Alcestidi

123 1690 250 1776 tragico
272 1692 388 1774 poetae
411 1689 578 1774 respondit
599 1688 774 1773 probabile.
806 1690 889 1772 apud
913 1711 1008 1775 quem
1025 1711 1097 1754 cum

124 1777 311 1860 quereretur
333 1775 418 1859 quod
443 1796 480 1839 eo
503 1775 609 1838 triduo
631 1795 696 1838 non
719 1774 804 1837 ultra
825 1781 891 1839 tres
906 1796 1016 1838 uersus
1031 1795 1096 1838 ma-

123 1861 213 1925 ximo
236 1861 372 1944 inpenso
394 1859 503 1924 labore
527 1858 681 1924 deducere
703 1859 872 1943 potuisset,
894 1864 990 1944 atque
1011 1859 1039 1923 is
1062 1881 1096 1924 se

127 1948 257 2010 centum
279 1943 435 2028 perfacile
457 1944 622 2027 scripsisse
638 1943 841 2028 gloriaretur,
864 1944 932 2008 ‘sed
953 1944 1026 2010 hoc’
1049 1943 1095 2008 in·
1110 1966 1135 2005 ac

121 2029 193 2113 quit
213 2030 377 2110 interest,
394 2027 479 2112 quod
499 2029 549 2092 tui
563 2028 600 2092 in
613 2028 755 2092 triduum
769 2031 898 2094 tantum
913 2029 1018 2113 modo,
1033 2029 1098 2095 mei

121 2135 199 2178 uero
222 2113 257 2178 in
281 2133 376 2178 omne
399 2117 525 2197 tempus
549 2112 745 2178 sufficient’:
780 2113 912 2178 alterius
935 2115 1020 2178 enim
1048 2113 1095 2178 fe·

120 2197 219 2262 cundi
249 2219 358 2262 cursus
387 2197 508 2281 scripta
535 2197 621 2262 intra
650 2198 771 2281 primas
793 2198 966 2263 memoriae
993 2200 1094 2263 metas

123 2285 333 2364 conruerunt,
351 2281 484 2347 alterius
501 2284 673 2346 cunctante
688 2281 763 2346 stilo
778 2281 1000 2348 elucubratum
1014 2304 1096 2367 opus

123 2388 183 2453 per
204 2388 299 2432 omne
321 2367 393 2431 aeui
415 2369 542 2449 tempus
564 2366 669 2450 plenis
692 2366 813 2450 gloriae
836 2367 916 2431 uelis
938 2368 1068 2433 feretur.
1108 2388 1134 2428 aa

185 2453 214 2516 2.
260 2451 409 2516 Adiciam
437 2472 573 2516 scaenae
602 2451 744 2516 eiusdem
767 2452 957 2535 exemplum.
1001 2451 1095 2515 Anti·

63 2585 66 2589 *
118 2537 255 2622 genidas
277 2537 398 2601 tibicen
421 2535 579 2620 discipulo
609 2556 666 2599 suo
692 2535 803 2621 magni
830 2535 1011 2619 profectus,
1040 2535 1096 2600 sed

119 2643 235 2706 parum
257 2620 395 2686 feliciter
415 2621 535 2704 populo
559 2642 592 2685 se
608 2620 800 2704 adprobanti
821 2621 943 2685 cunctis
966 2619 1097 2685 audien·

118 2707 207 2771 tibus
230 2706 312 2770 dixit
334 2706 426 2769 ‘mihi
450 2725 529 2769 cane
552 2708 585 2769 et
606 2704 731 2786 Musis',
755 2709 831 2790 quia
853 2704 1004 2769 uidelicet
1025 2725 1095 2788 per·

121 2791 210 2856 fecta
233 2812 284 2855 ars
307 2791 458 2855 fortunae
480 2790 641 2855 lenocinio
662 2788 787 2854 defecta
802 2789 1013 2856 iustafiducia
1027 2810 1094 2854 non
1109 2809 1134 2851 ao

188 3027 457 3161 recuperationem
483 3026 555 3081 ΙιΑ1
579 3027 589 3094 ss
615 3032 630 3080 9
654 3027 827 3106 atheniensis
848 3026 984 3095 rituum,
1009 3029 1039 3083 ar
1066 3041 1095 3084 u.

119 3095 225 3150 Thebrs
243 3111 275 3148 aa
289 3112 323 3149 ro
340 3094 361 3166 ᾗ
377 3097 425 3217 5)
446 3094 586 3164 adrogans
604 3094 691 3149 Halm
712 3096 722 3163 ΙΙ
745 3101 779 3150 10
799 3112 829 3147 ur
846 3095 905 3148 LA
922 3093 1025 3159 Halm,
1043 3107 1094 3148 om.

120 3165 188 3218 dett.
199 3163 253 3217 mci
265 3178 335 3218 omn.
347 3177 400 3231 quo
431 3167 523 3218 omum
535 3179 553 3216 u
565 3163 680 3216 librario
693 3163 867 3218 desiderante
900 3160 1036 3215 ostulanti
1045 3177 1094 3216 uec

119 3232 191 3288 satis
209 3236 305 3299 aptum
317 3231 433 3295 tactust,
452 3230 534 3284 enixe
547 3231 619 3285 coci.
633 3229 732 3285 Nocet
744 3232 754 3299 ΙΙ
766 3232 864 3297 tragos
900 3229 965 3282 *aA
977 3230 987 3298 l
1002 3235 1033 3283 14
1046 3245 1093 3283 ex·

118 3299 229 3356 animat
240 3299 279 3352 11¹
292 3300 302 3368 ΙΙ
315 3299 458 3377 examinat
474 3296 557 3352 tanti
570 3297 623 3351 sibi
651 3298 717 3376 bace
729 3297 848 3365 acceptia
865 3297 915 3377 litt.
929 3313 964 3350 ex
982 3297 1015 3352 iu
1026 3299 1093 3361 rae.)

118 3369 147 3424 A
159 3368 170 3436 ΙΙ
184 3373 216 3422 19
234 3365 375 3420 deducere
394 3368 454 3434 (ecc)
474 3365 559 3488 Ml
573 3371 606 3420 20
624 3367 794 3433 generetur
812 3367 870 3433 (are
888 3382 921 3420 aa
936 3368 1003 3432 rae.)
1022 3367 1049 3420 L
1079 3367 1089 3433 ll

119 3442 152 3489 21
171 3436 203 3488 tu
221 3433 251 3488 in
268 3434 350 3488 L¹A¹
364 3435 374 3500 ΙΙ
387 3439 419 3486 22
439 3435 515 3486 omni
563 3434 614 3487 Ἀἱ
628 3436 638 3503 ΙΙ
654 3433 797 3486 sufficient
815 3433 880 3501 (litt.
899 3434 960 3488 ient
976 3435 1009 3488 iu
1025 3437 1093 3502 raa.)

119 3502 180 3558 LA
193 3504 203 3570 ΙΙ
216 3501 330 3557 secundi
349 3501 481 3556 Focrtsoh
498 3503 539 3556 ΙΙ
554 3507 587 3556 19
606 3507 631 3556 ct
648 3515 795 3569 weuram
813 3515 903 3556 errore
920 3503 953 3557 ia
970 3502 1011 3556 ed.
1025 3503 1092 3556 Tor-

6 3563 9 3568 ’
119 3572 194 3626 reati
207 3572 217 3639 ΙΙ
230 3576 263 3624 24
281 3570 482 3640 elugubratum
500 3570 639 3640 LA11126
658 3584 759 3624 scaene
777 3569 805 3623 L
816 3571 826 3639 ΙΙ
840 3576 872 3626 27
890 3570 1007 3625 tibicem
1023 3571 1062 3624 Α1
