2604 3960
192 149 194 154 ’
239 173 300 238 192
653 169 721 226 me.
740 170 801 228 rur.

236 328 380 402 senatus,
408 345 450 388 ne
478 344 529 387 res
557 323 686 407 publica
712 323 799 388 bono
827 323 906 387 duce
936 329 1075 405 careret,
1104 324 1206 406 patris
1288 373 1289 378 η

236 409 296 474 sibi
319 412 426 492 partes
449 407 624 491 desumpsit
646 407 843 492 consilioque
872 407 981 471 uxoris
1010 426 1048 470 ac
1076 407 1207 490 propin·

236 515 371 577 quorum
393 493 551 577 Scipionis
580 492 760 556 constituta
784 493 857 556 dote
884 510 1043 576 summam
1070 491 1138 554 eius
1168 512 1206 556 ex

236 579 358 643 aerario
382 578 530 675 erogauit
551 598 588 642 ac
600 577 740 724 puellam
755 580 893 660 nuptum
909 575 1006 639 dedit.
1036 573 1121 639 dotis
1139 597 1206 641 mo·

210 665 294 728 edus
316 679 363 726 x1.
385 662 474 726 milra
496 663 578 726 aeris
615 662 676 740 uit,
707 682 771 744 quo
798 681 865 724 non
893 659 995 725 solum
1023 659 1205 725 humanitas

235 750 364 832 patrum
391 747 663 829 conscriptorum,
695 745 749 809 sed
779 745 876 809 etiam
903 744 1034 808 habitus
1061 747 1204 809 ueterum

235 830 502 917 patrimoniorum
520 830 671 979 cognosci
685 833 807 913 potest:
830 850 968 912 namque
980 828 1060 893 adeo
1074 827 1207 894 fuerunt

236 920 321 996 arta,
349 921 386 980 ut
412 914 530 980 Tuccia
585 917 710 978 aaronis
739 913 805 978 filia
831 914 1004 978 maximam
1031 913 1140 978 dotem
1166 913 1206 978 ad

236 1001 341 1065 uirum
364 1005 388 1062 X
416 999 498 1062 aeris
520 998 666 1062 attulisse
694 999 763 1062 uisa
789 999 846 1078 sit,
877 1002 910 1062 et
931 997 1101 1082 Megullia,
1131 999 1207 1082 quia

200 1107 225 1147 ιο
238 1106 310 1149 cum
334 1083 569 1168 quinquaginta
590 1083 719 1147 milibus
742 1085 824 1148 aeris
839 1082 948 1147 mariti
963 1082 1093 1146 domum
1107 1082 1207 1147 intra·

235 1169 298 1248 uit,
321 1167 458 1232 Dotatae
481 1187 661 1250 cognomen
682 1167 852 1232 inuenerit.
891 1167 976 1231 idem
998 1170 1131 1232 senatus
1146 1166 1207 1232 Fa·

236 1251 329 1316 bricii
352 1251 482 1315 Luscini
496 1250 719 1335 Scipionisque
741 1251 823 1316 filias
846 1251 886 1314 ab
910 1251 1066 1316 induistis
1082 1252 1207 1335 nuptiis

235 1335 428 1400 liberalitate
457 1357 514 1400 sua
535 1336 728 1418 uindicauit,
758 1337 910 1420 quoniam
936 1339 1088 1420 paternae
1117 1335 1207 1401 here

237 1422 330 1484 ditati
343 1423 478 1504 praeter
509 1421 650 1504 opimam
679 1421 816 1506 gloriam
843 1420 926 1484 nibil
953 1423 1023 1484 erat
1049 1420 1135 1503 quod
1156 1442 1207 1485 ae·

204 1527 228 1566 rs
242 1508 369 1589 ceptum
391 1505 558 1573 referrent.

301 1592 350 1655 11.
375 1589 696 1676 transmeamus
718 1589 907 1673 quantulam
930 1610 948 1652 a
969 1592 1061 1673 patre
1083 1587 1209 1653 heredi-

235 1678 335 1740 tatem
357 1676 519 1759 acceperit
540 1675 575 1738 in
596 1674 701 1758 primo
723 1673 806 1738 libro
827 1694 951 1755 eorum,
975 1693 1055 1756 quos
1077 1673 1116 1738 de
1139 1673 1210 1738 uita

235 1781 293 1824 sua
314 1764 379 1824 tres
402 1760 545 1843 scripsit,
568 1757 682 1822 refert:
709 1758 755 1822 ait
777 1758 862 1822 enim
885 1757 946 1822 sibi
961 1774 1017 1821 sex
1028 1757 1097 1821 sola
1117 1779 1210 1823 man-

234 1844 321 1927 cipia
342 1847 511 1926 totumque
538 1864 668 1908 censum
695 1843 835 1926 quinque
864 1845 960 1926 atque
981 1858 1056 1906 xxx
1080 1842 1210 1908 milium

198 1951 224 1992 ao
236 1949 403 1992 nummum
417 1929 576 1992 relictum.
610 1928 646 1991 in
667 1926 728 1992 hac
750 1927 805 1991 ille
819 1927 957 2010 pecunia
969 1926 1097 1992 futurus
1115 1948 1210 1992 sena·

240 2016 292 2076 tus
336 2012 463 2094 rinceps
484 2013 626 2076 nutritus
649 2015 698 2076 est
719 2011 863 2094 spiritus.

332 2117 387 2162 aec
415 2096 515 2182 igitur
542 2096 688 2181 exempla
714 2096 889 2180 respicere,
922 2095 972 2159 his
999 2095 1208 2178 adquiescere

237 2179 361 2244 solaciis
384 2180 552 2262 debemus,
576 2181 630 2264 qui
652 2181 803 2264 paruulos
826 2201 940 2246 census
962 2182 1091 2244 nostros
1113 2202 1210 2246 num-

236 2285 333 2347 quam
355 2264 504 2348 querellis
523 2285 647 2330 uacuos
670 2286 739 2331 esse
754 2265 898 2330 sinimus.
932 2263 1059 2329 nullum
1074 2269 1131 2330 aut
1154 2265 1210 2330 ad-

200 2348 368 2413 amodum
401 2350 495 2434 parui
527 2349 689 2435 ponderis
712 2353 897 2434 argentum,
929 2369 1050 2433 paucos
1083 2370 1210 2430 seruos,

235 2449 286 2496 vrr
312 2433 424 2519 iugera
452 2434 559 2500 aridae
581 2438 702 2514 terrae,
730 2435 911 2520 indigentia
939 2433 1132 2499 domesticae
1160 2435 1211 2499 in·

235 2539 353 2601 pensae
380 2520 510 2598 funera,
545 2520 659 2604 inopes
691 2519 801 2584 dotum
833 2519 933 2602 filias,
967 2517 1023 2582 sed
1056 2519 1209 2604 egregios

237 2605 433 2688 consulatus,
455 2604 606 2670 mirificas
622 2604 808 2685 dictaturas,
824 2602 1077 2668 innumerabiles
1092 2604 1210 2668 trium-

207 2781 208 2784 ‘
304 2811 321 2884 ι,
336 2823 361 2859 r.
399 2806 438 2859 uu
457 2805 496 2872 c,
515 2823 537 2860 r.
557 2807 663 2875 paea
676 2806 714 2874 qr
731 2807 850 2876 nuptam
867 2805 905 2858 A1
917 2806 928 2874 ιι
940 2805 1034 2884 motus
1051 2805 1090 2859 rr
1103 2806 1142 2874 nc
1160 2805 1211 2859 xc

365 2873 420 2952 e
437 2874 521 2976 na
539 2873 578 2952 ι’
593 2874 671 3008 ιιι·
690 2873 872 2995 cicccc
888 2873 1095 2995 crau
1108 2873 1181 2994 aa

235 2946 251 3061 d
263 2941 457 3076 qumqqlrialqu,
468 2956 648 3088 'affilas
660 3010 740 3073 Por,
760 3025 798 3062 aa
810 3008 941 3088 liegilia?
952 2980 1042 3086 lialm
1053 3009 1064 3089 fl
1077 3013 1110 3063 10
1128 3025 1194 3062 cum

234 3076 295 3129 tum
343 3077 395 3130 ἈΙ
418 3077 428 3146 l
451 3077 658 3146 qumquagmta
674 3076 744 3134 Por.
763 3080 788 3130 et
810 3076 1023 3154 lataquagmta
1046 3092 1080 3130 aa
1096 3090 1152 3130 ros.
1170 3077 1209 3142 A,

234 3141 313 3222 llLta
334 3144 374 3211 L,
403 3144 572 3222 quingentis,
588 3144 652 3222 dett.
676 3145 687 3212 ll
712 3149 743 3196 11
766 3143 878 3198 fabricii
905 3145 952 3211 (oi1
977 3143 1010 3198 iu
1035 3143 1102 3211 rae.)
1128 3144 1155 3197 L
1184 3150 1210 3199 et

233 3225 293 3265 scae
308 3227 411 3266 rasura
426 3213 467 3278 A,
490 3211 601 3265 Fabrici
617 3210 706 3266 Halm
726 3212 730 3278 Ι
759 3216 790 3264 lc
807 3211 953 3290 referrent·
964 3211 1021 3289 (scd
1042 3227 1074 3265 re
1088 3227 1124 3268 m.
1142 3215 1168 3266 1.
1187 3228 1210 3272 s.

235 3277 1213 3416 capuanumque,rectractant

235 3426 290 3476 que
309 3415 395 3546 atque
412 3428 464 3468 om.
482 3415 551 3469 Por.
565 3416 621 3484 1124
638 3415 801 3482 quaereelis
820 3414 841 3482 (l
859 3417 941 3483 eros.)
960 3414 1147 3536 qusimmus
1166 3417 1214 3480 (ni
1271 3474 1275 3484 ,

234 3492 254 3530 a.
270 3477 299 3544 l.)
312 3479 340 3530 L

257 3543 262 3553 Ι
374 3485 407 3534 26
424 3480 581 3537 domestica
592 3481 662 3538 Μ’
676 3482 685 3550 l
698 3482 816 3550 inpensa
833 3484 861 3548 (a
872 3482 905 3536 ia
915 3485 981 3551 ros.)

235 3558 296 3611 gros
313 3544 373 3598 LA

1033 3482 1046 3553 ΙΙ
1057 3487 1090 3537 27
1108 3497 1212 3553 aegre·
