2550 3958
311 155 388 212 ese.
407 155 474 224 xri,
493 155 508 216 s
528 162 551 211 r.
572 161 596 211 e.
614 155 676 215 axe,
695 161 709 221 s
729 162 803 211 1-s.
975 160 1037 240 461

68 311 220 393 exoptata
242 307 414 374 securitate
436 309 610 393 adquieuit.
658 311 834 394 torqueant
862 331 896 374 se
918 311 1038 392 miseri,

68 394 188 476 quibus
210 393 357 477 extingui
387 415 484 478 quarn
513 414 679 478 superesse
701 394 811 458 utilius
833 398 896 479 est,
919 396 955 460 in
976 399 1039 460 tre-

66 478 146 562 pido
174 481 207 542 et
234 477 330 542 anxio
359 478 494 543 consilio
522 500 662 563 quanam
683 478 811 543 ratione
833 479 901 544 uita
923 484 1039 545 exeant

68 565 277 646 quaerentes:
303 561 425 627 ferrum
453 567 586 643 acuant,
615 583 741 628 uenena
767 567 963 648 temperent,
991 565 1038 629 la-

7 653 8 714 }
67 668 169 730 queos
202 646 462 731 adprehendam,
495 651 604 714 uastas
634 647 821 713 altitudines
853 649 1065 734 circumspis

68 732 174 815 ciant,
197 735 362 817 tamquam
383 752 503 818 magno
519 735 675 816 apparatu
689 735 746 798 aut
768 733 926 817 exquisita
948 735 1039 799 moli·

7 823 8 888 j
69 815 162 880 tione
194 837 275 900 opus
308 817 367 898 sit,
402 820 439 881 ut
470 817 612 900 corporis
646 820 742 902 atque
774 819 876 883 animi
910 819 1038 885 infirmo

7 905 8 916 ¹
70 899 203 966 uinculo
227 900 402 999 cohaerens
424 902 560 967 sociatas
578 902 779 1001 dirimatur..
811 903 894 967 nihil
922 903 1039 1003 horum

7 1079 8 1088 Ν
71 983 543 1168 iitiedlstitdiit
564 986 1038 1170 illinisti-titii
1052 1090 1077 1132 10

74 1154 212 1238 bonum,
237 1177 325 1222 curus
341 1155 461 1221 caduca
483 1156 644 1240 possessio
659 1160 726 1221 tam
749 1157 812 1221 leui
827 1157 947 1222 adflatu
969 1179 1039 1224 uro·

7 1239 8 1258 ¹
70 1239 191 1326 lentiae
213 1260 369 1304 concussa
391 1239 490 1304 dilabi
511 1241 627 1324 potuit.

7 1337 8 1344 ¹
136 1323 167 1394 2,
191 1323 344 1408 Aeschyli
357 1345 434 1389 uero
454 1329 568 1408 poetae
584 1345 729 1389 excessus
744 1327 895 1410 quemad
910 1327 1039 1392 modum

7 1423 8 1484 j
71 1428 138 1472 non
153 1407 370 1506 uoluntarius,
392 1409 438 1473 sic
452 1413 585 1507 propter
599 1411 777 1507 nouitatem
793 1431 885 1475 casus
899 1411 1039 1474 referen-

7 1565 8 1574 ‘
72 1492 221 1674 liliati
244 1492 356 1661 litt
374 1494 671 1643 uitiauit
698 1496 1077 1664 iptiittiitfd

7 1705 8 1744 p
71 1661 269 1727 testudinem
298 1662 406 1728 ferens
439 1661 528 1727 elusa
560 1662 729 1746 splendore
758 1663 873 1747 capitis
903 1701 941 1712 -
971 1666 1041 1728 erat

7 1767 8 1770 ¹
74 1747 162 1810 enim
185 1747 309 1830 capillis
330 1768 468 1811 uacuum
490 1747 687 1831 -perinde
716 1751 813 1832 atque
841 1748 941 1832 lapidi
970 1769 1041 1814 eam

7 1837 23 1874 ³·
72 1831 186 1914 inlisit,
209 1834 246 1896 ut
267 1831 390 1898 fractae
412 1852 508 1898 carne
522 1835 721 1916 uesceretur‚
744 1853 845 1917 eoque
859 1833 926 1898 ictu
948 1833 1040 1918 origo

73 1919 107 1981 et
128 1916 325 2001 principium
346 1916 489 1981 fortioris
511 1921 561 1982 tra
584 1917 693 1982 oediae
716 1916 893 1984 extinctum
916 1922 973 1984 est.
1054 1932 1079 1974 ²⁰

135 2002 166 2067 3.
188 2000 266 2068 Non
281 2001 423 2088 uulgaris
434 2002 532 2068 etiarn
576 2003 677 2069 omeri
692 2003 805 2068 mortis
817 2024 913 2069 causa
926 2003 1038 2083 fertur,

73 2085 129 2169 qui
142 2085 178 2150 in
189 2085 229 2152 Io
239 2087 354 2168 insula,
371 2087 447 2171 quia
461 2087 681 2172 quaestionem
696 2109 716 2152 a
730 2088 945 2172 piscatoribus
980 2089 1041 2154 osi·

73 2173 140 2236 tam
155 2170 278 2236 soluere
291 2193 360 2237 non
374 2173 548 2256 potuisset,
565 2173 673 2238 dolore
688 2173 875 2257 absumptus
890 2194 942 2239 cre
965 2174 1041 2239 itur.

113 2255 167 2326 Δ4.
203 2253 266 2320 Sed
294 2257 433 2323 atrocius
455 2258 620 2341 aliquanto
649 2256 819 2340 Euripides
841 2259 953 2325 linitus
975 2261 1040 2324 est:

75 2339 117 2404 ab
139 2339 292 2404 Archelai
314 2341 400 2404 enim
430 2342 516 2427 regis
540 2363 619 2407 cena
641 2343 676 2407 in
698 2342 888 2409 Macedonia
910 2344 1080 2409 domum-2⁵

74 2424 268 2508 hospitalem
281 2429 440 2508 repetens,
465 2448 582 2492 canum
597 2427 758 2492 morsibus
779 2427 920 2494 laniatus
943 2428 1041 2494 obiit:

76 2509 247 2576 crudelitas
268 2510 329 2576 fati
350 2513 443 2576 tanto
465 2511 599 2597 ingenio
620 2533 688 2576 non
709 2512 826 2577 debite.

138 2596 168 2660 5.
192 2594 284 2661 Siout
305 2594 353 2659 illi
368 2615 516 2661 excessus
535 2596 721 2661 inlustrium
736 2600 906 2681 poetarum
921 2601 954 2661 et
974 2618 1041 2662 mo·

76 2679 165 2745 ribus
193 2683 225 2743 et
251 2681 401 2765 operibus
430 2681 665 2765 indignissimi:
709 2680 882 2766 Sophocles
913 2680 1041 2746 ultimae

76 2763 140 2828 iam
155 2766 339 2845 senectutis,
362 2786 434 2830 cum
450 2766 483 2831 in
500 2769 664 2831 certamen
678 2765 878 2851 tragoediam
900 2766 1042 2832 demisis-
1054 2780 1080 2822 ³⁰

144 2871 157 2918 1
175 2865 327 2933 torquense
339 2867 387 2932 A¹‚
404 2867 542 2934 torquent
558 2882 588 2920 se
599 2865 640 2920 A¹
657 2868 690 2935 12
707 2866 738 2920 in
750 2865 856 2923 deleted.
873 2874 945 2924 bene.
962 2871 1042 2934 reete,

77 2932 111 2986 rei
127 2930 219 2998 fallor,
239 2931 343 2988 Gertz*
362 2935 373 3002 ll
393 2940 409 2986 6
427 2934 567 3002 exquisito
588 2936 627 2988 A¹
649 2936 653 3003 Ι
680 2941 696 2990 9
714 2935 839 2989 inclausa
856 2935 884 2988 A
904 2936 917 3014 l
938 2941 968 2990 10
985 2950 1042 2989 non

75 2998 163 3054 nimio
179 2999 319 3067 Vorstiue,
338 3002 453 3056 minimo
474 3003 539 3058 dett.
552 3003 649 3071 multi,
667 3003 772 3058 *nimio
784 3002 825 3069 A,
843 3003 873 3057 in
890 3002 977 3057 mmio
991 3002 1015 3056 0
1027 3003 1040 3073 {l

76 3072 108 3122 13
132 3067 275 3136 aeschyli*
295 3070 332 3137 A,
351 3087 378 3122 u.
397 3070 546 3140 aeschylus
563 3086 659 3141 morpo
675 3073 703 3125 A
721 3073 731 3140 ΙΙ
753 3076 783 3124 16
802 3071 917 3139 aquila*
933 3072 961 3124 A
977 3073 988 3140 ΙΙ
1011 3076 1042 3126 17

76 3134 174 3189 delusa
187 3137 258 3190 Por.
277 3137 287 3206 ss
310 3141 342 3191 18
359 3138 463 3206 lapidei
482 3140 542 3207 (sic)
560 3141 608 3204 A¹‚
627 3145 659 3195 ut
676 3155 726 3194 nos
742 3141 781 3193 A²
792 3141 862 3194 Per.
880 3141 891 3208 l
909 3145 940 3193 19
959 3154 1042 3193 earne

77 3203 161 3268 (sede
175 3206 207 3258 iu
217 3209 285 3271 rae.)
298 3206 326 3258 A
338 3206 348 3273 11
360 3211 394 3260 20
405 3207 539 3262 screteud.
552 3208 612 3266 uid,
625 3207 772 3276 politioris.
784 3222 812 3261 u.
827 3206 961 3262 dioclete.
974 3223 1041 3262 orm.

75 3275 148 3328 1886
154 3289 185 3342 p.
197 3273 235 3327 62
247 3273 256 3342 l
268 3278 299 3326 21
315 3273 458 3343 tepentium
471 3275 531 3330 uid.
544 3273 661 3330 affertur
672 3277 683 3344 fl
695 3281 727 3329 22
739 3276 770 3328 in
781 3274 874 3329 insula
885 3275 915 3329 Io
927 3273 1043 3341 Gertff,

75 3339 105 3392 in
123 3340 152 3394 Io
169 3341 263 3395 insula
279 3355 339 3409 nos,
357 3355 408 3396 om.
427 3341 458 3396 lo
476 3343 505 3396 A
521 3342 609 3398 Halm
621 3345 631 3412 ΙΙ
644 3349 677 3397 24
695 3341 843 3412 euripedes
861 3343 899 3396 A¹
912 3345 922 3412 ΙΙ
935 3348 968 3398 et
985 3359 1044 3397 ma

78 3407 215 3463 oedonias
231 3409 259 3462 A
276 3409 286 3478 u
307 3414 340 3463 27
358 3409 458 3464 dubita
468 3412 534 3532 ΑίᾹῑ
555 3417 588 3466 28
612 3427 741 3466 excussus
758 3412 797 3464 A¹
818 3412 830 3492 l
849 3417 882 3466 30
900 3412 1044 3466 certamen

77 3475 155 3542 Par„
174 3477 328 3532 certamine
348 3479 377 3532 A
394 3478 459 3537 dett.
478 3481 489 3548 ΙΙ
532 3479 669 3533 emisisset
685 3493 743 3546 cos,
762 3478 914 3534 dimisisset
929 3479 1000 3535 Par.
1019 3485 1045 3536 et

81 3542 153 3611 dett,
172 3545 335 3603 dixissetis
353 3561 408 3604 rae.
428 3550 456 3600 A
