2562 3950
259 171 328 234 ura,
337 171 400 228 1111.
430 172 550 242 cuae,
568 171 630 229 aas.
648 179 673 230 a.
709 171 787 228 oar.
807 179 831 240 τ,
846 179 928 266 ¹··⁴·.
1010 174 1074 241 519

18 399 19 408 χ
102 333 141 390 ut
170 330 265 390 tonsis
293 331 407 408 capillis
429 349 505 408 equo
526 349 558 391 se
579 334 611 392 et
632 331 723 392 armis
745 330 943 392 adsuefeeen't
964 350 1018 393 nec
1039 333 1072 394 in

18 429 19 434 ’
103 415 188 476 bello
210 416 309 474 uirum
336 417 488 479 relictura.
532 417 633 492 itaque
655 415 820 493 fugdentem
842 415 968 493 Pompei
991 418 1072 478 utres

18 571 19 576 η
102 518 160 576 per
182 501 282 560 omnia
304 504 405 562 secuta
426 504 482 561 est.

171 584 302 664 Minyae,
324 602 451 662 quorum
474 585 556 663 origo
578 604 614 645 ex
634 583 820 662 Argonautis
841 585 935 657 uenit,
958 586 1072 646 Lemno
1090 595 1107 646 3

18 685 19 690 ¹
70 668 275 728 ainhabitata
301 669 381 746 pulsi
403 690 421 729 a
442 669 577 746 Pelasgis
598 669 799 746 confugerunt
820 669 858 728 ad
878 667 1073 731 Lacedaemo-

102 753 184 814 nios.
216 772 235 814 a
257 754 365 830 quibus
387 755 508 830 recepti,
531 772 598 814 cum
612 772 739 831 regnum
753 756 980 830 attemptarent,
1003 773 1074 814 con·

102 837 174 898 silio
201 837 349 914 patefacto
377 839 410 898 in
437 839 604 898 custodiam
625 839 708 899 missi
732 839 810 898 sunt.
855 857 982 914 quorum
1006 857 1074 898 con·

103 923 192 1001 iuges
220 923 348 983 introitu
374 922 412 982 ad
434 923 515 982 uiros
537 923 650 998 petito,
680 924 862 984 commutata
884 927 969 984 ueste
989 924 1072 1000 ipsae

102 1007 139 1066 in
161 1006 297 1068 custodia
318 1010 533 1072 remanserunt.

60 1189 90 1230 ro
455 1173 509 1234 DII
531 1173 726 1236 AMICITIA.

170 1275 320 1351 Blossius,
343 1294 410 1336 cum
430 1293 516 1337 carus
539 1277 650 1336 amicus
671 1280 751 1337 esset
772 1275 818 1336 Ti.
842 1273 984 1352 Graccho,
1008 1277 1059 1338 da·
1074 1285 1125 1354 ῆι

103 1364 210 1420 mnato
231 1380 277 1434 eo,
300 1379 367 1420 oum
388 1361 467 1437 apud
482 1361 638 1437 Rupilium
659 1365 690 1421 et
704 1363 868 1422 Laenatem
891 1380 949 1422 coa.
971 1379 1002 1424 se
1024 1382 1073 1422 ex-

104 1447 226 1504 cusaret
252 1451 283 1505 et
308 1446 498 1505 innocentem
526 1446 714 1521 amicumque
743 1463 774 1504 se
801 1449 921 1505 tantum
948 1445 1073 1507 Gracchi

105 1528 219 1589 diceret
246 1529 356 1607 fuisse,
385 1529 501 1590 dicente
529 1529 651 1590 consule
679 1531 783 1606 ‘crgo,
812 1530 837 1588 ei
863 1533 893 1591 te
923 1523 1073 1592 Gracchus

63 1628 92 1669 aa
104 1612 244 1674 iussisset
264 1614 343 1674 faces
366 1613 514 1690 Capitolio
537 1613 673 1687 subdere,
696 1612 855 1674 fecisses?'
894 1613 1073 1691 ‘numquam

104 1697 175 1758 hoc'
197 1699 299 1774 inquit
321 1696 481 1758 ‘Gracchus
502 1697 707 1774 imperassot’.
745 1697 851 1758 deinde
874 1717 944 1759 suae
967 1699 1073 1759 salutis
1106 1768 1110 1776 ¹

106 1781 219 1842 oblitus
249 1783 347 1859 coepit
373 1783 528 1842 damnatos
556 1783 619 1843 eius
641 1799 739 1842 mores
762 1782 841 1858 apud
863 1785 1001 1842 senatum
1024 1784 1073 1843 da-

105 1867 238 1927 feudare.

170 1952 308 2012 Eundem
335 1952 415 2011 hunc
437 1948 603 2011 Gracchum
630 1950 764 2011 omnium
786 1951 897 2011 auxilio
920 1953 1073 2028 priuatum
1091 1966 1108 2016 2

64 2056 93 2097 ao
107 2035 166 2096 duo
188 2039 307 2096 tantum
329 2036 416 2096 amici
437 2041 579 2096 texerant.
607 2035 802 2112 Pomponius,
825 2036 919 2096 donec
934 2037 1075 2098 euaderet

85 2119 267 2198 Gracchus,
288 2121 321 2180 in
342 2123 430 2196 porta
451 2119 612 2198 trigemina
632 2138 728 2197 usque
750 2120 787 2180 ad
809 2124 937 2181 mortem
958 2141 1075 2200 pugna·

106 2206 168 2278 uit,
198 2205 354 2265 Laetorius
382 2204 415 2264 in
436 2208 529 2282 ponte
551 2205 675 2266 sublicio
697 2208 728 2266 et
748 2205 812 2282 ipse
832 2224 972 2284 pugnans
995 2208 1074 2267 occi-

107 2307 157 2348 sus
180 2294 236 2350 cst.
518 2305 522 2314 ’

171 2373 207 2433 L.
219 2374 352 2450 Reginus
374 2377 413 2433 tr.
428 2373 470 2450 pl.
487 2372 669 2450 Caepionem
686 2373 717 2432 in
733 2391 877 2434 carcerem
893 2376 1072 2449 coniectum,
1090 2389 1108 2438 3

67 2477 96 2518 aa
109 2458 190 2534 quod
212 2458 294 2518 illius
316 2458 405 2535 culpa
420 2457 534 2519 Olmbri
549 2463 580 2517 et
596 2459 745 2518 Teutonas
760 2459 887 2518 uictores
902 2460 1072 2529 extiterant,

108 2543 255 2602 amicitiae
276 2561 389 2602 memor
410 2542 560 2603 custodiae
582 2543 707 2618 eripuit,
735 2541 842 2602 deinde
865 2560 962 2603 comes
983 2544 1073 2621 fugae

109 2627 170 2688 eius
193 2627 328 2688 accessit.

171 2709 352 2772 Volumnius
381 2711 514 2788 equestri
540 2711 606 2772 loco
627 2714 734 2789 natus,
762 2729 830 2770 cum
851 2709 893 2770 M.
915 2709 1110 2774 Lucullana

16 2837 22 2848 .
109 2795 295 2856 familiariter
318 2795 467 2871 coluisset,
492 2795 622 2856 occisum
644 2796 682 2855 ab
703 2794 847 2878 Antonio,
871 2795 952 2872 quod
973 2799 1075 2872 partes

71 2879 197 2943 coBruti
223 2883 254 2942 et
282 2879 378 2942 Cassii
404 2881 503 2941 fuerat
531 2883 664 2954 secutus,
692 2879 832 2940 flebiliter
852 2880 957 2958 lugere
979 2881 1077 2958 coepit

175 3015 192 3063 2
209 3009 345 3064 relictura
360 3024 420 3077 occ,
438 3009 569 3065 relictum
586 3008 654 3076 cod,
673 3007 821 3078 reliquerit
837 3008 903 3063 Mai
919 3009 1007 3064 Halm
1027 3012 1038 3080 ΙΙ
1059 3017 1075 3066 6

110 3077 315 3146 attemptarent
330 3091 390 3145 noe,
408 3078 469 3132 arte
487 3078 662 3155 temptarent
679 3078 736 3132 cod.
754 3077 842 3156 Halm
853 3078 893 3199 p?
909 3077 1014 3148 petito]
1033 3079 1075 3132 in·

110 3145 220 3214 patrato
242 3143 328 3213 Valli
351 3150 381 3199 11
405 3160 470 3198 cum
487 3160 568 3200 carus
586 3160 693 3198 amrous
711 3144 785 3200 esset
802 3144 837 3198 Τι
880 3144 981 3199 raocho
1000 3146 1076 3211 ccd.;

110 3217 140 3266 ct
155 3211 291 3268 raucae.
311 3212 371 3272 aid.
389 3213 435 3268 uel
453 3211 601 3279 Cumanus,
620 3229 685 3266 cum
703 3212 810 3267 amicus
828 3214 903 3268 esset
919 3213 965 3268 acl
977 3213 1075 3280 (deleto

110 3281 192 3348 esset)
211 3279 361 3346 Cumanus,
380 3279 485 3334 amicus
502 3278 543 3338 Ti.
557 3278 676 3334 Gracchi
700 3280 710 3350 ΙΙ
735 3285 767 3333 12
785 3279 914 3334 rutilium
932 3280 1000 3347 cod,
1025 3297 1074 3336 em.

110 3347 172 3402 Mai
197 3348 207 3416 ΙΙ
233 3347 304 3417 (se)
327 3349 475 3402 excusaret
498 3346 598 3402 Gertz*
621 3347 682 3406 coll.
700 3349 799 3414 2520
825 3349 875 3415 24,
898 3361 950 3402 om.
969 3365 1000 3403 sa
1018 3350 1078 3405 cod.

111 3415 195 3470 Halm
212 3417 223 3486 fl
242 3422 273 3470 1³
292 3416 322 3469 et
336 3429 394 3482 ace,
413 3417 447 3468 ut
464 3414 523 3470 cod.
541 3414 629 3470 Halm
652 3415 664 3483 ΙΙ
688 3421 720 3470 17
738 3387 815 3484 apud
834 3417 965 3470 senatum
982 3433 1075 3472 mores

110 3482 306 3552 transpoamd.
324 3498 395 3538 caca.
414 3482 520 3538 Gerte*
528 3501 540 3549 ,·
561 3487 592 3538 at
605 3488 696 3551 potest
714 3497 790 3538 error
807 3497 863 3540 esec
880 3484 970 3554 ipsios
987 3485 1076 3541 Pori-

110 3550 153 3606 dis
165 3551 175 3620 ΙΙ
188 3557 220 3618 20
237 3552 371 3607 texerunt
388 3565 438 3607 cm.
457 3549 524 3619 cod,
541 3551 633 3620 suppl.
651 3551 716 3607 Mat
734 3567 748 3608 e
769 3551 831 3608 Vat.
