<?xml version="1.0" encoding="UTF-8"?>
<!DOCTYPE html PUBLIC "-//W3C//DTD XHTML 1.0 Transitional//EN"
    "http://www.w3.org/TR/xhtml1/DTD/xhtml1-transitional.dtd">
<html xmlns="http://www.w3.org/1999/xhtml" xml:lang="en" lang="en">
 <head>
  <title>
</title>
<meta http-equiv="Content-Type" content="text/html;charset=utf-8" />
  <meta name='ocr-system' content='tesseract 3.04.00' />
  <meta name='ocr-capabilities' content='ocr_page ocr_carea ocr_par ocr_line ocrx_word'/>
</head>
<body>
  <div class='ocr_page' id='page_1' title='image "./valeriimaximifa00nepogoog_0635.png"; bbox 0 0 2562 3950; ppageno 0'>
   <div class='ocr_carea' id='block_1_1' title="bbox 211 156 885 228">
    <p class='ocr_par' dir='ltr' id='par_1_1' title="bbox 211 156 885 228">
     <span class='ocr_line' id='line_1_1' title="bbox 211 156 885 228; baseline -0.03 1"><span class='ocrx_word' id='word_1_1' title='bbox 211 164 276 228; x_wconf 82' lang='grc'><strong>594</strong></span> <span class='ocrx_word' id='word_1_2' title='bbox 501 157 701 213; x_wconf 83' lang='grc' dir='ltr'><strong>ΝΕΡΟΤΙΑΝΙ</strong></span> <span class='ocrx_word' id='word_1_3' title='bbox 719 156 885 213; x_wconf 85' lang='grc' dir='ltr'><strong>ΕΡΙΤΟΜΑ</strong></span> 
     </span>
    </p>
   </div>
   <div class='ocr_carea' id='block_1_2' title="bbox 71 307 1267 2506">
    <p class='ocr_par' dir='ltr' id='par_1_2' title="bbox 87 307 1267 478">
     <span class='ocr_line' id='line_1_2' title="bbox 87 307 1267 394; baseline 0 -18"><span class='ocrx_word' id='word_1_4' title='bbox 87 335 202 376; x_wconf 67' lang='lat' dir='ltr'><strong>vanua</strong></span> <span class='ocrx_word' id='word_1_5' title='bbox 216 321 333 380; x_wconf 90' lang='lat' dir='ltr'><strong>insutus</strong></span> <span class='ocrx_word' id='word_1_6' title='bbox 356 321 411 392; x_wconf 86' lang='lat' dir='ltr'><strong>est,</strong></span> <span class='ocrx_word' id='word_1_7' title='bbox 433 317 513 394; x_wconf 90' lang='lat' dir='ltr'><strong>quod</strong></span> <span class='ocrx_word' id='word_1_8' title='bbox 536 317 646 376; x_wconf 91' lang='lat' dir='ltr'><strong>librum</strong></span> <span class='ocrx_word' id='word_1_9' title='bbox 669 316 838 375; x_wconf 77' lang='lat' dir='ltr'><strong>occultioris</strong></span> <span class='ocrx_word' id='word_1_10' title='bbox 861 315 936 374; x_wconf 88' lang='lat' dir='ltr'><strong>sacri</strong></span> <span class='ocrx_word' id='word_1_11' title='bbox 951 313 1192 376; x_wconf 88' lang='lat' dir='ltr'><strong>describendum</strong></span> <span class='ocrx_word' id='word_1_12' title='bbox 1266 307 1267 356; x_wconf 59' lang='lat'>³</span> 
     </span>
     <span class='ocr_line' id='line_1_3' title="bbox 215 399 1026 478; baseline -0.007 -13"><span class='ocrx_word' id='word_1_13' title='bbox 215 405 400 464; x_wconf 87' lang='lat' dir='ltr'><strong>subtractum</strong></span> <span class='ocrx_word' id='word_1_14' title='bbox 424 422 439 461; x_wconf 89' lang='lat' dir='ltr'><strong>e</strong></span> <span class='ocrx_word' id='word_1_15' title='bbox 461 401 552 478; x_wconf 83' lang='lat' dir='ltr'><strong>regiis</strong></span> <span class='ocrx_word' id='word_1_16' title='bbox 575 401 695 460; x_wconf 90' lang='lat' dir='ltr'><strong>secretis</strong></span> <span class='ocrx_word' id='word_1_17' title='bbox 719 399 861 460; x_wconf 90' lang='lat' dir='ltr'><strong>Petronio</strong></span> <span class='ocrx_word' id='word_1_18' title='bbox 885 399 1026 459; x_wconf 78' lang='lat' dir='ltr'>dedisset.</span> 
     </span>
    </p>

    <p class='ocr_par' dir='ltr' id='par_1_3' title="bbox 147 484 1267 898">
     <span class='ocr_line' id='line_1_4' title="bbox 147 484 1193 561; baseline -0.005 -14"><span class='ocrx_word' id='word_1_19' title='bbox 147 500 195 559; x_wconf 86' lang='lat'><strong>1,1</strong></span> <span class='ocrx_word' id='word_1_20' title='bbox 281 491 308 546; x_wconf 75' lang='lat'><strong>7.</strong></span> <span class='ocrx_word' id='word_1_21' title='bbox 340 486 478 546; x_wconf 84' lang='lat' dir='ltr'><strong>Gracchis</strong></span> <span class='ocrx_word' id='word_1_22' title='bbox 501 505 613 561; x_wconf 91' lang='lat' dir='ltr'><strong>remp.</strong></span> <span class='ocrx_word' id='word_1_23' title='bbox 637 484 816 544; x_wconf 87' lang='lat' dir='ltr'><strong>nexantibus</strong></span> <span class='ocrx_word' id='word_1_24' title='bbox 838 487 989 560; x_wconf 88' lang='lat' dir='ltr'><strong>repertum</strong></span> <span class='ocrx_word' id='word_1_25' title='bbox 1011 485 1043 543; x_wconf 91' lang='lat' dir='ltr'><strong>in</strong></span> <span class='ocrx_word' id='word_1_26' title='bbox 1066 485 1193 561; x_wconf 87' lang='lat' dir='ltr'><strong>sibylli-</strong></span> 
     </span>
     <span class='ocr_line' id='line_1_5' title="bbox 211 567 1191 647; baseline -0.003 -16"><span class='ocrx_word' id='word_1_27' title='bbox 211 574 258 632; x_wconf 87' lang='lat' dir='ltr'><strong>nis</strong></span> <span class='ocrx_word' id='word_1_28' title='bbox 281 573 365 631; x_wconf 87' lang='lat' dir='ltr'><strong>libris</strong></span> <span class='ocrx_word' id='word_1_29' title='bbox 388 571 627 647; x_wconf 72' lang='lat' dir='ltr'><strong>antiquissimam</strong></span> <span class='ocrx_word' id='word_1_30' title='bbox 643 567 781 628; x_wconf 83' lang='lat' dir='ltr'><strong>Cererem</strong></span> <span class='ocrx_word' id='word_1_31' title='bbox 796 568 979 644; x_wconf 75' lang='lat' dir='ltr'><strong>placandam.</strong></span> <span class='ocrx_word' id='word_1_32' title='bbox 1004 571 1081 628; x_wconf 87' lang='lat' dir='ltr'><strong>tunc</strong></span> <span class='ocrx_word' id='word_1_33' title='bbox 1096 570 1191 645; x_wconf 88' lang='lat' dir='ltr'><strong>quin-</strong></span> 
     </span>
     <span class='ocr_line' id='line_1_6' title="bbox 214 653 1217 731; baseline -0.009 -14"><span class='ocrx_word' id='word_1_34' title='bbox 214 659 309 717; x_wconf 83' lang='lat' dir='ltr'><strong>decim</strong></span> <span class='ocrx_word' id='word_1_35' title='bbox 332 656 390 715; x_wconf 90' lang='lat' dir='ltr'><strong>uiri</strong></span> <span class='ocrx_word' id='word_1_36' title='bbox 412 656 548 714; x_wconf 89' lang='lat' dir='ltr'><strong>Hennam</strong></span> <span class='ocrx_word' id='word_1_37' title='bbox 570 653 699 731; x_wconf 83' lang='lat' dir='ltr'><strong>proiecti</strong></span> <span class='ocrx_word' id='word_1_38' title='bbox 721 656 854 724; x_wconf 73' lang='grc'><strong>111111-</strong></span> <span class='ocrx_word' id='word_1_39' title='bbox 876 654 902 712; x_wconf 93' lang='lat' dir='ltr'><strong>is</strong></span> <span class='ocrx_word' id='word_1_40' title='bbox 925 653 1007 713; x_wconf 88' lang='lat' dir='ltr'><strong>enim</strong></span> <span class='ocrx_word' id='word_1_41' title='bbox 1029 653 1115 713; x_wconf 88' lang='lat' dir='ltr'><strong>loeus</strong></span> <span class='ocrx_word' id='word_1_42' title='bbox 1134 659 1156 725; x_wconf 90' lang='lat'>†</span> <span class='ocrx_word' id='word_1_43' title='bbox 1172 667 1217 712; x_wconf 76' lang='lat' dir='ltr'><strong>ae</strong></span> 
     </span>
     <span class='ocr_line' id='line_1_7' title="bbox 212 736 1191 818; baseline -0.002 -18"><span class='ocrx_word' id='word_1_44' title='bbox 212 743 330 818; x_wconf 83' lang='lat' dir='ltr'><strong>uirgine</strong></span> <span class='ocrx_word' id='word_1_45' title='bbox 352 741 449 800; x_wconf 90' lang='lat' dir='ltr'><strong>cultus</strong></span> <span class='ocrx_word' id='word_1_46' title='bbox 472 743 594 815; x_wconf 88' lang='lat' dir='ltr'><strong>putatur</strong></span> <span class='ocrx_word' id='word_1_47' title='bbox 613 771 647 781; x_wconf 98' lang='lat'>—</span> <span class='ocrx_word' id='word_1_48' title='bbox 672 741 708 797; x_wconf 89' lang='lat' dir='ltr'><strong>ut</strong></span> <span class='ocrx_word' id='word_1_49' title='bbox 729 739 801 796; x_wconf 88' lang='lat' dir='ltr'><strong>deae</strong></span> <span class='ocrx_word' id='word_1_50' title='bbox 823 737 991 798; x_wconf 87' lang='lat' dir='ltr'><strong>satisfieret.</strong></span> <span class='ocrx_word' id='word_1_51' title='bbox 1015 736 1191 814; x_wconf 85' lang='lat' dir='ltr'><strong>propitiata</strong></span> 
     </span>
     <span class='ocr_line' id='line_1_8' title="bbox 214 825 1267 898; baseline -0.008 -13"><span class='ocrx_word' id='word_1_52' title='bbox 214 826 414 886; x_wconf 78' lang='lat' dir='ltr'><strong>Gracchorum</strong></span> <span class='ocrx_word' id='word_1_53' title='bbox 437 825 518 882; x_wconf 87' lang='lat' dir='ltr'><strong>exitu</strong></span> <span class='ocrx_word' id='word_1_54' title='bbox 540 826 672 898; x_wconf 89' lang='lat' dir='ltr'><strong>putetur.</strong></span> <span class='ocrx_word' id='word_1_55' title='bbox 1266 881 1267 898; x_wconf 26' lang='grc'><strong>1</strong></span> 
     </span>
    </p>

    <p class='ocr_par' dir='ltr' id='par_1_4' title="bbox 71 907 1267 1393">
     <span class='ocr_line' id='line_1_9' title="bbox 71 907 1267 984; baseline -0.003 -15"><span class='ocrx_word' id='word_1_56' title='bbox 71 915 74 922; x_wconf 88' lang='grc'><em>“</em></span> <span class='ocrx_word' id='word_1_57' title='bbox 149 923 197 982; x_wconf 85' lang='grc'><strong>1,3</strong></span> <span class='ocrx_word' id='word_1_58' title='bbox 279 913 309 970; x_wconf 85' lang='grc'><strong>8.</strong></span> <span class='ocrx_word' id='word_1_59' title='bbox 340 909 476 968; x_wconf 85' lang='lat' dir='ltr'><strong>Tiberius</strong></span> <span class='ocrx_word' id='word_1_60' title='bbox 492 907 642 968; x_wconf 85' lang='lat' dir='ltr'><strong>Gracchus</strong></span> <span class='ocrx_word' id='word_1_61' title='bbox 663 907 702 966; x_wconf 90' lang='lat' dir='ltr'><strong>ad</strong></span> <span class='ocrx_word' id='word_1_62' title='bbox 724 925 870 984; x_wconf 81' lang='lat' dir='ltr'><strong>augurum</strong></span> <span class='ocrx_word' id='word_1_63' title='bbox 893 907 1052 982; x_wconf 81' lang='lat' dir='ltr'><strong>collegium</strong></span> <span class='ocrx_word' id='word_1_64' title='bbox 1076 925 1093 964; x_wconf 91' lang='lat' dir='ltr'><strong>e</strong></span> <span class='ocrx_word' id='word_1_65' title='bbox 1115 925 1191 982; x_wconf 91' lang='lat' dir='ltr'><strong>pro·</strong></span> <span class='ocrx_word' id='word_1_66' title='bbox 1266 907 1267 978; x_wconf 93' lang='grc'><strong>1</strong></span> 
     </span>
     <span class='ocr_line' id='line_1_10' title="bbox 214 991 1190 1068; baseline 0 -16"><span class='ocrx_word' id='word_1_67' title='bbox 214 995 312 1054; x_wconf 87' lang='lat' dir='ltr'><strong>uinoia</strong></span> <span class='ocrx_word' id='word_1_68' title='bbox 345 994 466 1068; x_wconf 79' lang='lat' dir='ltr'><strong>scripsit</strong></span> <span class='ocrx_word' id='word_1_69' title='bbox 498 993 676 1068; x_wconf 89' lang='lat' dir='ltr'><strong>comperisse</strong></span> <span class='ocrx_word' id='word_1_70' title='bbox 709 1011 740 1052; x_wconf 91' lang='lat' dir='ltr'><strong>se</strong></span> <span class='ocrx_word' id='word_1_71' title='bbox 774 992 910 1051; x_wconf 90' lang='lat' dir='ltr'><strong>eonsules</strong></span> <span class='ocrx_word' id='word_1_72' title='bbox 939 1008 999 1050; x_wconf 89' lang='lat' dir='ltr'><strong>non</strong></span> <span class='ocrx_word' id='word_1_73' title='bbox 1027 991 1190 1066; x_wconf 85' lang='lat' dir='ltr'><strong>auspicato</strong></span> 
     </span>
     <span class='ocr_line' id='line_1_11' title="bbox 214 1075 1230 1152; baseline -0.006 -14"><span class='ocrx_word' id='word_1_74' title='bbox 214 1082 338 1140; x_wconf 88' lang='lat' dir='ltr'><strong>creatos.</strong></span> <span class='ocrx_word' id='word_1_75' title='bbox 381 1078 507 1137; x_wconf 85' lang='lat' dir='ltr'><strong>recitata</strong></span> <span class='ocrx_word' id='word_1_76' title='bbox 528 1078 559 1136; x_wconf 92' lang='lat' dir='ltr'><strong>in</strong></span> <span class='ocrx_word' id='word_1_77' title='bbox 582 1081 687 1137; x_wconf 88' lang='lat' dir='ltr'><strong>senatu</strong></span> <span class='ocrx_word' id='word_1_78' title='bbox 709 1076 838 1152; x_wconf 90' lang='lat' dir='ltr'><strong>epistola</strong></span> <span class='ocrx_word' id='word_1_79' title='bbox 859 1075 990 1134; x_wconf 88' lang='lat' dir='ltr'><strong>reuocati</strong></span> <span class='ocrx_word' id='word_1_80' title='bbox 1019 1078 1092 1134; x_wconf 89' lang='lat' dir='ltr'><strong>sunt</strong></span> <span class='ocrx_word' id='word_1_81' title='bbox 1114 1094 1190 1135; x_wconf 87' lang='lat' dir='ltr'><strong>con·</strong></span> <span class='ocrx_word' id='word_1_82' title='bbox 1204 1092 1230 1132; x_wconf 88' lang='lat' dir='ltr'><strong>ro</strong></span> 
     </span>
     <span class='ocr_line' id='line_1_12' title="bbox 215 1159 1192 1238; baseline -0.002 -15"><span class='ocrx_word' id='word_1_83' title='bbox 215 1165 307 1238; x_wconf 82' lang='lat' dir='ltr'><strong>sulae,</strong></span> <span class='ocrx_word' id='word_1_84' title='bbox 341 1161 465 1238; x_wconf 79' lang='lat' dir='ltr'><strong>Figulus</strong></span> <span class='ocrx_word' id='word_1_85' title='bbox 488 1181 524 1220; x_wconf 85' lang='lat' dir='ltr'><strong>ex</strong></span> <span class='ocrx_word' id='word_1_86' title='bbox 546 1160 656 1234; x_wconf 82' lang='lat' dir='ltr'><strong>Gallia,</strong></span> <span class='ocrx_word' id='word_1_87' title='bbox 692 1160 792 1237; x_wconf 86' lang='lat' dir='ltr'><strong>Scipio</strong></span> <span class='ocrx_word' id='word_1_88' title='bbox 815 1159 923 1219; x_wconf 83' lang='lat' dir='ltr'><strong>Nasica</strong></span> <span class='ocrx_word' id='word_1_89' title='bbox 951 1179 986 1218; x_wconf 85' lang='lat' dir='ltr'><strong>ex</strong></span> <span class='ocrx_word' id='word_1_90' title='bbox 1008 1159 1133 1220; x_wconf 79' lang='lat' dir='ltr'><strong>Corsica</strong></span> <span class='ocrx_word' id='word_1_91' title='bbox 1158 1165 1192 1221; x_wconf 86' lang='lat' dir='ltr'><strong>et</strong></span> 
     </span>
     <span class='ocr_line' id='line_1_13' title="bbox 214 1245 1191 1323; baseline -0.002 -17"><span class='ocrx_word' id='word_1_92' title='bbox 214 1249 392 1323; x_wconf 80' lang='lat' dir='ltr'><strong>magistratu</strong></span> <span class='ocrx_word' id='word_1_93' title='bbox 415 1266 446 1306; x_wconf 93' lang='lat' dir='ltr'><strong>se</strong></span> <span class='ocrx_word' id='word_1_94' title='bbox 469 1247 692 1306; x_wconf 90' lang='lat' dir='ltr'><strong>abdicauerunt.</strong></span> <span class='ocrx_word' id='word_1_95' title='bbox 730 1248 814 1320; x_wconf 79' lang='lat' dir='ltr'><strong>tanta</strong></span> <span class='ocrx_word' id='word_1_96' title='bbox 835 1246 882 1303; x_wconf 89' lang='lat' dir='ltr'><strong>uis</strong></span> <span class='ocrx_word' id='word_1_97' title='bbox 905 1245 1047 1321; x_wconf 81' lang='lat' dir='ltr'><strong>religioni</strong></span> <span class='ocrx_word' id='word_1_98' title='bbox 1070 1245 1191 1317; x_wconf 88' lang='lat' dir='ltr'><strong>inerat,</strong></span> 
     </span>
     <span class='ocr_line' id='line_1_14' title="bbox 214 1331 704 1393; baseline -0.006 -2"><span class='ocrx_word' id='word_1_99' title='bbox 214 1338 248 1393; x_wconf 94' lang='lat' dir='ltr'><strong>ut</strong></span> <span class='ocrx_word' id='word_1_100' title='bbox 271 1333 307 1391; x_wconf 95' lang='lat' dir='ltr'><strong>de</strong></span> <span class='ocrx_word' id='word_1_101' title='bbox 330 1351 364 1390; x_wconf 91' lang='lat' dir='ltr'><strong>ea</strong></span> <span class='ocrx_word' id='word_1_102' title='bbox 385 1331 556 1390; x_wconf 87' lang='lat' dir='ltr'><strong>crederetur</strong></span> <span class='ocrx_word' id='word_1_103' title='bbox 578 1331 704 1390; x_wconf 82' lang='lat' dir='ltr'><strong>absenti.</strong></span> 
     </span>
    </p>

    <p class='ocr_par' dir='ltr' id='par_1_5' title="bbox 149 1413 1233 1561">
     <span class='ocr_line' id='line_1_15' title="bbox 149 1413 1191 1491; baseline -0.002 -15"><span class='ocrx_word' id='word_1_104' title='bbox 149 1429 197 1488; x_wconf 81' lang='lat' dir='ltr'><strong>1‚o</strong></span> <span class='ocrx_word' id='word_1_105' title='bbox 281 1419 308 1476; x_wconf 86' lang='lat'><strong>9.</strong></span> <span class='ocrx_word' id='word_1_106' title='bbox 337 1415 372 1487; x_wconf 80' lang='lat' dir='ltr'><strong>Q.</strong></span> <span class='ocrx_word' id='word_1_107' title='bbox 389 1415 521 1491; x_wconf 84' lang='lat' dir='ltr'><strong>Sulpicio</strong></span> <span class='ocrx_word' id='word_1_108' title='bbox 545 1414 723 1474; x_wconf 87' lang='lat' dir='ltr'><strong>sacrificanti</strong></span> <span class='ocrx_word' id='word_1_109' title='bbox 744 1433 820 1490; x_wconf 88' lang='lat' dir='ltr'><strong>apex</strong></span> <span class='ocrx_word' id='word_1_110' title='bbox 842 1415 959 1477; x_wconf 86' lang='lat' dir='ltr'><strong>cecidit.</strong></span> <span class='ocrx_word' id='word_1_111' title='bbox 980 1413 1191 1489; x_wconf 85' lang='lat' dir='ltr'><strong>significatum</strong></span> 
     </span>
     <span class='ocr_line' id='line_1_16' title="bbox 216 1500 1233 1561; baseline -0.006 -2"><span class='ocrx_word' id='word_1_112' title='bbox 216 1504 262 1561; x_wconf 88' lang='lat' dir='ltr'><strong>est</strong></span> <span class='ocrx_word' id='word_1_113' title='bbox 283 1503 396 1560; x_wconf 87' lang='lat' dir='ltr'><strong>instare</strong></span> <span class='ocrx_word' id='word_1_114' title='bbox 419 1503 444 1560; x_wconf 84' lang='lat' dir='ltr'><strong>ec&#39;</strong></span> <span class='ocrx_word' id='word_1_115' title='bbox 465 1501 610 1559; x_wconf 89' lang='lat' dir='ltr'><strong>iacturam</strong></span> <span class='ocrx_word' id='word_1_116' title='bbox 634 1500 790 1559; x_wconf 88' lang='lat' dir='ltr'><strong>sacerdoti.</strong></span> <span class='ocrx_word' id='word_1_117' title='bbox 1208 1515 1233 1554; x_wconf 79' lang='lat' dir='ltr'><strong>rs</strong></span> 
     </span>
    </p>

    <p class='ocr_par' dir='ltr' id='par_1_6' title="bbox 149 1583 1194 1744">
     <span class='ocr_line' id='line_1_17' title="bbox 149 1583 1194 1661; baseline -0.002 -16"><span class='ocrx_word' id='word_1_118' title='bbox 149 1595 198 1657; x_wconf 84' lang='lat'><strong>1,5</strong></span> <span class='ocrx_word' id='word_1_119' title='bbox 282 1587 331 1646; x_wconf 87' lang='lat'><strong>10.</strong></span> <span class='ocrx_word' id='word_1_120' title='bbox 361 1584 470 1644; x_wconf 80' lang='lat' dir='ltr'><strong>Fabius</strong></span> <span class='ocrx_word' id='word_1_121' title='bbox 494 1585 640 1643; x_wconf 86' lang='lat' dir='ltr'><strong>Maximus</strong></span> <span class='ocrx_word' id='word_1_122' title='bbox 663 1603 729 1643; x_wconf 90' lang='lat' dir='ltr'><strong>cum</strong></span> <span class='ocrx_word' id='word_1_123' title='bbox 753 1587 905 1642; x_wconf 82' lang='lat' dir='ltr'><strong>crearetur</strong></span> <span class='ocrx_word' id='word_1_124' title='bbox 928 1583 1071 1661; x_wconf 86' lang='lat' dir='ltr'><strong>dictator,</strong></span> <span class='ocrx_word' id='word_1_125' title='bbox 1096 1602 1194 1643; x_wconf 86' lang='lat' dir='ltr'><strong>sorex</strong></span> 
     </span>
     <span class='ocr_line' id='line_1_18' title="bbox 216 1669 953 1744; baseline -0.008 -14"><span class='ocrx_word' id='word_1_126' title='bbox 216 1673 325 1730; x_wconf 89' lang='lat' dir='ltr'><strong>sonuit.</strong></span> <span class='ocrx_word' id='word_1_127' title='bbox 364 1670 414 1729; x_wconf 90' lang='lat' dir='ltr'><strong>ille</strong></span> <span class='ocrx_word' id='word_1_128' title='bbox 437 1669 474 1728; x_wconf 90' lang='lat' dir='ltr'><strong>oh</strong></span> <span class='ocrx_word' id='word_1_129' title='bbox 498 1687 584 1728; x_wconf 89' lang='lat' dir='ltr'><strong>omen</strong></span> <span class='ocrx_word' id='word_1_130' title='bbox 607 1669 784 1728; x_wconf 86' lang='lat' dir='ltr'><strong>dictaturam</strong></span> <span class='ocrx_word' id='word_1_131' title='bbox 807 1669 953 1744; x_wconf 88' lang='lat' dir='ltr'><strong>deposuit.</strong></span> 
     </span>
    </p>

    <p class='ocr_par' dir='ltr' id='par_1_7' title="bbox 149 1751 1231 2337">
     <span class='ocr_line' id='line_1_19' title="bbox 149 1751 1190 1830; baseline 0 -18"><span class='ocrx_word' id='word_1_132' title='bbox 149 1763 199 1824; x_wconf 87' lang='grc'><strong>1,6</strong></span> <span class='ocrx_word' id='word_1_133' title='bbox 283 1756 331 1813; x_wconf 91' lang='grc'><strong>11.</strong></span> <span class='ocrx_word' id='word_1_134' title='bbox 361 1754 395 1813; x_wconf 93' lang='grc' dir='ltr'><strong>Ρ.</strong></span> <span class='ocrx_word' id='word_1_135' title='bbox 418 1753 550 1813; x_wconf 88' lang='lat' dir='ltr'><strong>Licinius</strong></span> <span class='ocrx_word' id='word_1_136' title='bbox 573 1757 653 1829; x_wconf 90' lang='lat' dir='ltr'><strong>pont.</strong></span> <span class='ocrx_word' id='word_1_137' title='bbox 678 1771 755 1811; x_wconf 89' lang='lat' dir='ltr'><strong>max.</strong></span> <span class='ocrx_word' id='word_1_138' title='bbox 779 1754 927 1830; x_wconf 88' lang='lat' dir='ltr'><strong>uirginem</strong></span> <span class='ocrx_word' id='word_1_139' title='bbox 949 1751 1073 1824; x_wconf 86' lang='lat' dir='ltr'><strong>Vestae,</strong></span> <span class='ocrx_word' id='word_1_140' title='bbox 1100 1755 1190 1828; x_wconf 90' lang='lat' dir='ltr'><strong>quod</strong></span> 
     </span>
     <span class='ocr_line' id='line_1_20' title="bbox 217 1835 1190 1915; baseline -0.001 -18"><span class='ocrx_word' id='word_1_141' title='bbox 217 1835 353 1915; x_wconf 86' lang='lat' dir='ltr'><strong>quadam</strong></span> <span class='ocrx_word' id='word_1_142' title='bbox 372 1842 458 1897; x_wconf 89' lang='lat' dir='ltr'><strong>nocte</strong></span> <span class='ocrx_word' id='word_1_143' title='bbox 480 1839 581 1914; x_wconf 85' lang='lat' dir='ltr'><strong>ignem</strong></span> <span class='ocrx_word' id='word_1_144' title='bbox 603 1840 781 1913; x_wconf 90' lang='lat' dir='ltr'><strong>perpetuum</strong></span> <span class='ocrx_word' id='word_1_145' title='bbox 804 1837 997 1914; x_wconf 86' lang='lat' dir='ltr'><strong>indiligenter</strong></span> <span class='ocrx_word' id='word_1_146' title='bbox 1020 1841 1190 1913; x_wconf 88' lang='lat' dir='ltr'><strong>seruasset,</strong></span> 
     </span>
     <span class='ocr_line' id='line_1_21' title="bbox 216 1920 1231 2002; baseline -0.004 -21"><span class='ocrx_word' id='word_1_147' title='bbox 216 1925 318 2002; x_wconf 84' lang='lat' dir='ltr'><strong>flagris</strong></span> <span class='ocrx_word' id='word_1_148' title='bbox 341 1923 480 1982; x_wconf 87' lang='lat' dir='ltr'><strong>coercuit.</strong></span> <span class='ocrx_word' id='word_1_149' title='bbox 523 1942 627 1980; x_wconf 90' lang='lat' dir='ltr'><strong>uerum</strong></span> <span class='ocrx_word' id='word_1_150' title='bbox 655 1923 799 1982; x_wconf 88' lang='lat' dir='ltr'><strong>seueritas</strong></span> <span class='ocrx_word' id='word_1_151' title='bbox 828 1923 865 1980; x_wconf 91' lang='lat' dir='ltr'><strong>ad</strong></span> <span class='ocrx_word' id='word_1_152' title='bbox 887 1920 1056 1996; x_wconf 89' lang='lat' dir='ltr'><strong>pellendam</strong></span> <span class='ocrx_word' id='word_1_153' title='bbox 1078 1922 1191 1998; x_wconf 85' lang='lat' dir='ltr'><strong>negle-</strong></span> <span class='ocrx_word' id='word_1_154' title='bbox 1206 1937 1231 1977; x_wconf 77' lang='lat' dir='ltr'><strong>ao</strong></span> 
     </span>
     <span class='ocr_line' id='line_1_22' title="bbox 218 2005 1192 2086; baseline 0 -19"><span class='ocrx_word' id='word_1_155' title='bbox 218 2009 349 2084; x_wconf 85' lang='lat' dir='ltr'><strong>gentiam</strong></span> <span class='ocrx_word' id='word_1_156' title='bbox 372 2007 446 2066; x_wconf 90' lang='lat' dir='ltr'><strong>adeo</strong></span> <span class='ocrx_word' id='word_1_157' title='bbox 468 2027 572 2083; x_wconf 92' lang='lat' dir='ltr'><strong>parum</strong></span> <span class='ocrx_word' id='word_1_158' title='bbox 595 2007 733 2086; x_wconf 84' lang='lat' dir='ltr'><strong>profecit,</strong></span> <span class='ocrx_word' id='word_1_159' title='bbox 756 2010 791 2064; x_wconf 88' lang='lat' dir='ltr'><strong>ut</strong></span> <span class='ocrx_word' id='word_1_160' title='bbox 812 2009 916 2082; x_wconf 85' lang='lat' dir='ltr'><strong>postea</strong></span> <span class='ocrx_word' id='word_1_161' title='bbox 936 2005 1017 2082; x_wconf 86' lang='lat' dir='ltr'><strong>ignis</strong></span> <span class='ocrx_word' id='word_1_162' title='bbox 1032 2007 1192 2067; x_wconf 89' lang='lat' dir='ltr'><strong>extinctus</strong></span> 
     </span>
     <span class='ocr_line' id='line_1_23' title="bbox 220 2091 1191 2167; baseline 0 -16"><span class='ocrx_word' id='word_1_163' title='bbox 220 2095 268 2151; x_wconf 91' lang='lat' dir='ltr'><strong>sit.</strong></span> <span class='ocrx_word' id='word_1_164' title='bbox 308 2093 445 2151; x_wconf 88' lang='lat' dir='ltr'><strong>sacerdos</strong></span> <span class='ocrx_word' id='word_1_165' title='bbox 475 2110 545 2150; x_wconf 90' lang='lat' dir='ltr'><strong>uero</strong></span> <span class='ocrx_word' id='word_1_166' title='bbox 567 2096 586 2162; x_wconf 91' lang='lat'><em>†</em></span> <span class='ocrx_word' id='word_1_167' title='bbox 606 2093 654 2150; x_wconf 89' lang='lat' dir='ltr'><strong>uel</strong></span> <span class='ocrx_word' id='word_1_168' title='bbox 675 2091 811 2167; x_wconf 85' lang='lat' dir='ltr'><strong>pontifex</strong></span> <span class='ocrx_word' id='word_1_169' title='bbox 833 2109 888 2165; x_wconf 88' lang='lat' dir='ltr'><strong>pro</strong></span> <span class='ocrx_word' id='word_1_170' title='bbox 910 2092 1030 2166; x_wconf 88' lang='lat' dir='ltr'><strong>peccato</strong></span> <span class='ocrx_word' id='word_1_171' title='bbox 1053 2091 1191 2166; x_wconf 89' lang='lat' dir='ltr'><strong>amplius</strong></span> 
     </span>
     <span class='ocr_line' id='line_1_24' title="bbox 218 2169 1191 2250; baseline 0 -16"><span class='ocrx_word' id='word_1_172' title='bbox 218 2195 330 2250; x_wconf 89' lang='lat' dir='ltr'><strong>poenae</strong></span> <span class='ocrx_word' id='word_1_173' title='bbox 352 2181 486 2235; x_wconf 89' lang='lat' dir='ltr'><strong>metuens</strong></span> <span class='ocrx_word' id='word_1_174' title='bbox 509 2181 715 2235; x_wconf 86' lang='lat' dir='ltr'><strong>ornamentum</strong></span> <span class='ocrx_word' id='word_1_175' title='bbox 738 2169 773 2233; x_wconf 76' lang='lat' dir='ltr'><strong>ex</strong></span> <span class='ocrx_word' id='word_1_176' title='bbox 795 2177 856 2235; x_wconf 90' lang='lat' dir='ltr'><strong>suis</strong></span> <span class='ocrx_word' id='word_1_177' title='bbox 878 2174 1130 2250; x_wconf 88' lang='lat' dir='ltr'><strong>pretiosissimum</strong></span> <span class='ocrx_word' id='word_1_178' title='bbox 1146 2178 1191 2236; x_wconf 88' lang='lat' dir='ltr'><strong>ci-</strong></span> 
     </span>
     <span class='ocr_line' id='line_1_25' title="bbox 217 2260 942 2337; baseline 0 -19"><span class='ocrx_word' id='word_1_179' title='bbox 217 2262 280 2319; x_wconf 90' lang='lat' dir='ltr'><strong>neri</strong></span> <span class='ocrx_word' id='word_1_180' title='bbox 303 2262 496 2336; x_wconf 87' lang='lat' dir='ltr'><strong>superposuit</strong></span> <span class='ocrx_word' id='word_1_181' title='bbox 517 2279 644 2337; x_wconf 86' lang='lat' dir='ltr'><strong>moxque</strong></span> <span class='ocrx_word' id='word_1_182' title='bbox 666 2261 785 2318; x_wconf 89' lang='lat' dir='ltr'><strong>flamma</strong></span> <span class='ocrx_word' id='word_1_183' title='bbox 807 2260 942 2318; x_wconf 88' lang='lat' dir='ltr'><strong>surrexit.</strong></span> 
     </span>
    </p>

    <p class='ocr_par' dir='ltr' id='par_1_8' title="bbox 135 2344 1228 2506">
     <span class='ocr_line' id='line_1_26' title="bbox 135 2344 1228 2422; baseline -0.003 -19"><span class='ocrx_word' id='word_1_184' title='bbox 135 2355 202 2417; x_wconf 84' lang='lat' dir='ltr'><strong>1,1c</strong></span> <span class='ocrx_word' id='word_1_185' title='bbox 285 2345 334 2402; x_wconf 79' lang='lat'><strong>12.</strong></span> <span class='ocrx_word' id='word_1_186' title='bbox 368 2345 504 2404; x_wconf 88' lang='lat' dir='ltr'><strong>Albanus</strong></span> <span class='ocrx_word' id='word_1_187' title='bbox 525 2345 652 2422; x_wconf 86' lang='lat' dir='ltr'><strong>insignis</strong></span> <span class='ocrx_word' id='word_1_188' title='bbox 674 2345 722 2403; x_wconf 90' lang='lat' dir='ltr'><strong>uir</strong></span> <span class='ocrx_word' id='word_1_189' title='bbox 742 2344 896 2421; x_wconf 86' lang='lat' dir='ltr'><strong>religione.</strong></span> <span class='ocrx_word' id='word_1_190' title='bbox 933 2345 1073 2419; x_wconf 87' lang='lat' dir='ltr'><strong>quicum</strong></span> <span class='ocrx_word' id='word_1_191' title='bbox 1097 2348 1228 2420; x_wconf 81' lang='lat' dir='ltr'><strong>captare</strong></span> 
     </span>
     <span class='ocr_line' id='line_1_27' title="bbox 218 2428 1190 2506; baseline 0 -18"><span class='ocrx_word' id='word_1_192' title='bbox 218 2429 290 2489; x_wconf 90' lang='lat' dir='ltr'><strong>urbe</strong></span> <span class='ocrx_word' id='word_1_193' title='bbox 324 2449 341 2487; x_wconf 88' lang='lat' dir='ltr'><strong>a</strong></span> <span class='ocrx_word' id='word_1_194' title='bbox 370 2429 463 2490; x_wconf 83' lang='lat' dir='ltr'><strong>Gallis</strong></span> <span class='ocrx_word' id='word_1_195' title='bbox 498 2431 615 2506; x_wconf 79' lang='lat' dir='ltr'><strong>fugeret</strong></span> <span class='ocrx_word' id='word_1_196' title='bbox 643 2430 837 2506; x_wconf 88' lang='lat' dir='ltr'><strong>plaustroque</strong></span> <span class='ocrx_word' id='word_1_197' title='bbox 870 2430 1009 2488; x_wconf 89' lang='lat' dir='ltr'><strong>eueheret</strong></span> <span class='ocrx_word' id='word_1_198' title='bbox 1035 2428 1190 2488; x_wconf 87' lang='lat' dir='ltr'><strong>familiam</strong></span> 
     </span>
    </p>
   </div>
   <div class='ocr_carea' id='block_1_3' title="bbox 218 2573 1190 3050">
    <p class='ocr_par' dir='ltr' id='par_1_9' title="bbox 218 2573 1267 3050">
     <span class='ocr_line' id='line_1_28' title="bbox 289 2573 1190 2650; baseline -0.001 -21"><span class='ocrx_word' id='word_1_199' title='bbox 289 2583 300 2629; x_wconf 95' lang='lat'>1</span> <span class='ocrx_word' id='word_1_200' title='bbox 321 2575 459 2630; x_wconf 87' lang='lat' dir='ltr'><strong>ooulnorie</strong></span> <span class='ocrx_word' id='word_1_201' title='bbox 481 2576 490 2644; x_wconf 97' lang='grc'><strong>11</strong></span> <span class='ocrx_word' id='word_1_202' title='bbox 512 2574 678 2630; x_wconf 78' lang='lat' dir='ltr'><strong>2Petronio</strong></span> <span class='ocrx_word' id='word_1_203' title='bbox 697 2575 822 2628; x_wconf 88' lang='lat' dir='ltr'><strong>dedisset</strong></span> <span class='ocrx_word' id='word_1_204' title='bbox 841 2573 977 2628; x_wconf 79' lang='lat' dir='ltr'><strong>Gerta*e</strong></span> <span class='ocrx_word' id='word_1_205' title='bbox 998 2573 1070 2650; x_wconf 62' lang='lat' dir='ltr'><strong>Vae.</strong></span> <span class='ocrx_word' id='word_1_206' title='bbox 1087 2575 1190 2642; x_wconf 91' lang='lat' dir='ltr'><strong>prodi-</strong></span> 
     </span>
     <span class='ocr_line' id='line_1_29' title="bbox 221 2642 1190 2713; baseline -0.001 -16"><span class='ocrx_word' id='word_1_207' title='bbox 221 2645 308 2698; x_wconf 88' lang='lat' dir='ltr'><strong>disset</strong></span> <span class='ocrx_word' id='word_1_208' title='bbox 326 2645 396 2713; x_wconf 70' lang='grc'><strong>11111</strong></span> <span class='ocrx_word' id='word_1_209' title='bbox 413 2643 555 2707; x_wconf 86' lang='lat' dir='ltr'><strong>Petronio)</strong></span> <span class='ocrx_word' id='word_1_210' title='bbox 573 2643 633 2698; x_wconf 87' lang='lat' dir='ltr'><strong>cod.</strong></span> <span class='ocrx_word' id='word_1_211' title='bbox 647 2643 734 2697; x_wconf 84' lang='lat' dir='ltr'><strong>Halm</strong></span> <span class='ocrx_word' id='word_1_212' title='bbox 746 2643 755 2710; x_wconf 95' lang='grc'><strong>11</strong></span> <span class='ocrx_word' id='word_1_213' title='bbox 770 2648 784 2696; x_wconf 88' lang='lat'>5</span> <span class='ocrx_word' id='word_1_214' title='bbox 802 2642 880 2696; x_wconf 89' lang='lat' dir='ltr'><strong>locus</strong></span> <span class='ocrx_word' id='word_1_215' title='bbox 900 2657 980 2696; x_wconf 88' lang='lat' dir='ltr'><strong>sacer</strong></span> <span class='ocrx_word' id='word_1_216' title='bbox 998 2642 1108 2710; x_wconf 80' lang='lat' dir='ltr'><strong>origme</strong></span> <span class='ocrx_word' id='word_1_217' title='bbox 1128 2643 1190 2696; x_wconf 88' lang='lat' dir='ltr'><strong>cul·</strong></span> 
     </span>
     <span class='ocr_line' id='line_1_30' title="bbox 218 2709 1190 2830; baseline -0.016 -64"><span class='ocrx_word' id='word_1_218' title='bbox 218 2716 263 2789; x_wconf 82' lang='lat' dir='ltr'><strong>tus</strong></span> <span class='ocrx_word' id='word_1_219' title='bbox 281 2713 357 2766; x_wconf 83' lang='lat' dir='ltr'><strong>baad</strong></span> <span class='ocrx_word' id='word_1_220' title='bbox 374 2712 445 2790; x_wconf 72' lang='lat' dir='ltr'><strong>reale</strong></span> <span class='ocrx_word' id='word_1_221' title='bbox 462 2711 610 2790; x_wconf 78' lang='lat' dir='ltr'><strong>Eberhard</strong></span> <span class='ocrx_word' id='word_1_222' title='bbox 629 2711 646 2766; x_wconf 90' lang='lat' dir='ltr'><strong>l.</strong></span> <span class='ocrx_word' id='word_1_223' title='bbox 665 2727 685 2766; x_wconf 90' lang='lat' dir='ltr'><strong>c.</strong></span> <span class='ocrx_word' id='word_1_224' title='bbox 701 2728 730 2779; x_wconf 84' lang='lat' dir='ltr'><strong>p.</strong></span> <span class='ocrx_word' id='word_1_225' title='bbox 742 2713 788 2790; x_wconf 62' lang='lat'><strong>92,</strong></span> <span class='ocrx_word' id='word_1_226' title='bbox 808 2715 833 2764; x_wconf 85' lang='lat' dir='ltr'><strong>ot</strong></span> <span class='ocrx_word' id='word_1_227' title='bbox 850 2725 917 2788; x_wconf 72' lang='lat' dir='ltr'><strong>sace</strong></span> <span class='ocrx_word' id='word_1_228' title='bbox 934 2709 1042 2830; x_wconf 51' lang='lat' dir='ltr'><strong>eripias</strong></span> <span class='ocrx_word' id='word_1_229' title='bbox 1094 2724 1112 2762; x_wconf 92' lang='lat' dir='ltr'><strong>o</strong></span> <span class='ocrx_word' id='word_1_230' title='bbox 1131 2709 1190 2812; x_wconf 58' lang='lat' dir='ltr'><strong>uir.</strong></span> 
     </span>
     <span class='ocr_line' id='line_1_31' title="bbox 218 2778 1189 2926; baseline -0.002 -26"><span class='ocrx_word' id='word_1_231' title='bbox 218 2778 1189 2926; x_wconf 61' lang='grc'><strong>11111111111.1111.1111111111111111111111</strong></span> 
     </span>
     <span class='ocr_line' id='line_1_32' title="bbox 218 2913 1187 2982; baseline -0.002 -14"><span class='ocrx_word' id='word_1_232' title='bbox 218 2917 309 2982; x_wconf 87' lang='lat' dir='ltr'><strong>fieret)</strong></span> <span class='ocrx_word' id='word_1_233' title='bbox 328 2915 380 2969; x_wconf 82' lang='lat' dir='ltr'><strong>Da</strong></span> <span class='ocrx_word' id='word_1_234' title='bbox 396 2915 471 2968; x_wconf 77' lang='lat' dir='ltr'><strong>Rrec</strong></span> <span class='ocrx_word' id='word_1_235' title='bbox 488 2913 585 2979; x_wconf 83' lang='lat' dir='ltr'><strong>Halm,</strong></span> <span class='ocrx_word' id='word_1_236' title='bbox 603 2915 636 2968; x_wconf 94' lang='lat' dir='ltr'><strong>ut</strong></span> <span class='ocrx_word' id='word_1_237' title='bbox 654 2915 702 2968; x_wconf 89' lang='lat' dir='ltr'><strong>des</strong></span> <span class='ocrx_word' id='word_1_238' title='bbox 720 2916 786 2967; x_wconf 84' lang='lat' dir='ltr'><strong>satra</strong></span> <span class='ocrx_word' id='word_1_239' title='bbox 804 2913 912 2966; x_wconf 88' lang='lat' dir='ltr'><strong>receret</strong></span> <span class='ocrx_word' id='word_1_240' title='bbox 929 2913 988 2967; x_wconf 86' lang='lat' dir='ltr'><strong>cod.</strong></span> <span class='ocrx_word' id='word_1_241' title='bbox 1002 2913 1011 2980; x_wconf 95' lang='grc'><strong>11</strong></span> <span class='ocrx_word' id='word_1_242' title='bbox 1031 2919 1061 2967; x_wconf 88' lang='grc'><strong>10</strong></span> <span class='ocrx_word' id='word_1_243' title='bbox 1079 2929 1108 2965; x_wconf 89' lang='lat' dir='ltr'><strong>m</strong></span> <span class='ocrx_word' id='word_1_244' title='bbox 1128 2929 1187 2966; x_wconf 82' lang='lat' dir='ltr'><strong>ser-</strong></span> 
     </span>
     <span class='ocr_line' id='line_1_33' title="bbox 219 2978 1186 3050; baseline -0.002 -14"><span class='ocrx_word' id='word_1_245' title='bbox 219 2984 288 3036; x_wconf 86' lang='lat' dir='ltr'><strong>uatu</strong></span> <span class='ocrx_word' id='word_1_246' title='bbox 312 2985 322 3050; x_wconf 93' lang='grc'><strong>11</strong></span> <span class='ocrx_word' id='word_1_247' title='bbox 349 2988 377 3035; x_wconf 92' lang='grc'><strong>11</strong></span> <span class='ocrx_word' id='word_1_248' title='bbox 402 2981 500 3034; x_wconf 86' lang='lat' dir='ltr'><strong>ficulus</strong></span> <span class='ocrx_word' id='word_1_249' title='bbox 519 2984 548 3035; x_wconf 89' lang='lat' dir='ltr'><strong>et</strong></span> <span class='ocrx_word' id='word_1_250' title='bbox 565 2982 652 3050; x_wconf 83' lang='lat' dir='ltr'><strong>gallia</strong></span> <span class='ocrx_word' id='word_1_251' title='bbox 673 2982 683 3050; x_wconf 87' lang='grc' dir='ltr'><strong>Ι1</strong></span> <span class='ocrx_word' id='word_1_252' title='bbox 710 2988 739 3035; x_wconf 83' lang='lat' dir='ltr'><strong>la</strong></span> <span class='ocrx_word' id='word_1_253' title='bbox 766 2978 910 3048; x_wconf 83' lang='lat' dir='ltr'><strong>religionis</strong></span> <span class='ocrx_word' id='word_1_254' title='bbox 928 2981 985 3036; x_wconf 83' lang='lat' dir='ltr'><strong>aad.</strong></span> <span class='ocrx_word' id='word_1_255' title='bbox 1004 2979 1106 3046; x_wconf 82' lang='lat' dir='ltr'><strong>Halm,</strong></span> <span class='ocrx_word' id='word_1_256' title='bbox 1135 2996 1186 3034; x_wconf 81' lang='lat' dir='ltr'><strong>ern.</strong></span> 
     </span>
    </p>
   </div>
   <div class='ocr_carea' id='block_1_4' title="bbox 218 3053 1267 3472">
    <p class='ocr_par' dir='ltr' id='par_1_10' title="bbox 218 3053 1267 3472">
     <span class='ocr_line' id='line_1_34' title="bbox 218 3053 1185 3135; baseline -0.004 -13"><span class='ocrx_word' id='word_1_257' title='bbox 218 3066 367 3122; x_wconf 81' lang='lat' dir='ltr'><strong>Eberhard</strong></span> <span class='ocrx_word' id='word_1_258' title='bbox 385 3066 402 3119; x_wconf 85' lang='lat' dir='ltr'><strong>l.</strong></span> <span class='ocrx_word' id='word_1_259' title='bbox 421 3082 442 3120; x_wconf 88' lang='lat' dir='ltr'><strong>c.</strong></span> <span class='ocrx_word' id='word_1_260' title='bbox 468 3067 478 3135; x_wconf 89' lang='grc'><strong>11</strong></span> <span class='ocrx_word' id='word_1_261' title='bbox 505 3073 536 3120; x_wconf 86' lang='grc'><strong>13</strong></span> <span class='ocrx_word' id='word_1_262' title='bbox 555 3053 700 3120; x_wconf 74' lang='lat' dir='ltr'><strong>crederett</strong></span> <span class='ocrx_word' id='word_1_263' title='bbox 718 3065 789 3132; x_wconf 80' lang='lat' dir='ltr'><strong>aad,</strong></span> <span class='ocrx_word' id='word_1_264' title='bbox 808 3063 972 3118; x_wconf 86' lang='lat' dir='ltr'><strong>crederetur</strong></span> <span class='ocrx_word' id='word_1_265' title='bbox 990 3064 1076 3118; x_wconf 89' lang='lat' dir='ltr'><strong>etiam</strong></span> <span class='ocrx_word' id='word_1_266' title='bbox 1095 3064 1185 3133; x_wconf 70' lang='lat' dir='ltr'><strong>Motu</strong></span> 
     </span>
     <span class='ocr_line' id='line_1_35' title="bbox 220 3131 1186 3199; baseline -0.003 -10"><span class='ocrx_word' id='word_1_267' title='bbox 220 3142 253 3189; x_wconf 88' lang='grc'><strong>14</strong></span> <span class='ocrx_word' id='word_1_268' title='bbox 271 3134 303 3198; x_wconf 79' lang='lat' dir='ltr'><strong>Q.</strong></span> <span class='ocrx_word' id='word_1_269' title='bbox 334 3133 438 3187; x_wconf 62' lang='lat' dir='ltr'><strong>(tlertal</strong></span> <span class='ocrx_word' id='word_1_270' title='bbox 458 3150 520 3187; x_wconf 83' lang='lat' dir='ltr'><strong>cum</strong></span> <span class='ocrx_word' id='word_1_271' title='bbox 536 3135 617 3199; x_wconf 62' lang='lat' dir='ltr'><strong>Para,</strong></span> <span class='ocrx_word' id='word_1_272' title='bbox 649 3134 701 3186; x_wconf 91' lang='lat' dir='ltr'><strong>Vm</strong></span> <span class='ocrx_word' id='word_1_273' title='bbox 719 3133 792 3198; x_wconf 82' lang='lat' dir='ltr'><strong>cod,</strong></span> <span class='ocrx_word' id='word_1_274' title='bbox 820 3131 889 3185; x_wconf 84' lang='lat' dir='ltr'><strong>Cum</strong></span> <span class='ocrx_word' id='word_1_275' title='bbox 905 3131 971 3185; x_wconf 81' lang='lat' dir='ltr'><strong>Mai</strong></span> <span class='ocrx_word' id='word_1_276' title='bbox 987 3131 1087 3195; x_wconf 84' lang='lat' dir='ltr'><strong>Halm,</strong></span> <span class='ocrx_word' id='word_1_277' title='bbox 1118 3131 1186 3197; x_wconf 82' lang='lat' dir='ltr'><strong>fort.</strong></span> 
     </span>
     <span class='ocr_line' id='line_1_36' title="bbox 219 3197 1267 3270; baseline -0.003 -14"><span class='ocrx_word' id='word_1_278' title='bbox 219 3204 260 3256; x_wconf 90' lang='lat' dir='ltr'><strong>Vt</strong></span> <span class='ocrx_word' id='word_1_279' title='bbox 309 3201 365 3254; x_wconf 84' lang='lat' dir='ltr'><strong>alm</strong></span> <span class='ocrx_word' id='word_1_280' title='bbox 388 3202 398 3268; x_wconf 92' lang='grc'><strong>11</strong></span> <span class='ocrx_word' id='word_1_281' title='bbox 422 3201 529 3254; x_wconf 88' lang='lat' dir='ltr'><strong>decidit</strong></span> <span class='ocrx_word' id='word_1_282' title='bbox 543 3202 724 3270; x_wconf 81' lang='lat' dir='ltr'><strong>probabiliter</strong></span> <span class='ocrx_word' id='word_1_283' title='bbox 743 3201 844 3255; x_wconf 73' lang='lat' dir='ltr'><strong>Gertz*</strong></span> <span class='ocrx_word' id='word_1_284' title='bbox 860 3200 872 3268; x_wconf 97' lang='grc'><strong>11</strong></span> <span class='ocrx_word' id='word_1_285' title='bbox 889 3206 919 3254; x_wconf 82' lang='grc'><strong>15</strong></span> <span class='ocrx_word' id='word_1_286' title='bbox 939 3200 966 3252; x_wconf 88' lang='lat' dir='ltr'><strong>ei</strong></span> <span class='ocrx_word' id='word_1_287' title='bbox 984 3200 1051 3254; x_wconf 88' lang='lat' dir='ltr'><strong>add.</strong></span> <span class='ocrx_word' id='word_1_288' title='bbox 1071 3199 1188 3266; x_wconf 77' lang='lat' dir='ltr'><strong>Gerta⁸,</strong></span> <span class='ocrx_word' id='word_1_289' title='bbox 1266 3197 1267 3202; x_wconf 70' lang='grc'>’</span> 
     </span>
     <span class='ocr_line' id='line_1_37' title="bbox 219 3267 1188 3336; baseline -0.001 -12"><span class='ocrx_word' id='word_1_290' title='bbox 219 3284 270 3324; x_wconf 91' lang='lat' dir='ltr'><strong>om.</strong></span> <span class='ocrx_word' id='word_1_291' title='bbox 289 3269 346 3322; x_wconf 85' lang='lat' dir='ltr'><strong>eod.</strong></span> <span class='ocrx_word' id='word_1_292' title='bbox 365 3267 474 3336; x_wconf 67' lang='lat' dir='ltr'><strong>Halmii</strong></span> <span class='ocrx_word' id='word_1_293' title='bbox 490 3275 519 3322; x_wconf 87' lang='grc'><strong>16</strong></span> <span class='ocrx_word' id='word_1_294' title='bbox 538 3268 671 3336; x_wconf 78' lang='lat' dir='ltr'><strong>maximi}</strong></span> <span class='ocrx_word' id='word_1_295' title='bbox 690 3275 722 3324; x_wconf 78' lang='lat'><strong>17</strong></span> <span class='ocrx_word' id='word_1_296' title='bbox 740 3267 882 3336; x_wconf 84' lang='lat' dir='ltr'><strong>deposuit]</strong></span> <span class='ocrx_word' id='word_1_297' title='bbox 902 3268 927 3322; x_wconf 84' lang='lat' dir='ltr'><strong>b.</strong></span> <span class='ocrx_word' id='word_1_298' title='bbox 940 3267 956 3325; x_wconf 85' lang='lat' dir='ltr'><strong>l.</strong></span> <span class='ocrx_word' id='word_1_299' title='bbox 976 3269 1053 3336; x_wconf 78' lang='lat' dir='ltr'><strong>seqai</strong></span> <span class='ocrx_word' id='word_1_300' title='bbox 1071 3267 1188 3323; x_wconf 79' lang='lat' dir='ltr'><strong>debebat</strong></span> 
     </span>
     <span class='ocr_line' id='line_1_38' title="bbox 220 3335 1185 3406; baseline 0.001 -18"><span class='ocrx_word' id='word_1_301' title='bbox 220 3335 374 3400; x_wconf 78' lang='lat' dir='ltr'><strong>exempturo</strong></span> <span class='ocrx_word' id='word_1_302' title='bbox 392 3337 426 3388; x_wconf 85' lang='lat' dir='ltr'><strong>de</strong></span> <span class='ocrx_word' id='word_1_303' title='bbox 446 3335 474 3388; x_wconf 81' lang='grc' dir='ltr'><strong>θ.</strong></span> <span class='ocrx_word' id='word_1_304' title='bbox 494 3335 643 3389; x_wconf 80' lang='lat' dir='ltr'><strong>Flaminio</strong></span> <span class='ocrx_word' id='word_1_305' title='bbox 697 3337 781 3404; x_wconf 86' lang='grc'><strong>31118</strong></span> <span class='ocrx_word' id='word_1_306' title='bbox 799 3335 985 3402; x_wconf 77' lang='grc' dir='ltr'><strong>Ρ1111111111111</strong></span> <span class='ocrx_word' id='word_1_307' title='bbox 1002 3342 1035 3388; x_wconf 74' lang='lat'><strong>20</strong></span> <span class='ocrx_word' id='word_1_308' title='bbox 1053 3335 1185 3406; x_wconf 77' lang='grc'><strong>1111111111</strong></span> 
     </span>
     <span class='ocr_line' id='line_1_39' title="bbox 220 3401 1187 3472; baseline 0.004 -20"><span class='ocrx_word' id='word_1_309' title='bbox 220 3401 356 3453; x_wconf 87' lang='lat' dir='ltr'><strong>seueritas</strong></span> <span class='ocrx_word' id='word_1_310' title='bbox 374 3401 545 3468; x_wconf 75' lang='lat' dir='ltr'><strong>appellanda</strong></span> <span class='ocrx_word' id='word_1_311' title='bbox 562 3404 572 3471; x_wconf 93' lang='grc'><strong>11</strong></span> <span class='ocrx_word' id='word_1_312' title='bbox 589 3409 622 3456; x_wconf 76' lang='lat'><strong>22</strong></span> <span class='ocrx_word' id='word_1_313' title='bbox 640 3404 687 3456; x_wconf 92' lang='lat' dir='ltr'><strong>uel</strong></span> <span class='ocrx_word' id='word_1_314' title='bbox 703 3402 831 3472; x_wconf 82' lang='lat' dir='ltr'><strong>pontifex</strong></span> <span class='ocrx_word' id='word_1_315' title='bbox 848 3403 963 3470; x_wconf 83' lang='lat' dir='ltr'><strong>plossam</strong></span> <span class='ocrx_word' id='word_1_316' title='bbox 977 3407 1063 3470; x_wconf 71' lang='lat' dir='ltr'><strong>pedat</strong></span> <span class='ocrx_word' id='word_1_317' title='bbox 1083 3401 1187 3468; x_wconf 65' lang='grc'><strong>0111111,</strong></span> 
     </span>
    </p>
   </div>
   <div class='ocr_carea' id='block_1_5' title="bbox 219 3467 1186 3587">
    <p class='ocr_par' dir='ltr' id='par_1_11' title="bbox 219 3467 1186 3587">
     <span class='ocr_line' id='line_1_40' title="bbox 220 3467 1186 3540; baseline 0.009 -24"><span class='ocrx_word' id='word_1_318' title='bbox 220 3467 334 3518; x_wconf 77' lang='lat' dir='ltr'><strong>iactarat</strong></span> <span class='ocrx_word' id='word_1_319' title='bbox 352 3467 451 3532; x_wconf 84' lang='lat' dir='ltr'><strong>Halm,</strong></span> <span class='ocrx_word' id='word_1_320' title='bbox 469 3485 507 3521; x_wconf 83' lang='lat' dir='ltr'><strong>arr</strong></span> <span class='ocrx_word' id='word_1_321' title='bbox 527 3486 544 3523; x_wconf 90' lang='lat' dir='ltr'><strong>a</strong></span> <span class='ocrx_word' id='word_1_322' title='bbox 561 3471 607 3524; x_wconf 84' lang='lat' dir='ltr'><strong>ael</strong></span> <span class='ocrx_word' id='word_1_323' title='bbox 626 3487 660 3524; x_wconf 87' lang='lat' dir='ltr'><strong>ex</strong></span> <span class='ocrx_word' id='word_1_324' title='bbox 676 3468 833 3538; x_wconf 77' lang='lat' dir='ltr'><strong>pontifice?</strong></span> <span class='ocrx_word' id='word_1_325' title='bbox 852 3469 953 3524; x_wconf 70' lang='lat' dir='ltr'><strong>Gerae*</strong></span> <span class='ocrx_word' id='word_1_326' title='bbox 976 3471 986 3538; x_wconf 94' lang='grc'><strong>11</strong></span> <span class='ocrx_word' id='word_1_327' title='bbox 1007 3477 1040 3525; x_wconf 77' lang='lat'><strong>23</strong></span> <span class='ocrx_word' id='word_1_328' title='bbox 1059 3470 1186 3540; x_wconf 75' lang='lat' dir='ltr'><strong>cinerisu</strong></span> 
     </span>
     <span class='ocr_line' id='line_1_41' title="bbox 219 3531 505 3587; baseline 0.021 -6"><span class='ocrx_word' id='word_1_329' title='bbox 219 3535 253 3582; x_wconf 76' lang='lat'><strong>26</strong></span> <span class='ocrx_word' id='word_1_330' title='bbox 271 3531 388 3586; x_wconf 86' lang='lat' dir='ltr'><strong>ueheret</strong></span> <span class='ocrx_word' id='word_1_331' title='bbox 405 3533 505 3587; x_wconf 80' lang='lat' dir='ltr'><strong>Novak</strong></span> 
     </span>
    </p>
   </div>
   <div class='ocr_carea' id='block_1_6' title="bbox 0 0 1298 3950">
    <p class='ocr_par' dir='ltr' id='par_1_12' title="bbox 0 0 1298 3950">
     <span class='ocr_line' id='line_1_42' title="bbox 0 0 1298 3950; baseline 0 0"><span class='ocrx_word' id='word_1_332' title='bbox 0 0 1298 3950; x_wconf 95' lang='lat' dir='ltr'><strong> </strong></span> 
     </span>
    </p>
   </div>
  </div>
 </body>
</html>
