2562 3950
286 175 354 231 LIB.
368 175 430 230 VII.
460 174 539 236 OAP.
558 180 672 239 5‚1-e.
710 175 786 231 CAP.
806 181 868 244 e,1.
997 178 1062 244 555

9 355 10 358 ’
79 335 231 396 ultimam
257 353 375 410 pugnae
402 336 520 410 partem
548 336 732 394 secesserunt
760 333 972 411 destrictisque
995 335 1061 410 gla-

9 469 10 474 ,
80 420 164 493 diis,
199 437 274 496 quos
302 419 381 479 inter
408 419 525 479 tunicas
552 421 584 478 et
605 418 711 478 loricas
733 419 901 498 habebant,
929 420 1059 496 poplites

9 553 10 560 ,
80 505 290 582 pugnantium
311 502 517 564 Romanorum
539 503 719 564 oeciderunt.

454 673 508 732 Dll
530 670 700 731 AMBITV.

8 783 10 818 ἐ
54 787 69 828 e
156 772 192 844 Q.
209 774 312 834 Aelius
334 773 462 846 Tubero,
484 793 503 833 a
526 773 561 844 Q.
584 772 677 832 Fabio
700 771 830 832 Maximo
852 774 974 850 epulum
995 777 1109 850 po-5,1

8 869 10 904 1
83 859 161 935 pulo
190 858 311 918 nomine
338 859 374 918 P.
397 858 531 918 Africani
559 858 659 934 patrui
686 857 733 918 sui
763 857 852 918 dante
875 862 999 935 rogatus
1021 861 1057 919 ut

83 943 260 1004 triclinium
283 945 440 1016 sterneret,
462 944 556 1003 lectos
577 942 746 1002 Punicanos
768 942 898 1018 pellibus
919 942 1056 1003 haedinis

8 1067 9 1072 κ
84 1027 202 1089 strauit
230 1030 261 1088 et
287 1046 342 1104 pro
370 1027 521 1105 argenteis
546 1027 627 1088 uasis
651 1027 750 1086 Samia
778 1027 926 1103 exposuit.
971 1029 1056 1089 euius

8 1123 10 1158 ἰ
84 1114 133 1172 rei
156 1112 331 1172 deformitas
346 1112 388 1172 sic
402 1130 505 1172 omnes
520 1111 654 1185 offendit,
679 1114 722 1184 ut,
746 1130 814 1171 cum
829 1113 956 1174 comitiis
970 1131 1057 1189 prae·

8 1211 9 1244 2
44 1197 178 1258 roteriis
200 1196 376 1257 candidatus
397 1197 430 1257 in
451 1197 550 1256 forum
565 1196 777 1272 descendisset,
800 1197 919 1274 repulsa
933 1201 1056 1259 notatus

87 1281 265 1343 discederet.

153 1367 188 1426 P.
211 1366 333 1442 Nasica,
360 1366 386 1425 is
416 1365 468 1443 qui
490 1360 596 1426 consul
617 1365 780 1442 Iugurthae
802 1365 915 1424 bellum
937 1366 1056 1440 indixit,
1075 1371 1092 1420 2

86 1454 142 1528 qui
164 1453 290 1512 matrem
312 1450 432 1510 Idaeam
454 1449 649 1510 sanctissimis
671 1449 809 1509 manibus
836 1449 966 1525 excepit,
990 1469 1058 1510 cum

88 1535 275 1597 aedilitatem
298 1534 430 1595 curulem
445 1537 563 1610 peteret
577 1552 757 1609 manumque
773 1533 928 1594 cuiusdam
946 1536 1057 1596 rustico

47 1636 75 1678 re
88 1639 180 1697 opere
215 1620 352 1680 duratam
380 1619 602 1697 adprendisset,
635 1618 694 1678 ioci
727 1619 825 1694 gratia
856 1619 1058 1696 interrogauit

89 1725 159 1765 eum
180 1724 220 1765 an
240 1704 380 1764 manibus
403 1704 511 1765 solitus
533 1705 613 1764 esset
634 1702 799 1763 ambulare.
827 1704 909 1779 quod
932 1704 1055 1778 dictum,

90 1809 158 1850 eum
181 1789 218 1849 ad
240 1789 386 1864 populum
400 1790 561 1862 manasset,
585 1806 673 1848 cause
687 1789 824 1865 repulsae
840 1788 1001 1864 Scipionis
1022 1789 1055 1848 ‘t.

154 1874 189 1933 1.
205 1874 352 1934 Aemilius
366 1873 489 1946 Paulus,
512 1892 579 1933 cum
602 1873 781 1949 aliquotiens
803 1874 915 1932 frustra
930 1873 1056 1949 petisset
1073 1881 1089 1930 3

91 1958 288 2032 consulatum,
311 1957 433 2019 tandem
455 1958 501 2018 bis
523 1959 628 2019 consul
650 1975 814 2033 censorque
837 1958 934 2017 fectus
957 1962 1012 2020 est.

52 2061 79 2101 so
156 2044 192 2116 Q.
215 2043 371 2103 Metellum
398 2045 486 2119 pauci
513 2046 544 2103 et
572 2043 679 2103 meesti
706 2043 794 2102 amici
816 2043 989 2102 consulatus
1011 2049 1091 2102 re·4

92 2130 178 2206 pulsa
199 2128 361 2205 adflictum,
384 2128 508 2188 tristitia
529 2147 564 2188 ac
586 2146 717 2188 maerore
737 2127 860 2203 plenum
875 2128 997 2188 domum
1012 2145 1057 2186 re·

93 2214 250 2273 duxerunt.
736 2223 742 2233 '

154 2299 189 2357 L.
214 2297 298 2357 Sulla
319 2297 442 2373 repulsa
463 2298 620 2373 praeturae
642 2295 822 2373 suggillatus
845 2300 902 2356 est.
1073 2301 1090 2351 ὅ

154 2383 194 2443 M.
210 2383 334 2443 Porcius
357 2381 429 2443 Octo
451 2384 621 2458 praeturam
642 2384 747 2456 petens
770 2381 912 2457 consequi
933 2381 1018 2440 illam
1039 2387 1090 2440 ae

56 2483 81 2524 ss
94 2469 199 2546 populo
220 2486 282 2528 non
303 2467 411 2543 potuit.

133 2637 185 2696 DE
214 2635 388 2697 LEGIBVS
418 2634 470 2694 ET
504 2633 683 2693 IMPERIIS
718 2632 1013 2694 TRVOVLENTIS.

154 2755 279 2832 Aliquot
306 2754 439 2813 aduersis
461 2753 583 2828 proeliis
606 2753 734 2812 secundo
756 2751 869 2813 Punico
892 2752 971 2812 bello
995 2771 1042 2812 ex·
1055 2755 1107 2821 6,1

95 2839 196 2898 hausta
212 2839 368 2898 iuuentute
383 2838 515 2898 Romane
531 2836 599 2896 lib.
615 2836 768 2897 Gracchus
791 2855 849 2897 cos.
872 2837 988 2897 censuit
1008 2838 1053 2896 ut‘

96 2922 209 2998 publice
240 2921 318 2982 serui
348 2922 385 2981 ad
412 2940 499 2981 usum
526 2921 794 2998 propulsandorum
822 2921 955 2981 hostium
978 2939 1056 2984 eme-

63 3010 209 3084 serentur,
238 3026 330 3083 eaque
357 3007 394 3066 de
415 3026 448 3066 re
469 3024 523 3083 per
544 3006 680 3066 tribunos
702 3007 744 3082 pl.
768 3005 804 3065 ed
826 3006 972 3082 populum
993 3006 1057 3068 lata

96 3094 244 3170 rogatione
266 3094 328 3151 tres
351 3093 441 3152 creati
463 3094 535 3152 sunt
556 3091 631 3169 uiri,
659 3092 711 3167 qui
733 3107 827 3148 xx1111
849 3090 935 3150 milia
957 3109 1057 3152 seruo·

97 3198 158 3238 rum
186 3180 435 3254 conparauerunt.
480 3195 515 3235 ex
536 3174 649 3252 Apulia
677 3176 767 3235 etiam
795 3180 821 3235 et
849 3195 865 3234 e
887 3174 1056 3237 Paediculis

98 3280 191 3324 oenxx
213 3262 251 3322 ad
272 3261 512 3338 supplementum
534 3261 684 3338 equitatus
707 3263 777 3320 sunt
799 3260 901 3336 empti.
919 3292 957 3303 -
981 3258 1058 3320 Oan-

7 3467 10 3510 ,
141 3433 174 3507 ⁸5
192 3425 344 3480 maximum
358 3427 396 3495 116
414 3425 505 3504 patris
515 3427 552 3494 l⁷
570 3425 652 3479 immo
669 3422 789 3501 lectulos
805 3422 893 3478 Halm
911 3423 970 3478 coll.
982 3424 1055 3482 Isid.

17 3551 23 3558 ,
101 3494 185 3573 decep,
204 3495 267 3551 XX
282 3498 354 3574 31ss
377 3495 388 3574 ΙΙ
410 3495 520 3549 heduus
544 3494 554 3561 ΙΙ
578 3498 593 3546 9
611 3491 740 3570 hommes
758 3507 772 3546 e
793 3492 855 3547 Vel.
874 3491 975 3548 Geta*
992 3495 1002 3563 ΙΙ
1024 3499 1057 3550 13

7 3637 9 3646 1
99 3563 182 3618 ideam
195 3566 205 3634 ΙΙ
218 3570 249 3619 31
268 3580 324 3618 um
341 3580 391 3632 qu1
407 3577 500 3632 murpo
517 3559 584 3622 cod..
604 3562 716 3627 utrrque
734 3577 769 3620 m.
781 3566 798 3616 1
811 3562 820 3631 ΙΙ
834 3567 866 3618 32
885 3564 915 3616 et
931 3575 983 3619 om.
