2562 3950
233 146 297 210 538
382 142 505 198 meva
524 141 602 198 cAP.
615 149 640 210 a,
650 147 758 198 10-12.
777 142 923 201 laxat-a.
941 142 1025 198 cur.
1038 149 1066 213 4,
1085 149 1149 203 aa.

185 310 216 359 10
298 300 329 360 O.
346 299 496 377 Sulpicius
518 319 641 360 uxorem
668 301 791 377 dimisit,
815 301 894 377 quod
911 319 977 360 eam
993 302 1102 378 capite
1120 306 1218 380 aperto

234 387 307 446 foris
329 390 480 445 uersatam
502 388 695 463 cognouerat.

185 478 217 527 11
299 469 334 541 Q.
357 470 510 530 Antistius
532 470 629 529 Vetus
652 488 776 530 uxorem
798 469 989 545 repudiauit,
1022 472 1115 546 quod
1141 473 1216 530 illan

235 555 267 614 in
294 555 415 631 publico
445 574 512 614 cum
541 555 670 630 quadam
700 555 845 614 libertina
871 555 992 630 uulgari
1023 559 1154 616 secreto
1183 558 1217 615 lo

236 643 377 716 quantem
400 639 526 699 uiderat.

189 731 232 798 12¹
303 724 336 784 P.
350 724 545 799 Sempronius
569 723 687 799 Sophus
709 723 864 799 coniugem
887 741 971 781 suam
994 725 1129 798 repudii
1152 729 1216 785 nota

240 809 364 887 adfecit,
387 809 467 885 quod
490 825 521 867 se
543 810 702 884 ignorante
724 808 812 866 ludos
835 809 1002 882 spectatum
1023 809 1122 869 ierat.

185 895 240 937 M
305 893 531 953 Lacedaemonii
558 892 652 952 libros
675 891 847 951 Archilochi
875 891 998 952 ciuitate
1026 909 1087 952 sua
1119 913 1215 972 expor-

208 951 222 998 ¹
241 979 300 1037 tari
320 979 483 1049 iusserunt,
505 978 587 1053 quod
607 995 710 1036 eorum
724 995 832 1053 parum
847 976 987 1052 pudicam
1005 986 1213 1054 cognouerant

237 1062 405 1123 lectionem.
1221 1075 1231 1110 r

204 1152 220 1201 2
303 1146 500 1205 Athenienses
530 1146 722 1222 Timagoram
750 1146 829 1203 inter
857 1144 989 1204 officium
1021 1147 1213 1207 salutationis

238 1231 362 1289 Darium
386 1249 489 1306 regem
509 1248 592 1288 more
614 1230 714 1306 gentis
736 1229 818 1287 illius
833 1230 988 1289 adulatum
1004 1232 1139 1307 capitali
1155 1251 1213 1307 sup

197 1349 219 1388 0
239 1315 329 1391 plicio
351 1315 544 1390 puniuerunt.

205 1407 221 1455 3
303 1398 465 1475 Cambyses
492 1400 563 1458 mali
591 1397 745 1458 cuiusdam
771 1397 880 1458 iudicis
909 1415 1081 1474 scorpore
1109 1402 1212 1476 pellan

239 1486 404 1544 detractam
432 1484 522 1543 sellas
550 1482 681 1543 intendit
707 1483 739 1541 iu
767 1501 859 1566 eaque
889 1481 984 1540 filium
1007 1484 1230 1545 iudicaturum·-

239 1569 340 1628 seders
361 1569 459 1628 iussit.

418 1752 626 1812 GRAVITER
648 1750 770 1811 DICTA
792 1751 876 1811 AVT
898 1750 1045 1812 FACTA.

190 1854 239 1921 4‚1
306 1856 381 1915 Post
403 1853 588 1914 Cannensem
611 1853 726 1914 cladem
748 1871 893 1928 suspensa
914 1873 946 1912 re
967 1873 994 1925 p.
1018 1859 1152 1916 senatus
1175 1857 1211 1914 de

243 1941 336 2001 creuit
357 1941 404 1999 uti
424 1939 598 1998 Latinorum
620 1939 770 2015 principes
791 1939 823 1997 in
846 1939 980 1997 ordinem
1002 1957 1100 1999 mmm
1124 1942 1211 2000 suble-

241 2028 392 2102 gerentur.
429 2025 481 2082 sed
504 2041 570 2082 cum
585 2022 703 2082 Annius
727 2022 895 2099 Campanus
917 2024 1073 2082 consulem
1099 2033 1226 2103 quoqne!

242 2128 335 2168 unum
358 2107 458 2184 Capua
488 2106 582 2167 creari
605 2108 711 2167 debere
734 2108 862 2184 diceret,
888 2108 1018 2166 Manlius
1043 2108 1208 2187 Torquatus

243 2193 322 2252 filius
350 2193 429 2271 eius,
459 2193 511 2269 qui
533 2192 658 2252 Latinos
686 2191 765 2269 apud
786 2191 922 2252 Veserim
949 2193 1066 2269 inclyta
1099 2195 1209 2255 fuderat

243 2296 355 2355 pugna,
379 2296 468 2354 quam
490 2277 591 2354 potuit
613 2278 693 2337 clara
715 2294 789 2335 uoce
812 2277 1011 2350 denuntiauit,
1036 2279 1152 2354 siquis
1175 2300 1209 2339 so-

243 2363 357 2422 ciorum
378 2364 458 2422 inter
478 2366 578 2438 patres
601 2363 782 2436 conscriptos
805 2363 984 2420 seutentiam
1008 2362 1112 2423 dicere
1131 2383 1209 2424 ausus

243 2450 332 2524 esset,
357 2448 499 2507 continuo
522 2463 553 2504 se
577 2465 644 2505 eum
659 2448 921 2522 interempturum.
940 2478 976 2488 -
994 2446 1132 2508 Manlius
1147 2451 1226 2509 Tor-2²

242 2535 367 2610 quotus,
396 2551 463 2591 cum
486 2531 620 2590 omnium
642 2549 788 2590 consensu
810 2531 997 2590 consulatum
1020 2530 1080 2589 sibi
1107 2534 1208 2594 deferri

244 2617 376 2690 uideret,
405 2618 475 2692 post
497 2615 720 2674 excusationem
740 2615 867 2674 instanti
888 2615 999 2691 populo
1022 2617 1152 2677 ‘alium’
1174 2621 1209 2678 iu·

244 2704 310 2779 quit
332 2702 496 2780 ‘quaerite,
525 2699 671 2777 Quirites,
699 2700 735 2758 ad
759 2719 847 2776 quem
867 2700 946 2758 hunc
967 2699 1117 2760 honorem
1141 2705 1200 2763 dele

244 2788 332 2846 ratis:
359 2805 428 2845 nam
452 2787 476 2844 si
500 2804 546 2843 me
570 2803 673 2861 gerere
696 2785 865 2861 coegeritis„
887 2801 944 2843 nec
965 2803 1020 2860 ego
1042 2804 1147 2847 mores
1168 2808 1207 2848 us

245 2874 322 2931 atros
351 2871 427 2930 ferre
455 2889 509 2929 nec
531 2888 586 2928 uos
609 2888 708 2927 meum
730 2869 887 2944 imperium
910 2869 1039 2928 tolerare
1063 2875 1224 2945 poteritis.i

212 2960 228 3008 2
311 2955 410 3031 Scipio
432 2953 629 3028 Aemilianus
649 2972 717 3013 cum
738 2954 863 3013 haberet
884 2957 1052 3012 consortem
1076 2974 1208 3018 censurae

245 3040 432 3113 Mummium,
456 3039 574 3098 eneruis
596 3040 697 3097 uirum
715 3038 806 3116 uitae,
831 3056 884 3114 pro
906 3038 1011 3096 rostris
1035 3039 1115 3099 dixit
1137 3061 1168 3102 se
1182 3063 1208 3102 er

246 3125 399 3183 maiestate
419 3125 463 3182 rei
484 3142 513 3199 p.
537 3125 637 3183 omnia
658 3127 831 3202 gesturum,
853 3124 880 3181 si
902 3123 960 3181 sibi
982 3123 1062 3181 ciues
1085 3128 1137 3186 uel
1159 3147 1207 3188 uon

247 3207 399 3266 dedissent
423 3208 569 3283 collegam
591 3209 641 3267 nel
664 3209 825 3266 dedissent.
860 3239 901 3250 -
933 3205 1031 3283 Idem,
1055 3227 1126 3269 oum
1150 3213 1203 3274 Ser.

316 3389 328 3435 1
348 3384 480 3451 sulpitius
497 3384 585 3439 Halm
620 3387 719 3454 operto
738 3386 796 3439 cod.
808 3385 903 3450 Halm,
922 3401 971 3440 cm.
983 3385 1082 3440 aasz·
1101 3405 1115 3443 c
1131 3391 1206 3458 Vatl'

248 3453 278 3499 12
297 3448 413 3523 danaum
431 3454 500 3504 Μ
523 3452 533 3518 ΙΙ
559 3459 590 3506 19
608 3469 689 3506 suum
707 3453 810 3507 addidi
827 3468 841 3506 c
862 3452 933 3519 Vct,
951 3467 1003 3508 om.
1022 3454 1084 3510 cod.
1102 3457 1204 3528 Halm!

246 3511 452 3578 subligerentur
465 3517 475 3584 ΙΙ
488 3522 520 3570 29
538 3533 637 3586 gerere
657 3535 722 3572 eum
743 3519 805 3574 Vol.

266 3810 396 3851 A
