2562 3950
213 165 277 230 584
313 163 380 222 nm.
389 162 478 222 unu.
498 163 576 219 oar.
591 170 718 232 rna-r.
736 165 800 221 aa.
814 171 837 224 1.
848 171 872 220 2.
891 164 1016 232 onera,
1024 169 1102 219 1-4.

1276 209 1277 256 l

213 325 279 380 tum
302 321 417 381 dicente
440 320 565 381 ‘sentio’
590 322 690 397 inquit
712 321 777 400 ‘et‚
800 323 826 382 si
847 323 922 381 illud
945 342 1022 399 aqua
1045 343 1109 384 non
1135 345 1197 402 po·
1276 269 1277 350 J

214 409 312 479 tuero,
335 406 422 464 ruina
443 407 649 482 restinguam'.

177 498 221 568 4,
277 490 395 566 Magius
418 488 504 549 Chilo
527 491 568 550 M.
592 490 733 550 Marcello
764 491 858 551 amico
882 509 934 550 suo
963 491 1033 554 sC.
1058 491 1198 554 Caesare

214 574 316 632 datum
339 574 478 648 spiritum
501 593 554 633 sua
576 593 666 633 manu
690 575 809 651 eripuit,
832 576 1007 652 indignatus
1022 577 1080 636 sibi
1096 579 1136 638 ab
1154 599 1196 640 eo
1276 599 1277 648 l

214 677 393 734 quemquam
415 659 578 718 amicorum
600 659 754 735 praeferri.
1210 678 1225 718 5
1276 685 1277 690 ¹

180 751 197 798 5
279 742 312 802 C.
337 743 484 801 Toranius
506 743 732 803 triumuirorum
753 747 855 818 partes
878 749 998 803 secutus
1021 748 1195 823 proscripti

214 828 310 902 patris
334 828 380 885 sui
401 828 544 902 praetorii
565 827 623 885 uiri
644 827 775 886 latebras
799 829 1024 888 centurionibus
1047 830 1159 891 edidit.

180 919 196 966 6
279 911 314 970 L.
338 911 446 969 Villius
469 912 613 988 Annalis,
645 930 711 970 cum
741 912 773 970 in
795 931 930 989 campum
953 913 990 972 ad
1014 917 1196 988 quaestoria

216 995 336 1056 comitia
358 994 413 1054 filii
436 996 614 1054 descendens
630 997 830 1072 proscriptum
847 1015 877 1056 se
894 999 1094 1076 cognouisse,
1122 1019 1193 1060 sce-

215 1080 276 1139 lere
300 1081 408 1140 nelarii
431 1081 546 1138 iuuenis
570 1080 707 1138 effectum
730 1085 777 1139 ost
799 1085 832 1140 ut
854 1081 1046 1140 occideretur.
1209 1100 1236 1139 ιο
1276 1077 1277 1158 J

182 1173 197 1220 ‘l
280 1164 416 1224 Vettium
433 1163 584 1222 Salassum
604 1166 806 1240 proscriptum
829 1169 859 1224 et
881 1167 1026 1225 latentem
1050 1186 1127 1228 uxor
1142 1170 1193 1227 in·

214 1247 424 1307 torticiendum
446 1249 579 1308 tradidit.
1276 1299 1277 1328 J

161 1337 217 1378 ³¹²2
282 1331 418 1408 Scipione
440 1332 581 1392 Africano
611 1333 705 1409 patris
735 1337 764 1392 et
791 1333 890 1409 patrui
918 1336 1091 1393 memoriam
1123 1337 1192 1412 gla·
1276 1337 1277 1340 ’

181 1392 342 1476 1diatorio
371 1436 493 1475 munere
517 1417 697 1493 Carthagine
719 1417 805 1476 Noua
829 1418 997 1477 celebrante
1021 1419 1079 1478 duo
1102 1424 1192 1498 regis

214 1496 270 1559 lilii
296 1521 392 1576 nuper
420 1504 504 1575 patre
532 1505 649 1560 mortuo
678 1503 710 1560 in
738 1502 879 1561 harenam
906 1509 1117 1578 processerunt
1147 1507 1188 1565 de
1207 1518 1233 1557 15

213 1603 307 1662 regno
335 1585 512 1661 pugnaturi,
544 1605 598 1645 nec
625 1603 675 1644 ecs
704 1586 803 1663 Scipio
831 1606 848 1644 a
878 1589 1033 1662 proposito
1061 1607 1191 1650 mouere

214 1667 323 1746 potuit.

179 1761 196 1808 2
278 1753 467 1813 Mithridates
495 1772 562 1812 cum
590 1755 654 1829 ipso
677 1757 761 1828 patre
782 1754 893 1814 bellum
917 1755 953 1840 de
975 1755 1187 1818 dominatione

214 1839 319 1916 gessit.

358 2040 411 2098 Du
436 2039 640 2100 MORTIBVS
664 2039 749 2100 NON
770 2040 1040 2101 VVLGARIBVS.
1203 2061 1231 2101 ao

164 2161 229 2228 12st
279 2158 383 2216 Tullus
394 2158 542 2218 Hostilius
559 2159 683 2219 fulmine
698 2159 775 2217 ictus
787 2178 855 2219 curn
867 2159 954 2219 domo
970 2161 1184 2238 conflagrauit.

181 2253 197 2300 2
279 2242 426 2300 Nuntiata
447 2243 539 2316 clade,
562 2263 636 2318 quae
658 2244 738 2319 apud
760 2245 859 2304 lacum
882 2245 1111 2306 Thrasimenum
1136 2267 1185 2307 ac·
1276 2315 1277 2324 J

214 2326 336 2397 ciderat,
359 2329 455 2387 mator
478 2328 583 2403 sospiti
605 2327 667 2386 filio
690 2328 770 2386 facta
793 2328 882 2387 obuia
904 2331 936 2387 in
953 2330 1100 2403 conplexu
1136 2333 1187 2390 *us

214 2412 372 2487 expirabit.
415 2412 509 2470 altera
536 2416 640 2486 mater,
669 2430 736 2470 cum
764 2412 840 2471 falso
868 2416 970 2472 mortis
996 2413 1050 2472 filii
1072 2418 1184 2474 nuntio

213 2501 327 2554 maesta
349 2496 428 2554 domi
453 2497 576 2568 sederet,
600 2496 638 2554 ad
660 2497 789 2570 primum
812 2503 1002 2573 conspectum
1024 2498 1181 2560 redeuntis
1199 2515 1227 2552 2⁵

216 2581 383 2640 exanimata
405 2584 460 2638 est.
908 2651 910 2657 A

184 2674 201 2722 3
282 2665 330 2723 M'.
346 2665 501 2723 quentius
524 2682 582 2723 cos.
599 2664 666 2722 Tib.
684 2662 807 2724 Gracchi
830 2666 952 2742 collega,
976 2685 1041 2725 cum
1065 2667 1095 2724 in
1112 2665 1184 2727 Cor-

214 2750 282 2822 sica,
307 2769 396 2825 quam
418 2768 512 2824 nuper
535 2749 704 2823 subegerat,
728 2749 917 2818 sacrificaret,
940 2753 1059 2824 receptis
1079 2753 1184 2812 litteris

214 2834 348 2893 decretas
371 2853 388 2891 a
411 2838 514 2892 senatu
538 2834 746 2892 nuntiantibus
769 2834 1002 2909 supplicationes
1024 2836 1063 2894 ob
1079 2854 1126 2896 res
1143 2839 1181 2896 ab

215 2937 250 2978 eo
273 2919 348 2979 hene
370 2922 480 2993 gestas,
503 2918 647 2992 epistulas
670 2918 786 2978 intento
810 2919 910 2977 animo
933 2920 1035 2996 legens
1051 2921 1222 2997 caliginoso

216 3003 321 3062 oborta
343 3003 498 3078 conlapsus
520 3006 589 3061 ante
611 3003 711 3061 focum
733 3006 868 3062 mortuus
890 3003 990 3062 iacuit.
1276 2993 1277 3036 J

178 3094 197 3142 4
280 3086 405 3146 Catulus
421 3107 438 3144 a
454 3087 548 3144 Mario
571 3087 646 3144 mori
669 3087 766 3146 iussus
789 3087 900 3145 recenti
924 3087 1002 3147 calce
1024 3088 1112 3148 inlito
1129 3109 1180 3148 cu·

214 3172 314 3230 biculo
337 3171 489 3246 multoque
512 3171 581 3248 igno
603 3171 798 3247 percalefacto
821 3189 851 3230 se
872 3171 1020 3230 inclusum
1042 3175 1179 3248 peremit.
1276 3167 1277 3240 J

282 3331 334 3384 81.
353 3330 445 3396 lulius,
464 3349 512 3386 em.
531 3333 619 3386 Halm
637 3349 650 3386 e
672 3333 733 3387 Vol.
771 3338 800 3385 11
820 3333 955 3386 salasaum
973 3351 1009 3387 m.
1023 3337 1055 3398 2,
1076 3335 1178 3389 salsum

213 3413 249 3452 m.
262 3402 279 3449 1
292 3399 302 3463 11
315 3403 348 3475 ²4?
365 3399 462 3452 mortis
480 3415 530 3456 cm.
542 3402 552 3467 ll
566 3406 597 3452 27
616 3399 662 3453 M'.
674 3415 733 3480 ocos,
746 3333 782 3455 ih
797 3400 854 3456 cod.
868 3402 923 3468 1128
941 3402 1062 3478 receptis
1079 3402 1182 3456 litteris

214 3463 344 3538 suppleat
362 3479 375 3516 c
397 3464 469 3530 Vol,
487 3482 537 3545 cmv.
556 3467 613 3522 cod.
632 3467 696 3520 Mac
713 3467 801 3544 Halm
819 3470 828 3534 ll
846 3473 878 3520 ἓξ)
896 3469 1092 3546 ¹nuntiantibus
1112 3471 1179 3538 cod,

213 3528 374 3580 nuntiantes
393 3535 591 3599 transpontem
608 3539 673 3588 ante
691 3533 825 3603 epistulas
837 3535 908 3602 Mac,
927 3538 1081 3590 nuntiantia
1092 3536 1182 3592 Halm
1276 3611 1277 3616 ἵ
