<?xml version="1.0" encoding="UTF-8"?>
<!DOCTYPE html PUBLIC "-//W3C//DTD XHTML 1.0 Transitional//EN"
    "http://www.w3.org/TR/xhtml1/DTD/xhtml1-transitional.dtd">
<html xmlns="http://www.w3.org/1999/xhtml" xml:lang="en" lang="en">
 <head>
  <title>
</title>
<meta http-equiv="Content-Type" content="text/html;charset=utf-8" />
  <meta name='ocr-system' content='tesseract 3.04.00' />
  <meta name='ocr-capabilities' content='ocr_page ocr_carea ocr_par ocr_line ocrx_word'/>
</head>
<body>
  <div class='ocr_page' id='page_1' title='image "./valeriimaximifa00nepogoog_0436.png"; bbox 0 0 2606 3958; ppageno 0'>
   <div class='ocr_carea' id='block_1_1' title="bbox 261 145 1120 250">
    <p class='ocr_par' dir='ltr' id='par_1_1' title="bbox 261 145 1120 250">
     <span class='ocr_line' id='line_1_1' title="bbox 261 145 1120 250; baseline 0.009 -18"><span class='ocrx_word' id='word_1_1' title='bbox 261 177 423 246; x_wconf 73' lang='lat' dir='ltr'>onnvnr,</span> <span class='ocrx_word' id='word_1_2' title='bbox 444 185 494 245; x_wconf 65' lang='lat'>51.</span> <span class='ocrx_word' id='word_1_3' title='bbox 505 185 529 232; x_wconf 79' lang='lat' dir='ltr'>a.</span> <span class='ocrx_word' id='word_1_4' title='bbox 548 179 639 245; x_wconf 72' lang='lat' dir='ltr'>axes</span> <span class='ocrx_word' id='word_1_5' title='bbox 655 187 713 234; x_wconf 66' lang='lat' dir='ltr'>aa</span> <span class='ocrx_word' id='word_1_6' title='bbox 745 181 943 247; x_wconf 73' lang='lat' dir='ltr'>V1111‚§1.a.</span> <span class='ocrx_word' id='word_1_7' title='bbox 1030 184 1094 250; x_wconf 86' lang='lat'>395</span> <span class='ocrx_word' id='word_1_8' title='bbox 1116 145 1120 156; x_wconf 47' lang='lat'><strong>⁴</strong></span> 
     </span>
    </p>
   </div>
   <div class='ocr_carea' id='block_1_2' title="bbox 122 330 1119 992">
    <p class='ocr_par' dir='ltr' id='par_1_2' title="bbox 122 330 1093 653">
     <span class='ocr_line' id='line_1_2' title="bbox 187 330 1093 419; baseline 0.006 -23"><span class='ocrx_word' id='word_1_9' title='bbox 187 330 265 396; x_wconf 73' lang='lat' dir='ltr'>Eat.</span> <span class='ocrx_word' id='word_1_10' title='bbox 297 334 326 396; x_wconf 87' lang='lat'>1.</span> <span class='ocrx_word' id='word_1_11' title='bbox 360 331 460 416; x_wconf 90' lang='lat' dir='ltr'>quue</span> <span class='ocrx_word' id='word_1_12' title='bbox 487 333 584 412; x_wconf 85' lang='lat' dir='ltr'>uidit,</span> <span class='ocrx_word' id='word_1_13' title='bbox 618 333 669 397; x_wconf 90' lang='lat' dir='ltr'>eui</span> <span class='ocrx_word' id='word_1_14' title='bbox 695 335 785 398; x_wconf 86' lang='lat' dir='ltr'>nulla</span> <span class='ocrx_word' id='word_1_15' title='bbox 812 356 886 418; x_wconf 88' lang='lat' dir='ltr'>pars</span> <span class='ocrx_word' id='word_1_16' title='bbox 915 337 1093 419; x_wconf 70' lang='lat' dir='ltr'>sapientiae</span> 
     </span>
     <span class='ocr_line' id='line_1_3' title="bbox 122 417 1091 504; baseline 0.005 -23"><span class='ocrx_word' id='word_1_17' title='bbox 122 417 260 481; x_wconf 88' lang='lat' dir='ltr'>obscura</span> <span class='ocrx_word' id='word_1_18' title='bbox 286 417 364 495; x_wconf 86' lang='lat' dir='ltr'>fuit,</span> <span class='ocrx_word' id='word_1_19' title='bbox 394 417 542 482; x_wconf 80' lang='lat' dir='ltr'>Socrates</span> <span class='ocrx_word' id='word_1_20' title='bbox 549 468 559 500; x_wconf 91' lang='lat'><em>‚</em></span> <span class='ocrx_word' id='word_1_21' title='bbox 588 417 720 502; x_wconf 88' lang='lat' dir='ltr'>ideoque</span> <span class='ocrx_word' id='word_1_22' title='bbox 749 441 817 483; x_wconf 92' lang='lat' dir='ltr'>non</span> <span class='ocrx_word' id='word_1_23' title='bbox 845 420 974 486; x_wconf 88' lang='lat' dir='ltr'>erubuit</span> <span class='ocrx_word' id='word_1_24' title='bbox 1001 426 1091 504; x_wconf 88' lang='lat' dir='ltr'>tuno,</span> 
     </span>
     <span class='ocr_line' id='line_1_4' title="bbox 122 502 1092 590; baseline 0.005 -25"><span class='ocrx_word' id='word_1_25' title='bbox 122 522 197 565; x_wconf 89' lang='lat' dir='ltr'>oum</span> <span class='ocrx_word' id='word_1_26' title='bbox 225 502 419 585; x_wconf 87' lang='lat' dir='ltr'>interposita</span> <span class='ocrx_word' id='word_1_27' title='bbox 447 502 626 568; x_wconf 80' lang='lat' dir='ltr'><strong>harundine</strong></span> <span class='ocrx_word' id='word_1_28' title='bbox 659 503 803 568; x_wconf 90' lang='lat' dir='ltr'>cruribus</span> <span class='ocrx_word' id='word_1_29' title='bbox 832 505 896 568; x_wconf 89' lang='lat' dir='ltr'>suis</span> <span class='ocrx_word' id='word_1_30' title='bbox 927 527 1000 570; x_wconf 88' lang='lat' dir='ltr'>cum</span> <span class='ocrx_word' id='word_1_31' title='bbox 1022 529 1092 590; x_wconf 85' lang='lat' dir='ltr'>par·</span> 
     </span>
     <span class='ocr_line' id='line_1_5' title="bbox 125 586 916 653; baseline 0.004 -4"><span class='ocrx_word' id='word_1_32' title='bbox 125 586 209 650; x_wconf 90' lang='lat' dir='ltr'>uulis</span> <span class='ocrx_word' id='word_1_33' title='bbox 232 586 341 650; x_wconf 92' lang='lat' dir='ltr'>filiolis</span> <span class='ocrx_word' id='word_1_34' title='bbox 364 586 476 652; x_wconf 91' lang='lat' dir='ltr'>ludens</span> <span class='ocrx_word' id='word_1_35' title='bbox 499 588 540 651; x_wconf 86' lang='lat' dir='ltr'>ab</span> <span class='ocrx_word' id='word_1_36' title='bbox 564 588 731 653; x_wconf 79' lang='lat' dir='ltr'>Alcibiade</span> <span class='ocrx_word' id='word_1_37' title='bbox 752 589 835 652; x_wconf 91' lang='lat' dir='ltr'>risus</span> <span class='ocrx_word' id='word_1_38' title='bbox 858 593 916 653; x_wconf 84' lang='lat' dir='ltr'>est.</span> 
     </span>
    </p>

    <p class='ocr_par' dir='ltr' id='par_1_3' title="bbox 122 670 1119 992">
     <span class='ocr_line' id='line_1_6' title="bbox 187 670 1119 757; baseline 0.005 -24"><span class='ocrx_word' id='word_1_39' title='bbox 187 670 218 734; x_wconf 82' lang='lat'>2.</span> <span class='ocrx_word' id='word_1_40' title='bbox 253 670 415 736; x_wconf 85' lang='lat' dir='ltr'>Homerus</span> <span class='ocrx_word' id='word_1_41' title='bbox 436 693 572 756; x_wconf 85' lang='lat' dir='ltr'>quoque,</span> <span class='ocrx_word' id='word_1_42' title='bbox 595 673 707 757; x_wconf 84' lang='lat' dir='ltr'>ingeni</span> <span class='ocrx_word' id='word_1_43' title='bbox 730 673 876 737; x_wconf 88' lang='lat' dir='ltr'>caelestis</span> <span class='ocrx_word' id='word_1_44' title='bbox 900 678 1001 754; x_wconf 86' lang='lat' dir='ltr'>uates,</span> <span class='ocrx_word' id='word_1_45' title='bbox 1024 691 1119 739; x_wconf 69' lang='lat' dir='ltr'>none</span> 
     </span>
     <span class='ocr_line' id='line_1_7' title="bbox 122 755 1092 823; baseline 0.005 -5"><span class='ocrx_word' id='word_1_46' title='bbox 122 755 211 818; x_wconf 87' lang='lat' dir='ltr'>aliud</span> <span class='ocrx_word' id='word_1_47' title='bbox 235 758 337 819; x_wconf 89' lang='lat' dir='ltr'>sensit</span> <span class='ocrx_word' id='word_1_48' title='bbox 358 755 648 822; x_wconf 88' lang='lat' dir='ltr'>uehementissimis</span> <span class='ocrx_word' id='word_1_49' title='bbox 663 757 801 822; x_wconf 89' lang='lat' dir='ltr'>Achillis</span> <span class='ocrx_word' id='word_1_50' title='bbox 825 759 975 822; x_wconf 87' lang='lat' dir='ltr'>manibus</span> <span class='ocrx_word' id='word_1_51' title='bbox 997 779 1092 823; x_wconf 84' lang='lat' dir='ltr'>cano·</span> 
     </span>
     <span class='ocr_line' id='line_1_8' title="bbox 123 840 1092 928; baseline 0.004 -24"><span class='ocrx_word' id='word_1_52' title='bbox 123 861 176 904; x_wconf 86' lang='lat' dir='ltr'>ras</span> <span class='ocrx_word' id='word_1_53' title='bbox 190 840 269 904; x_wconf 88' lang='lat' dir='ltr'>fides</span> <span class='ocrx_word' id='word_1_54' title='bbox 284 841 436 924; x_wconf 87' lang='lat' dir='ltr'>aptando,</span> <span class='ocrx_word' id='word_1_55' title='bbox 459 844 496 905; x_wconf 89' lang='lat' dir='ltr'>ut</span> <span class='ocrx_word' id='word_1_56' title='bbox 518 862 628 907; x_wconf 88' lang='lat' dir='ltr'>earum</span> <span class='ocrx_word' id='word_1_57' title='bbox 649 842 788 908; x_wconf 87' lang='lat' dir='ltr'>militare</span> <span class='ocrx_word' id='word_1_58' title='bbox 803 843 901 908; x_wconf 87' lang='lat' dir='ltr'>robur</span> <span class='ocrx_word' id='word_1_59' title='bbox 922 844 989 908; x_wconf 89' lang='lat' dir='ltr'>leni</span> <span class='ocrx_word' id='word_1_60' title='bbox 1003 843 1092 928; x_wconf 84' lang='lat' dir='ltr'>pacis</span> 
     </span>
     <span class='ocr_line' id='line_1_9' title="bbox 122 924 422 992; baseline 0.01 -5"><span class='ocrx_word' id='word_1_61' title='bbox 122 924 230 988; x_wconf 90' lang='lat' dir='ltr'>studio</span> <span class='ocrx_word' id='word_1_62' title='bbox 252 925 422 992; x_wconf 84' lang='lat' dir='ltr'>relaxaret.</span> 
     </span>
    </p>
   </div>
   <div class='ocr_carea' id='block_1_3' title="bbox 185 1109 1030 1188">
    <p class='ocr_par' dir='ltr' id='par_1_4' title="bbox 185 1109 1030 1188">
     <span class='ocr_line' id='line_1_10' title="bbox 185 1109 1030 1188; baseline 0.002 -15"><span class='ocrx_word' id='word_1_63' title='bbox 185 1109 290 1176; x_wconf 87' lang='lat' dir='ltr'><strong>VIIII.</strong></span> <span class='ocrx_word' id='word_1_64' title='bbox 325 1111 501 1188; x_wconf 81' lang='lat' dir='ltr'><strong>QVANTA</strong></span> <span class='ocrx_word' id='word_1_65' title='bbox 524 1109 595 1177; x_wconf 83' lang='lat' dir='ltr'>VIS</span> <span class='ocrx_word' id='word_1_66' title='bbox 618 1111 685 1176; x_wconf 83' lang='lat' dir='ltr'>SIT</span> <span class='ocrx_word' id='word_1_67' title='bbox 707 1111 1030 1188; x_wconf 77' lang='lat' dir='ltr'><strong>ELOQVENTIAE.</strong></span> 
     </span>
    </p>
   </div>
   <div class='ocr_carea' id='block_1_4' title="bbox 119 1229 1130 2672">
    <p class='ocr_par' dir='ltr' id='par_1_5' title="bbox 120 1229 1130 1548">
     <span class='ocr_line' id='line_1_11' title="bbox 166 1229 1130 1314; baseline -0.003 -20"><span class='ocrx_word' id='word_1_68' title='bbox 166 1229 353 1294; x_wconf 88' lang='lat' dir='ltr'>Potentiam</span> <span class='ocrx_word' id='word_1_69' title='bbox 375 1252 453 1294; x_wconf 91' lang='lat' dir='ltr'>uero</span> <span class='ocrx_word' id='word_1_70' title='bbox 469 1230 687 1314; x_wconf 74' lang='lat' dir='ltr'>eloquentiae,</span> <span class='ocrx_word' id='word_1_71' title='bbox 710 1230 772 1294; x_wconf 88' lang='lat' dir='ltr'>etsi</span> <span class='ocrx_word' id='word_1_72' title='bbox 787 1231 960 1314; x_wconf 87' lang='lat' dir='ltr'>plurimum</span> <span class='ocrx_word' id='word_1_73' title='bbox 983 1232 1130 1297; x_wconf 78' lang='lat' dir='ltr'>ualerem</span> 
     </span>
     <span class='ocr_line' id='line_1_12' title="bbox 120 1313 1090 1401; baseline 0.003 -22"><span class='ocrx_word' id='word_1_74' title='bbox 120 1313 424 1394; x_wconf 65' lang='lat' dir='ltr'>animaduertisses,</span> <span class='ocrx_word' id='word_1_75' title='bbox 453 1319 564 1379; x_wconf 85' lang='lat' dir='ltr'>tamen</span> <span class='ocrx_word' id='word_1_76' title='bbox 586 1315 645 1380; x_wconf 92' lang='lat' dir='ltr'>sub</span> <span class='ocrx_word' id='word_1_77' title='bbox 667 1315 809 1399; x_wconf 89' lang='lat' dir='ltr'>propriis</span> <span class='ocrx_word' id='word_1_78' title='bbox 831 1317 1001 1400; x_wconf 84' lang='lat' dir='ltr'>exemplis,</span> <span class='ocrx_word' id='word_1_79' title='bbox 1026 1339 1090 1401; x_wconf 89' lang='lat' dir='ltr'>quo</span> 
     </span>
     <span class='ocr_line' id='line_1_13' title="bbox 120 1399 1090 1484; baseline 0.001 -20"><span class='ocrx_word' id='word_1_80' title='bbox 120 1399 246 1464; x_wconf 87' lang='lat' dir='ltr'>scilicet</span> <span class='ocrx_word' id='word_1_81' title='bbox 273 1399 358 1462; x_wconf 89' lang='lat' dir='ltr'>uires</span> <span class='ocrx_word' id='word_1_82' title='bbox 381 1400 449 1463; x_wconf 91' lang='lat' dir='ltr'>eius</span> <span class='ocrx_word' id='word_1_83' title='bbox 469 1400 653 1464; x_wconf 85' lang='lat' dir='ltr'>testatiores</span> <span class='ocrx_word' id='word_1_84' title='bbox 682 1400 776 1482; x_wconf 86' lang='lat' dir='ltr'>fiant,</span> <span class='ocrx_word' id='word_1_85' title='bbox 804 1402 994 1484; x_wconf 81' lang='lat' dir='ltr'>recognosci</span> <span class='ocrx_word' id='word_1_86' title='bbox 1016 1423 1090 1466; x_wconf 91' lang='lat' dir='ltr'>con·</span> 
     </span>
     <span class='ocr_line' id='line_1_14' title="bbox 120 1483 223 1548; baseline -0.019 0"><span class='ocrx_word' id='word_1_87' title='bbox 120 1483 223 1548; x_wconf 89' lang='lat' dir='ltr'>uenit.</span> 
     </span>
    </p>

    <p class='ocr_par' dir='ltr' id='par_1_6' title="bbox 119 1566 1129 2500">
     <span class='ocr_line' id='line_1_15' title="bbox 189 1566 1090 1652; baseline 0.002 -21"><span class='ocrx_word' id='word_1_88' title='bbox 189 1571 216 1631; x_wconf 93' lang='lat'>1.</span> <span class='ocrx_word' id='word_1_89' title='bbox 250 1567 394 1650; x_wconf 85' lang='lat' dir='ltr'>Regibus</span> <span class='ocrx_word' id='word_1_90' title='bbox 428 1567 548 1631; x_wconf 83' lang='lat' dir='ltr'>exactis</span> <span class='ocrx_word' id='word_1_91' title='bbox 580 1567 673 1651; x_wconf 87' lang='lat' dir='ltr'>plebs</span> <span class='ocrx_word' id='word_1_92' title='bbox 707 1566 864 1631; x_wconf 86' lang='lat' dir='ltr'>dissidens</span> <span class='ocrx_word' id='word_1_93' title='bbox 898 1590 916 1632; x_wconf 88' lang='lat' dir='ltr'>a</span> <span class='ocrx_word' id='word_1_94' title='bbox 944 1570 1090 1652; x_wconf 86' lang='lat' dir='ltr'>patribus</span> 
     </span>
     <span class='ocr_line' id='line_1_16' title="bbox 121 1651 1129 1736; baseline 0.001 -19"><span class='ocrx_word' id='word_1_95' title='bbox 121 1655 212 1719; x_wconf 84' lang='lat' dir='ltr'>iuxta</span> <span class='ocrx_word' id='word_1_96' title='bbox 244 1653 348 1736; x_wconf 88' lang='lat' dir='ltr'>ripam</span> <span class='ocrx_word' id='word_1_97' title='bbox 381 1651 524 1716; x_wconf 88' lang='lat' dir='ltr'>fluminis</span> <span class='ocrx_word' id='word_1_98' title='bbox 552 1651 690 1715; x_wconf 85' lang='lat' dir='ltr'>Anienis</span> <span class='ocrx_word' id='word_1_99' title='bbox 724 1652 759 1715; x_wconf 94' lang='lat' dir='ltr'>in</span> <span class='ocrx_word' id='word_1_100' title='bbox 788 1651 884 1734; x_wconf 90' lang='lat' dir='ltr'>colle,</span> <span class='ocrx_word' id='word_1_101' title='bbox 918 1653 971 1735; x_wconf 91' lang='lat' dir='ltr'>qui</span> <span class='ocrx_word' id='word_1_102' title='bbox 1001 1675 1091 1719; x_wconf 87' lang='lat' dir='ltr'>sacer</span> <span class='ocrx_word' id='word_1_103' title='bbox 1104 1672 1129 1712; x_wconf 73' lang='lat'>1⁵</span> 
     </span>
     <span class='ocr_line' id='line_1_17' title="bbox 122 1737 1089 1824; baseline -0.001 -21"><span class='ocrx_word' id='word_1_104' title='bbox 122 1739 323 1824; x_wconf 86' lang='lat' dir='ltr'>appellatur,</span> <span class='ocrx_word' id='word_1_105' title='bbox 346 1741 471 1800; x_wconf 83' lang='lat' dir='ltr'>armata</span> <span class='ocrx_word' id='word_1_106' title='bbox 494 1737 653 1820; x_wconf 84' lang='lat' dir='ltr'>consedit,</span> <span class='ocrx_word' id='word_1_107' title='bbox 676 1741 808 1820; x_wconf 86' lang='lat' dir='ltr'>eratque</span> <span class='ocrx_word' id='word_1_108' title='bbox 823 1758 890 1800; x_wconf 89' lang='lat' dir='ltr'>non</span> <span class='ocrx_word' id='word_1_109' title='bbox 913 1738 1015 1801; x_wconf 91' lang='lat' dir='ltr'>solum</span> <span class='ocrx_word' id='word_1_110' title='bbox 1037 1737 1089 1803; x_wconf 94' lang='lat' dir='ltr'>de-</span> 
     </span>
     <span class='ocr_line' id='line_1_18' title="bbox 121 1820 1090 1908; baseline -0.001 -19"><span class='ocrx_word' id='word_1_111' title='bbox 121 1825 251 1908; x_wconf 85' lang='lat' dir='ltr'>formis,</span> <span class='ocrx_word' id='word_1_112' title='bbox 274 1824 329 1888; x_wconf 92' lang='lat' dir='ltr'>sed</span> <span class='ocrx_word' id='word_1_113' title='bbox 352 1823 448 1886; x_wconf 91' lang='lat' dir='ltr'>etiam</span> <span class='ocrx_word' id='word_1_114' title='bbox 469 1821 667 1886; x_wconf 88' lang='lat' dir='ltr'>miserrimus</span> <span class='ocrx_word' id='word_1_115' title='bbox 690 1821 737 1885; x_wconf 89' lang='lat' dir='ltr'>rei</span> <span class='ocrx_word' id='word_1_116' title='bbox 758 1820 907 1904; x_wconf 84' lang='lat' dir='ltr'>publicae</span> <span class='ocrx_word' id='word_1_117' title='bbox 928 1825 1047 1906; x_wconf 86' lang='lat' dir='ltr'>status,</span> <span class='ocrx_word' id='word_1_118' title='bbox 1071 1845 1090 1888; x_wconf 98' lang='lat' dir='ltr'>a</span> 
     </span>
     <span class='ocr_line' id='line_1_19' title="bbox 120 1905 1089 1994; baseline -0.002 -20"><span class='ocrx_word' id='word_1_119' title='bbox 120 1911 228 1994; x_wconf 88' lang='lat' dir='ltr'>capite</span> <span class='ocrx_word' id='word_1_120' title='bbox 251 1909 319 1974; x_wconf 90' lang='lat' dir='ltr'>eius</span> <span class='ocrx_word' id='word_1_121' title='bbox 342 1911 448 1972; x_wconf 86' lang='lat' dir='ltr'>cetera</span> <span class='ocrx_word' id='word_1_122' title='bbox 470 1910 561 1990; x_wconf 87' lang='lat' dir='ltr'>parte</span> <span class='ocrx_word' id='word_1_123' title='bbox 589 1906 731 1989; x_wconf 87' lang='lat' dir='ltr'>corporis</span> <span class='ocrx_word' id='word_1_124' title='bbox 758 1905 913 1989; x_wconf 85' lang='lat' dir='ltr'>pestifera</span> <span class='ocrx_word' id='word_1_125' title='bbox 935 1907 1089 1972; x_wconf 89' lang='lat' dir='ltr'>seditione</span> 
     </span>
     <span class='ocr_line' id='line_1_20' title="bbox 121 1990 1090 2075; baseline -0.003 -16"><span class='ocrx_word' id='word_1_126' title='bbox 121 1995 235 2059; x_wconf 88' lang='lat' dir='ltr'>diuisa.</span> <span class='ocrx_word' id='word_1_127' title='bbox 267 2015 305 2058; x_wconf 90' lang='lat' dir='ltr'>ao</span> <span class='ocrx_word' id='word_1_128' title='bbox 319 1994 354 2056; x_wconf 91' lang='lat' dir='ltr'>ni</span> <span class='ocrx_word' id='word_1_129' title='bbox 365 1990 476 2056; x_wconf 86' lang='lat' dir='ltr'>Valeri</span> <span class='ocrx_word' id='word_1_130' title='bbox 490 1991 692 2056; x_wconf 82' lang='lat' dir='ltr'>subuenisset</span> <span class='ocrx_word' id='word_1_131' title='bbox 707 1991 901 2074; x_wconf 75' lang='lat' dir='ltr'>eloquentia,</span> <span class='ocrx_word' id='word_1_132' title='bbox 917 2013 990 2075; x_wconf 90' lang='lat' dir='ltr'>spes</span> <span class='ocrx_word' id='word_1_133' title='bbox 1005 1993 1090 2057; x_wconf 86' lang='lat' dir='ltr'>tanti</span> 
     </span>
     <span class='ocr_line' id='line_1_21' title="bbox 119 2075 1128 2164; baseline -0.007 -22"><span class='ocrx_word' id='word_1_134' title='bbox 119 2079 247 2164; x_wconf 90' lang='lat' dir='ltr'>imperii</span> <span class='ocrx_word' id='word_1_135' title='bbox 268 2080 304 2143; x_wconf 92' lang='lat' dir='ltr'>in</span> <span class='ocrx_word' id='word_1_136' title='bbox 326 2079 397 2162; x_wconf 89' lang='lat' dir='ltr'>ipso</span> <span class='ocrx_word' id='word_1_137' title='bbox 420 2097 521 2160; x_wconf 82' lang='lat' dir='ltr'>paene</span> <span class='ocrx_word' id='word_1_138' title='bbox 551 2080 623 2141; x_wconf 89' lang='lat' dir='ltr'>ortu</span> <span class='ocrx_word' id='word_1_139' title='bbox 646 2097 704 2141; x_wconf 90' lang='lat' dir='ltr'>suo</span> <span class='ocrx_word' id='word_1_140' title='bbox 728 2075 914 2140; x_wconf 88' lang='lat' dir='ltr'>corruisset:</span> <span class='ocrx_word' id='word_1_141' title='bbox 942 2077 970 2140; x_wconf 90' lang='lat' dir='ltr'>is</span> <span class='ocrx_word' id='word_1_142' title='bbox 997 2098 1089 2141; x_wconf 89' lang='lat' dir='ltr'>nam·</span> <span class='ocrx_word' id='word_1_143' title='bbox 1103 2095 1128 2135; x_wconf 79' lang='lat' dir='ltr'>ao</span> 
     </span>
     <span class='ocr_line' id='line_1_22' title="bbox 120 2160 1089 2248; baseline 0 -21"><span class='ocrx_word' id='word_1_144' title='bbox 120 2185 184 2248; x_wconf 90' lang='lat' dir='ltr'>que</span> <span class='ocrx_word' id='word_1_145' title='bbox 207 2163 362 2247; x_wconf 90' lang='lat' dir='ltr'>populum</span> <span class='ocrx_word' id='word_1_146' title='bbox 384 2183 469 2226; x_wconf 86' lang='lat' dir='ltr'>noua</span> <span class='ocrx_word' id='word_1_147' title='bbox 491 2165 524 2225; x_wconf 89' lang='lat' dir='ltr'>et</span> <span class='ocrx_word' id='word_1_148' title='bbox 544 2161 677 2226; x_wconf 86' lang='lat' dir='ltr'>insolita</span> <span class='ocrx_word' id='word_1_149' title='bbox 699 2160 847 2224; x_wconf 83' lang='lat' dir='ltr'>libertate</span> <span class='ocrx_word' id='word_1_150' title='bbox 870 2164 991 2226; x_wconf 87' lang='lat' dir='ltr'>temere</span> <span class='ocrx_word' id='word_1_151' title='bbox 1012 2182 1089 2246; x_wconf 88' lang='lat' dir='ltr'>gau-</span> 
     </span>
     <span class='ocr_line' id='line_1_23' title="bbox 123 2246 1088 2312; baseline 0 -2"><span class='ocrx_word' id='word_1_152' title='bbox 123 2249 253 2311; x_wconf 88' lang='lat' dir='ltr'>dentem</span> <span class='ocrx_word' id='word_1_153' title='bbox 269 2247 415 2312; x_wconf 87' lang='lat' dir='ltr'>oratione</span> <span class='ocrx_word' id='word_1_154' title='bbox 438 2247 478 2309; x_wconf 90' lang='lat' dir='ltr'>ad</span> <span class='ocrx_word' id='word_1_155' title='bbox 500 2246 636 2311; x_wconf 89' lang='lat' dir='ltr'>meliora</span> <span class='ocrx_word' id='word_1_156' title='bbox 651 2248 684 2309; x_wconf 87' lang='lat' dir='ltr'>et</span> <span class='ocrx_word' id='word_1_157' title='bbox 705 2247 834 2309; x_wconf 84' lang='lat' dir='ltr'>seniore</span> <span class='ocrx_word' id='word_1_158' title='bbox 849 2246 985 2310; x_wconf 87' lang='lat' dir='ltr'>consilia</span> <span class='ocrx_word' id='word_1_159' title='bbox 999 2268 1088 2311; x_wconf 89' lang='lat' dir='ltr'>reuo-</span> 
     </span>
     <span class='ocr_line' id='line_1_24' title="bbox 120 2329 1088 2408; baseline 0 -13"><span class='ocrx_word' id='word_1_160' title='bbox 120 2335 228 2396; x_wconf 88' lang='lat' dir='ltr'>catum</span> <span class='ocrx_word' id='word_1_161' title='bbox 260 2330 385 2394; x_wconf 87' lang='lat' dir='ltr'>senatui</span> <span class='ocrx_word' id='word_1_162' title='bbox 411 2330 561 2408; x_wconf 85' lang='lat' dir='ltr'>subiecit,</span> <span class='ocrx_word' id='word_1_163' title='bbox 596 2329 628 2393; x_wconf 92' lang='lat' dir='ltr'>id</span> <span class='ocrx_word' id='word_1_164' title='bbox 657 2331 707 2393; x_wconf 89' lang='lat' dir='ltr'>est</span> <span class='ocrx_word' id='word_1_165' title='bbox 735 2329 847 2394; x_wconf 87' lang='lat' dir='ltr'>urbem</span> <span class='ocrx_word' id='word_1_166' title='bbox 875 2330 949 2394; x_wconf 90' lang='lat' dir='ltr'>urbi</span> <span class='ocrx_word' id='word_1_167' title='bbox 972 2332 1088 2396; x_wconf 85' lang='lat' dir='ltr'>iunxit.</span> 
     </span>
     <span class='ocr_line' id='line_1_25' title="bbox 120 2413 1087 2500; baseline 0 -20"><span class='ocrx_word' id='word_1_168' title='bbox 120 2417 227 2480; x_wconf 87' lang='lat' dir='ltr'>uerbis</span> <span class='ocrx_word' id='word_1_169' title='bbox 239 2434 318 2500; x_wconf 87' lang='lat' dir='ltr'>ergo</span> <span class='ocrx_word' id='word_1_170' title='bbox 330 2413 478 2479; x_wconf 84' lang='lat' dir='ltr'>facundis</span> <span class='ocrx_word' id='word_1_171' title='bbox 490 2417 547 2496; x_wconf 87' lang='lat' dir='ltr'>ira,</span> <span class='ocrx_word' id='word_1_172' title='bbox 564 2415 795 2498; x_wconf 81' lang='lat' dir='ltr'>consternatio,</span> <span class='ocrx_word' id='word_1_173' title='bbox 811 2436 898 2478; x_wconf 88' lang='lat' dir='ltr'>arma</span> <span class='ocrx_word' id='word_1_174' title='bbox 913 2421 1087 2480; x_wconf 87' lang='lat' dir='ltr'>cesserunt.</span> 
     </span>
    </p>

    <p class='ocr_par' dir='ltr' id='par_1_7' title="bbox 120 2497 1129 2672">
     <span class='ocr_line' id='line_1_26' title="bbox 184 2497 1129 2582; baseline -0.001 -18"><span class='ocrx_word' id='word_1_175' title='bbox 184 2501 213 2568; x_wconf 84' lang='lat'>2.</span> <span class='ocrx_word' id='word_1_176' title='bbox 244 2499 331 2576; x_wconf 87' lang='lat' dir='ltr'>Quae</span> <span class='ocrx_word' id='word_1_177' title='bbox 360 2500 458 2563; x_wconf 86' lang='lat' dir='ltr'>etiam</span> <span class='ocrx_word' id='word_1_178' title='bbox 480 2499 645 2563; x_wconf 89' lang='lat' dir='ltr'>Marianos</span> <span class='ocrx_word' id='word_1_179' title='bbox 668 2497 897 2582; x_wconf 82' lang='lat' dir='ltr'>Cinnanosque</span> <span class='ocrx_word' id='word_1_180' title='bbox 919 2522 1088 2565; x_wconf 87' lang='lat' dir='ltr'>mucrones</span> <span class='ocrx_word' id='word_1_181' title='bbox 1102 2517 1129 2556; x_wconf 73' lang='lat'>25</span> 
     </span>
     <span class='ocr_line' id='line_1_27' title="bbox 120 2581 1088 2672; baseline -0.002 -22"><span class='ocrx_word' id='word_1_182' title='bbox 120 2585 226 2650; x_wconf 92' lang='lat' dir='ltr'>ciuilis</span> <span class='ocrx_word' id='word_1_183' title='bbox 249 2584 465 2670; x_wconf 85' lang='lat' dir='ltr'>profundendi</span> <span class='ocrx_word' id='word_1_184' title='bbox 487 2583 656 2668; x_wconf 85' lang='lat' dir='ltr'>sanguinis</span> <span class='ocrx_word' id='word_1_185' title='bbox 680 2584 855 2672; x_wconf 82' lang='lat' dir='ltr'>cupiditate</span> <span class='ocrx_word' id='word_1_186' title='bbox 876 2581 1020 2649; x_wconf 84' lang='lat' dir='ltr'>furentes</span> <span class='ocrx_word' id='word_1_187' title='bbox 1040 2586 1088 2648; x_wconf 89' lang='lat' dir='ltr'>in·</span> 
     </span>
    </p>
   </div>
   <div class='ocr_carea' id='block_1_5' title="bbox 119 2733 1089 3211">
    <p class='ocr_par' dir='ltr' id='par_1_8' title="bbox 119 2733 1089 3211">
     <span class='ocr_line' id='line_1_28' title="bbox 119 2733 1088 2804; baseline -0.002 -12"><span class='ocrx_word' id='word_1_188' title='bbox 119 2738 174 2796; x_wconf 73' lang='lat' dir='ltr'>aa.</span> <span class='ocrx_word' id='word_1_189' title='bbox 185 2738 235 2793; x_wconf 79' lang='lat' dir='ltr'>aab</span> <span class='ocrx_word' id='word_1_190' title='bbox 252 2754 309 2792; x_wconf 85' lang='lat' dir='ltr'>ras.</span> <span class='ocrx_word' id='word_1_191' title='bbox 321 2741 380 2791; x_wconf 79' lang='lat' dir='ltr'>erat</span> <span class='ocrx_word' id='word_1_192' title='bbox 398 2736 419 2804; x_wconf 92' lang='lat' dir='ltr'>l)</span> <span class='ocrx_word' id='word_1_193' title='bbox 432 2734 471 2802; x_wconf 81' lang='lat' dir='ltr'>L,</span> <span class='ocrx_word' id='word_1_194' title='bbox 492 2751 526 2789; x_wconf 74' lang='lat' dir='ltr'>ea</span> <span class='ocrx_word' id='word_1_195' title='bbox 544 2735 736 2804; x_wconf 67' lang='lat' dir='ltr'>dittograptia</span> <span class='ocrx_word' id='word_1_196' title='bbox 752 2751 801 2788; x_wconf 80' lang='lat' dir='ltr'>aa.</span> <span class='ocrx_word' id='word_1_197' title='bbox 821 2733 920 2792; x_wconf 86' lang='lat' dir='ltr'>Scaeu.</span> <span class='ocrx_word' id='word_1_198' title='bbox 939 2740 963 2789; x_wconf 82' lang='lat' dir='ltr'>et</span> <span class='ocrx_word' id='word_1_199' title='bbox 980 2735 1031 2793; x_wconf 86' lang='lat' dir='ltr'>lus.</span> <span class='ocrx_word' id='word_1_200' title='bbox 1044 2751 1088 2790; x_wconf 80' lang='lat' dir='ltr'>or-</span> 
     </span>
     <span class='ocr_line' id='line_1_29' title="bbox 121 2801 1089 2870; baseline -0.002 -10"><span class='ocrx_word' id='word_1_201' title='bbox 121 2811 182 2859; x_wconf 80' lang='lat' dir='ltr'>tam</span> <span class='ocrx_word' id='word_1_202' title='bbox 204 2807 263 2860; x_wconf 75' lang='lat' dir='ltr'>rati</span> <span class='ocrx_word' id='word_1_203' title='bbox 285 2805 391 2860; x_wconf 77' lang='lat' dir='ltr'>dolend.</span> <span class='ocrx_word' id='word_1_204' title='bbox 416 2819 486 2858; x_wconf 71' lang='lat' dir='ltr'>coes.</span> <span class='ocrx_word' id='word_1_205' title='bbox 509 2802 629 2866; x_wconf 75' lang='lat' dir='ltr'>Vahlen,</span> <span class='ocrx_word' id='word_1_206' title='bbox 656 2818 726 2859; x_wconf 78' lang='lat' dir='ltr'>mua.</span> <span class='ocrx_word' id='word_1_207' title='bbox 756 2801 845 2858; x_wconf 76' lang='lat' dir='ltr'>Rhea.</span> <span class='ocrx_word' id='word_1_208' title='bbox 869 2803 921 2856; x_wconf 87' lang='lat' dir='ltr'>XI</span> <span class='ocrx_word' id='word_1_209' title='bbox 935 2819 967 2870; x_wconf 79' lang='lat' dir='ltr'>p.</span> <span class='ocrx_word' id='word_1_210' title='bbox 991 2806 1042 2858; x_wconf 85' lang='lat'>593</span> <span class='ocrx_word' id='word_1_211' title='bbox 1063 2808 1089 2858; x_wconf 77' lang='lat' dir='ltr'>et</span> 
     </span>
     <span class='ocr_line' id='line_1_30' title="bbox 120 2869 690 2943; baseline -0.005 -17"><span class='ocrx_word' id='word_1_212' title='bbox 120 2873 220 2934; x_wconf 83' lang='lat' dir='ltr'>Halm,</span> <span class='ocrx_word' id='word_1_213' title='bbox 239 2873 330 2943; x_wconf 69' lang='lat' dir='ltr'>scenis</span> <span class='ocrx_word' id='word_1_214' title='bbox 348 2873 398 2935; x_wconf 73' lang='lat' dir='ltr'>A’,</span> <span class='ocrx_word' id='word_1_215' title='bbox 416 2870 578 2925; x_wconf 88' lang='lat' dir='ltr'>scurrilibus</span> <span class='ocrx_word' id='word_1_216' title='bbox 599 2869 690 2924; x_wconf 79' lang='lat' dir='ltr'>OEF</span> 
     </span>
     <span class='ocr_line' id='line_1_31' title="bbox 189 2936 1089 3007; baseline 0 -14"><span class='ocrx_word' id='word_1_217' title='bbox 189 2940 380 2994; x_wconf 83' lang='lat' dir='ltr'>3harundine</span> <span class='ocrx_word' id='word_1_218' title='bbox 405 2939 431 2991; x_wconf 90' lang='lat' dir='ltr'><strong><em>L</em></strong></span> <span class='ocrx_word' id='word_1_219' title='bbox 452 2938 539 3007; x_wconf 64' lang='lat' dir='ltr'>Pau,</span> <span class='ocrx_word' id='word_1_220' title='bbox 562 2937 701 2993; x_wconf 88' lang='lat' dir='ltr'>arundine</span> <span class='ocrx_word' id='word_1_221' title='bbox 727 2937 765 2991; x_wconf 64' lang='grc' dir='ltr'>Α1</span> <span class='ocrx_word' id='word_1_222' title='bbox 787 2939 797 3005; x_wconf 86' lang='grc' dir='ltr'>ΙΙ</span> <span class='ocrx_word' id='word_1_223' title='bbox 819 2944 835 2990; x_wconf 83' lang='grc'>4</span> <span class='ocrx_word' id='word_1_224' title='bbox 860 2936 931 2990; x_wconf 89' lang='lat' dir='ltr'>risus</span> <span class='ocrx_word' id='word_1_225' title='bbox 955 2938 1039 3003; x_wconf 78' lang='lat' dir='ltr'>LA1,</span> <span class='ocrx_word' id='word_1_226' title='bbox 1063 2945 1089 2993; x_wconf 82' lang='lat' dir='ltr'>et</span> 
     </span>
     <span class='ocr_line' id='line_1_32' title="bbox 119 3005 1088 3072; baseline -0.002 -10"><span class='ocrx_word' id='word_1_227' title='bbox 119 3021 189 3062; x_wconf 79' lang='lat' dir='ltr'>corr.</span> <span class='ocrx_word' id='word_1_228' title='bbox 213 3023 227 3060; x_wconf 86' lang='lat' dir='ltr'>e</span> <span class='ocrx_word' id='word_1_229' title='bbox 248 3007 324 3060; x_wconf 89' lang='lat' dir='ltr'>nisus</span> <span class='ocrx_word' id='word_1_230' title='bbox 346 3008 430 3072; x_wconf 73' lang='lat' dir='ltr'>Paa,</span> <span class='ocrx_word' id='word_1_231' title='bbox 458 3006 535 3060; x_wconf 86' lang='lat' dir='ltr'>uisus</span> <span class='ocrx_word' id='word_1_232' title='bbox 558 3007 597 3059; x_wconf 56' lang='grc' dir='ltr'>Αἵ</span> <span class='ocrx_word' id='word_1_233' title='bbox 619 3007 723 3071; x_wconf 86' lang='lat' dir='ltr'>Halm;</span> <span class='ocrx_word' id='word_1_234' title='bbox 745 3011 776 3060; x_wconf 83' lang='lat' dir='ltr'>at</span> <span class='ocrx_word' id='word_1_235' title='bbox 797 3021 825 3062; x_wconf 77' lang='lat' dir='ltr'>a.</span> <span class='ocrx_word' id='word_1_236' title='bbox 844 3005 886 3058; x_wconf 88' lang='lat' dir='ltr'>ed.</span> <span class='ocrx_word' id='word_1_237' title='bbox 912 3022 1000 3059; x_wconf 85' lang='lat' dir='ltr'>meam</span> <span class='ocrx_word' id='word_1_238' title='bbox 1022 3007 1088 3060; x_wconf 80' lang='lat' dir='ltr'>mai.</span> 
     </span>
     <span class='ocr_line' id='line_1_33' title="bbox 119 3073 1088 3197; baseline -0.003 -68"><span class='ocrx_word' id='word_1_239' title='bbox 119 3075 170 3197; x_wconf 46' lang='lat' dir='ltr'>qo</span> <span class='ocrx_word' id='word_1_240' title='bbox 189 3073 297 3143; x_wconf 88' lang='lat' dir='ltr'>ingenii</span> <span class='ocrx_word' id='word_1_241' title='bbox 314 3075 342 3126; x_wconf 89' lang='lat' dir='ltr'><strong><em>A</em></strong></span> <span class='ocrx_word' id='word_1_242' title='bbox 358 3074 473 3144; x_wconf 74' lang='lat' dir='ltr'>Halmfl</span> <span class='ocrx_word' id='word_1_243' title='bbox 496 3073 602 3128; x_wconf 76' lang='lat' dir='ltr'>baliut</span> <span class='ocrx_word' id='word_1_244' title='bbox 620 3074 684 3140; x_wconf 60' lang='lat' dir='ltr'>12¹ss</span> <span class='ocrx_word' id='word_1_245' title='bbox 702 3080 716 3126; x_wconf 80' lang='grc'><strong>7</strong></span> <span class='ocrx_word' id='word_1_246' title='bbox 736 3089 832 3126; x_wconf 86' lang='lat' dir='ltr'>earum</span> <span class='ocrx_word' id='word_1_247' title='bbox 850 3074 930 3192; x_wconf 43' lang='grc' dir='ltr'>ξων.</span> <span class='ocrx_word' id='word_1_248' title='bbox 949 3079 1088 3134; x_wconf 70' lang='lat' dir='ltr'>caeram)</span> 
     </span>
     <span class='ocr_line' id='line_1_34' title="bbox 168 3139 1088 3211; baseline 0 -15"><span class='ocrx_word' id='word_1_249' title='bbox 168 3143 215 3210; x_wconf 75' lang='grc'>119</span> <span class='ocrx_word' id='word_1_250' title='bbox 242 3139 384 3206; x_wconf 84' lang='lat' dir='ltr'><strong>QVINTA</strong></span> <span class='ocrx_word' id='word_1_251' title='bbox 410 3143 437 3194; x_wconf 80' lang='lat' dir='ltr'><strong>A</strong></span> <span class='ocrx_word' id='word_1_252' title='bbox 454 3144 465 3211; x_wconf 75' lang='lat' dir='ltr'>ss</span> <span class='ocrx_word' id='word_1_253' title='bbox 482 3141 638 3208; x_wconf 81' lang='lat' dir='ltr'><strong>QVANTA</strong></span> <span class='ocrx_word' id='word_1_254' title='bbox 665 3141 724 3194; x_wconf 87' lang='lat' dir='ltr'>VIS</span> <span class='ocrx_word' id='word_1_255' title='bbox 756 3139 851 3206; x_wconf 83' lang='lat' dir='ltr'><strong>ELOQ</strong></span> <span class='ocrx_word' id='word_1_256' title='bbox 879 3139 1013 3194; x_wconf 81' lang='lat' dir='ltr'><strong>ENTIAE</strong></span> <span class='ocrx_word' id='word_1_257' title='bbox 1040 3141 1088 3196; x_wconf 87' lang='lat' dir='ltr'>ET</span> 
     </span>
    </p>
   </div>
   <div class='ocr_carea' id='block_1_6' title="bbox 119 3215 1089 3432">
    <p class='ocr_par' dir='ltr' id='par_1_9' title="bbox 119 3215 1089 3432">
     <span class='ocr_line' id='line_1_35' title="bbox 119 3215 1088 3294; baseline -0.005 -11"><span class='ocrx_word' id='word_1_258' title='bbox 119 3215 429 3282; x_wconf 76' lang='lat' dir='ltr'><strong>PRONVNTIATION</strong></span> <span class='ocrx_word' id='word_1_259' title='bbox 450 3227 519 3282; x_wconf 82' lang='lat' dir='ltr'>Par.</span> <span class='ocrx_word' id='word_1_260' title='bbox 534 3229 544 3294; x_wconf 82' lang='grc' dir='ltr'>ΙΙ</span> <span class='ocrx_word' id='word_1_261' title='bbox 559 3233 589 3281; x_wconf 86' lang='grc'>11</span> <span class='ocrx_word' id='word_1_262' title='bbox 608 3230 687 3287; x_wconf 84' lang='lat' dir='ltr'>recte,</span> <span class='ocrx_word' id='word_1_263' title='bbox 704 3231 737 3278; x_wconf 79' lang='lat' dir='ltr'>at</span> <span class='ocrx_word' id='word_1_264' title='bbox 754 3225 825 3290; x_wconf 66' lang='lat' dir='ltr'>uid„</span> <span class='ocrx_word' id='word_1_265' title='bbox 846 3224 944 3294; x_wconf 83' lang='lat' dir='ltr'>&lt;iam&gt;</span> <span class='ocrx_word' id='word_1_266' title='bbox 961 3227 1088 3280; x_wconf 86' lang='lat' dir='ltr'>animad-</span> 
     </span>
     <span class='ocr_line' id='line_1_36' title="bbox 119 3292 1089 3364; baseline -0.002 -15"><span class='ocrx_word' id='word_1_267' title='bbox 119 3295 257 3349; x_wconf 87' lang='lat' dir='ltr'>uertimus</span> <span class='ocrx_word' id='word_1_268' title='bbox 271 3294 373 3348; x_wconf 68' lang='lat' dir='ltr'>Gertz·</span> <span class='ocrx_word' id='word_1_269' title='bbox 386 3297 396 3364; x_wconf 87' lang='grc' dir='ltr'>ΙΙ</span> <span class='ocrx_word' id='word_1_270' title='bbox 411 3294 526 3350; x_wconf 76' lang='lat' dir='ltr'>locello</span> <span class='ocrx_word' id='word_1_271' title='bbox 541 3295 613 3348; x_wconf 67' lang='grc' dir='ltr'>ΠΛ</span> <span class='ocrx_word' id='word_1_272' title='bbox 625 3297 635 3364; x_wconf 80' lang='grc' dir='ltr'>ΙΙ</span> <span class='ocrx_word' id='word_1_273' title='bbox 649 3300 680 3347; x_wconf 85' lang='grc'>19</span> <span class='ocrx_word' id='word_1_274' title='bbox 697 3292 788 3347; x_wconf 84' lang='lat' dir='ltr'>usleri</span> <span class='ocrx_word' id='word_1_275' title='bbox 805 3294 866 3347; x_wconf 77' lang='lat' dir='ltr'>LA</span> <span class='ocrx_word' id='word_1_276' title='bbox 898 3293 962 3358; x_wconf 77' lang='lat' dir='ltr'>sort.</span> <span class='ocrx_word' id='word_1_277' title='bbox 975 3294 1089 3348; x_wconf 87' lang='lat' dir='ltr'>Meneni</span> 
     </span>
     <span class='ocr_line' id='line_1_37' title="bbox 120 3362 1088 3432; baseline -0.001 -14"><span class='ocrx_word' id='word_1_278' title='bbox 120 3364 209 3418; x_wconf 83' lang='lat' dir='ltr'>Halm</span> <span class='ocrx_word' id='word_1_279' title='bbox 236 3379 250 3417; x_wconf 83' lang='lat' dir='ltr'>e</span> <span class='ocrx_word' id='word_1_280' title='bbox 275 3363 361 3428; x_wconf 75' lang='lat' dir='ltr'>Pon,</span> <span class='ocrx_word' id='word_1_281' title='bbox 390 3363 440 3431; x_wconf 76' lang='lat' dir='ltr'>qui</span> <span class='ocrx_word' id='word_1_282' title='bbox 467 3363 534 3417; x_wconf 81' lang='lat' dir='ltr'>baec</span> <span class='ocrx_word' id='word_1_283' title='bbox 564 3362 682 3417; x_wconf 76' lang='lat' dir='ltr'>Liuiam</span> <span class='ocrx_word' id='word_1_284' title='bbox 711 3367 820 3415; x_wconf 81' lang='lat' dir='ltr'>secatus</span> <span class='ocrx_word' id='word_1_285' title='bbox 883 3363 998 3416; x_wconf 79' lang='lat' dir='ltr'>aeneaio</span> <span class='ocrx_word' id='word_1_286' title='bbox 1028 3363 1088 3432; x_wconf 78' lang='lat' dir='ltr'>(sic)</span> 
     </span>
    </p>
   </div>
   <div class='ocr_carea' id='block_1_7' title="bbox 117 3429 1089 3623">
    <p class='ocr_par' dir='ltr' id='par_1_10' title="bbox 117 3429 1089 3623">
     <span class='ocr_line' id='line_1_38' title="bbox 117 3429 1089 3536; baseline -0.003 -50"><span class='ocrx_word' id='word_1_287' title='bbox 117 3432 265 3536; x_wconf 67' lang='lat' dir='ltr'>Agrippae</span> <span class='ocrx_word' id='word_1_288' title='bbox 289 3431 404 3509; x_wconf 48' lang='lat' dir='ltr'>tribui&amp;</span> <span class='ocrx_word' id='word_1_289' title='bbox 427 3435 458 3485; x_wconf 82' lang='lat' dir='ltr'>at</span> <span class='ocrx_word' id='word_1_290' title='bbox 482 3447 510 3484; x_wconf 81' lang='lat' dir='ltr'>a.</span> <span class='ocrx_word' id='word_1_291' title='bbox 535 3433 591 3485; x_wconf 76' lang='lat' dir='ltr'>(lic.</span> <span class='ocrx_word' id='word_1_292' title='bbox 614 3430 697 3507; x_wconf 68' lang='lat' dir='ltr'>Brut.</span> <span class='ocrx_word' id='word_1_293' title='bbox 723 3429 851 3509; x_wconf 54' lang='lat' dir='ltr'>²4254l</span> <span class='ocrx_word' id='word_1_294' title='bbox 873 3432 1089 3507; x_wconf 69' lang='lat' dir='ltr'>sacrationem</span> 
     </span>
     <span class='ocr_line' id='line_1_39' title="bbox 117 3498 1088 3623; baseline -0.002 -70"><span class='ocrx_word' id='word_1_295' title='bbox 117 3500 152 3623; x_wconf 51' lang='lat' dir='ltr'>{ab</span> <span class='ocrx_word' id='word_1_296' title='bbox 163 3500 371 3622; x_wconf 43' lang='lat' dir='ltr'>ffigriqqutsroqu</span> <span class='ocrx_word' id='word_1_297' title='bbox 397 3516 448 3554; x_wconf 88' lang='lat' dir='ltr'>sua</span> <span class='ocrx_word' id='word_1_298' title='bbox 476 3499 604 3566; x_wconf 56' lang='lat' dir='ltr'>Gertzlll</span> <span class='ocrx_word' id='word_1_299' title='bbox 618 3505 651 3552; x_wconf 76' lang='lat'>23</span> <span class='ocrx_word' id='word_1_300' title='bbox 676 3498 770 3551; x_wconf 75' lang='lat' dir='ltr'>lunxit</span> <span class='ocrx_word' id='word_1_301' title='bbox 792 3499 883 3564; x_wconf 69' lang='lat' dir='ltr'>(prior</span> <span class='ocrx_word' id='word_1_302' title='bbox 904 3514 914 3549; x_wconf 88' lang='lat' dir='ltr'>r</span> <span class='ocrx_word' id='word_1_303' title='bbox 937 3514 958 3556; x_wconf 82' lang='lat' dir='ltr'>s.</span> <span class='ocrx_word' id='word_1_304' title='bbox 981 3499 1009 3566; x_wconf 84' lang='lat' dir='ltr'>l.)</span> <span class='ocrx_word' id='word_1_305' title='bbox 1027 3498 1054 3551; x_wconf 86' lang='lat' dir='ltr'><strong><em>L</em></strong></span> <span class='ocrx_word' id='word_1_306' title='bbox 1074 3498 1088 3568; x_wconf 82' lang='grc' dir='ltr'>Η</span> 
     </span>
    </p>
   </div>
   <div class='ocr_carea' id='block_1_8' title="bbox 1271 3533 1291 3612">
    <p class='ocr_par' dir='ltr' id='par_1_11' title="bbox 1271 3533 1291 3612">
     <span class='ocr_line' id='line_1_40' title="bbox 1271 3533 1291 3612; baseline 0 0"><span class='ocrx_word' id='word_1_307' title='bbox 1271 3533 1291 3612; x_wconf 78' lang='lat' dir='ltr'>l</span> 
     </span>
    </p>
   </div>
   <div class='ocr_carea' id='block_1_9' title="bbox 0 0 1308 3958">
    <p class='ocr_par' dir='ltr' id='par_1_12' title="bbox 0 0 1308 3958">
     <span class='ocr_line' id='line_1_41' title="bbox 0 0 1308 3958; baseline 0 0"><span class='ocrx_word' id='word_1_308' title='bbox 0 0 1308 3958; x_wconf 95' lang='lat' dir='ltr'> </span> 
     </span>
    </p>
   </div>
  </div>
 </body>
</html>
