2562 3950
395 132 463 188 ΜΒ.
483 131 546 188 vll.
581 130 658 186 OAP.
678 137 816 200 s‚e-1o.
1027 131 1090 199 551

122 292 286 368 scripsisse,
309 293 352 366 ut,
376 291 402 351 si
424 291 497 368 quid
519 290 672 367 superiore
694 289 806 351 iudicio
828 294 927 350 sctum
942 291 978 363 ci,
1000 309 1091 368 quem

122 380 229 454 postea
251 376 424 436 defensurus
446 377 533 450 esset,
556 376 726 436 nociturum
747 375 836 452 foret,
859 393 921 435 non
943 375 1091 436 diotuma

123 480 156 522 se
179 460 336 520 adfirmare
358 463 470 536 posset.

189 545 356 623 Sertorius,
380 565 447 606 cum
469 545 623 605 Lusitanis
644 544 824 620 persuadere
845 543 938 604 uellet
959 563 997 605 ue
1020 554 1123 605 cumo

95 630 268 691 altomanis
290 629 430 690 uniuersa
451 630 645 707 confligerent
667 629 737 705 scie,
760 630 833 688 duos
856 647 948 705 equos
970 630 1003 689 iu
1022 647 1090 690 cou-

125 717 233 790 spectu
255 733 356 774 eorum
379 715 545 790 constituit,
568 715 785 774 ualidissimum
800 713 937 786 alterum,
960 714 1090 774 alterum

123 799 374 874 infirmissimum,
407 818 441 859 so
471 799 577 859 deinde
605 799 698 878 ualidi
732 798 855 858 caudam
883 799 920 857 sb
948 799 1090 858 inbecillo

123 903 195 945 sene
222 885 368 960 paulatim
397 885 492 960 carpi,
527 883 639 943 infirmi
661 882 698 941 eb
720 883 829 942 iuuene
851 883 1025 942 eximiorum
1046 883 1091 942 ui·
1159 939 1167 954 ,

123 970 205 1028 rium
227 970 397 1028 uniuersam
419 968 548 1028 conuelli
569 967 668 1028 iussit.
702 967 944 1044 obtemperatum
965 968 1090 1044 imperio

81 1072 111 1112 ro
126 1057 181 1115 est.
223 1054 275 1113 sed
298 1053 369 1113 dum
390 1053 587 1130 adulescentis
610 1053 731 1113 dextera
752 1053 845 1112 inrito
867 1071 899 1112 ss
920 1051 1091 1130 121132112-

124 1139 214 1210 bore,
244 1138 343 1198 senior
364 1138 563 1197 ministerium
584 1139 739 1198 exsecutus
761 1140 816 1196 est.
860 1140 925 1196 turn
946 1137 1091 1197 barbarae

124 1223 260 1283 contioni
282 1241 425 1299 quorsum
448 1242 481 1281 ea
502 1241 550 1282 res
572 1223 735 1298 pertineret
757 1240 935 1298 cognoscere
958 1223 1091 1298 cupienti

124 1307 253 1367 subiecit
279 1309 349 1382 equi
378 1307 488 1367 caudae
517 1308 643 1366 similem
672 1323 730 1366 esse
758 1309 895 1367 nostrum
918 1307 1090 1380 exercitum,

125 1392 209 1451 cuius
230 1394 331 1467 partes
347 1392 456 1468 aliquis
472 1392 630 1468 adgressus
646 1409 766 1467 carpere
780 1394 894 1466 posset,
916 1391 1091 1452 uniuersum

83 1493 110 1534 re
124 1477 292 1552 opprimere
314 1495 374 1536 non
395 1480 506 1552 posset.

189 1560 301 1620 Fabius
323 1561 480 1634 Maximus,
504 1580 571 1620 cum
593 1559 770 1635 praecipuae
793 1557 979 1619 fortitudinis
1001 1559 1126 1620 Nola-‘1

125 1664 199 1704 num
220 1645 352 1720 peditem
375 1645 466 1704 dubis
487 1645 546 1704 lide
568 1647 739 1719 suspectum
760 1643 897 1719 haberet,
926 1643 1014 1718 plene
1036 1661 1090 1720 pro

125 1729 272 1790 tribunali
293 1730 442 1790 laudando
458 1730 612 1804 omnisque
627 1729 744 1804 generis
759 1729 871 1788 honore
885 1728 1091 1805 prosequendo

126 1814 259 1874 animum
288 1816 352 1874 eius
382 1833 399 1872 a
425 1813 532 1874 Poenis
560 1813 598 1874 ed
626 1812 775 1874 Romanos
803 1812 967 1872 reuocauit.
1012 1813 1092 1873 idem

84 1916 112 1956 so
126 1902 265 1959 strenuae
292 1918 398 1975 operae
420 1891 576 1958 Lucanum
598 1898 732 1974 equitem
755 1915 853 1957 amore
875 1897 967 1956 scorti
989 1897 1093 1972 deper-

37 2049 41 2060 ,
127 1985 247 2044 euntem
270 1984 348 2042 clam
369 1985 554 2044 meretricem
575 1984 723 2042 redimere
745 2000 849 2057 pessus
872 1984 927 2041 est.

190 2069 230 2126 M.
255 2067 396 2128 Volusius
427 2068 531 2128 sedilis
553 2069 594 2144 pl.
618 2067 802 2143 proscriptus
824 2066 981 2142 adsumpto
1004 2064 1126 2126 Isiaoiss

126 2153 233 2214 habitu
255 2153 394 2228 peruias
416 2153 551 2228 publicas
574 2153 681 2229 stipem
703 2154 808 2226 petens
830 2170 865 2211 eo
888 2151 1021 2211 fallaciae
1043 2169 1092 2228 ge-

126 2256 195 2298 nere
217 2237 250 2296 in
272 2238 312 2295 M.
336 2237 422 2297 Bruti
446 2239 541 2298 cestre
562 2237 712 2312 peruenit.

87 2337 114 2378 so
191 2321 312 2382 Sentius
336 2321 515 2381 Saturninus
537 2320 648 2381 Vetulo
677 2339 694 2378 a
716 2319 884 2380 triumuiris
906 2320 1125 2395 proscriptuss

126 2410 297 2483 praeturam
318 2405 494 2479 ementituS,
524 2405 770 2482 praecedentibus
793 2405 888 2464 seruis
915 2405 948 2463 in
969 2403 1092 2463 modum

126 2492 265 2551 lictorum
281 2490 552 2566 adparitorumque‚
567 2490 704 2548 uehicula
722 2487 945 2565 conprehendit,
960 2488 1092 2564 hospitia

127 2575 292 2652 occupauit.
336 2574 428 2649 idern,
451 2579 485 2634 ut
505 2575 648 2634 Puteolos
670 2574 770 2647 uenit,
793 2573 917 2650 perinde
938 2591 973 2632 ac
994 2572 1092 2648 publi-

127 2679 194 2720 cum
221 2660 420 2720 ministerium
448 2679 539 2737 egens
568 2659 713 2734 correptis
740 2658 871 2735 nauigiis
899 2657 932 2717 iu
961 2655 1093 2717 Siciliam

88 2761 114 2800 eo
127 2745 253 2808 traiecit.

191 2829 423 2890 Amantissimus
446 2829 567 2906 quidem
589 2827 640 2900 fili,
664 2847 731 2888 oum
747 2846 814 2887 eum
828 2827 866 2887 eb
883 2844 983 2886 amore
998 2826 1092 2886 uellet
1110 2838 1143 2886 10

127 2933 283 2994 reuocare,
310 2914 388 2990 petit
408 2919 444 2974 ut
464 2914 548 2990 prius
571 2932 660 2989 quarn
683 2913 721 2972 ad
744 2931 809 2972 eum
832 2931 923 2987 quem
946 2911 1092 2988 diligebat

127 3000 185 3060 iret
206 2999 378 3076 peruulgari
400 3002 431 3060 et
451 2998 596 3075 permissa
618 3016 724 3060 uenere
746 3000 890 3056 uteretur.
934 2996 1093 3058 obsecutus

197 3174 1092 3302 1121111122(2ιί2οά.1112ο1υωοοά,επ2Η2122272111

130 3216 937 3314 1121221222132222012111212*2721.,
964 3257 1016 3300 om
1035 3259 1065 3300 co

128 3314 215 3369 Halm
252 3249 485 3382 1520201211
506 3283 1091 3382 2112212211]21111121121121212ΒΕ

129 3381 222 3438 ASTV
262 3382 361 3440 Aaou
410 3315 499 3449 2112111
523 3387 556 3435 22
579 3381 616 3434 Μ.
634 3312 740 3434 uolsius
765 3381 774 3450 11
798 3385 831 3435 26
849 3378 950 3458 seruis]
970 3379 1093 3436 addend.

127 3383 760 3518 2211.21101221111122211112111011.2211131
781 3463 819 3504 aa
838 3447 873 3503 ab
892 3447 1095 3519 (inconcesso)

10 3519 11 3524 ’
129 3521 242 3572 amoro?
