2562 3950
188 160 191 166 ·
306 162 421 223 trev.
450 161 854 246 caP.a,a-1o.nxr.r-a.
997 164 1060 232 525

154 321 284 382 Nautius
300 324 332 381 et
345 320 495 381 Minucius
518 338 603 393 coss,
627 338 693 380 cum
715 339 825 396 paucos
848 324 917 381 ante
938 329 1088 382 mensesn

83 407 235 484 populum
253 406 421 466 Romanurn
443 405 654 479 defendissent,
676 405 792 480 †bello‚
815 423 875 482 quo
898 406 1058 466 Tusculani
1137 469 1138 472 ,

83 491 125 552 ab
141 491 255 567 Aequis
277 489 537 567 oppugnabantur,
559 490 598 548 ad
620 493 837 560 sacramentum
859 497 1056 565 prouocantes

86 595 210 636 omnam
233 575 291 634 sihi
313 576 502 635 iuuentutem
524 574 642 634 facilem
664 578 695 635 et
717 574 919 635 uoluntariam
941 577 1054 651 expert'

48 676 70 718 a
85 663 173 720 sunt.

154 742 229 804 Cum
253 744 288 814 Q.
311 743 423 803 Fabius
446 743 578 820 quinque
600 743 806 804 consulatibus
828 743 1000 804 salutariter
1024 762 1057 804 re
1076 751 1092 800 3

83 849 117 906 p.
142 828 353 888 administrata
374 827 564 905 decessisset,
587 848 617 905 p.
632 827 667 889 R.
684 829 828 888 ·certatim
849 845 899 887 aes
921 828 1057 902 contulit,

153 911 188 983 Q.
213 913 371 972 Terentius
394 909 497 972 Culleo
519 913 670 988 praetoria
692 911 806 972 familia
828 915 926 985 nctus,
950 916 1089 989 captust
1112 919 1117 928 '

86 997 241 1074 aPoenis,
264 1016 282 1056 a
305 996 441 1073 Scipione
457 997 599 1057 Africano
623 998 776 1074 superiore
797 998 967 1074 restitutus,
991 1016 1056 1058 our·

37 1099 71 1141 ιο
86 1101 158 1140 rum
180 1083 243 1142 eius
266 1081 406 1158 pilleatus
429 1084 547 1140 secutus
569 1083 625 1141 est.
990 1089 994 1098 '

152 1166 354 1226 Flamininum
386 1166 422 1225 de
453 1165 593 1242 Philippo
626 1185 701 1244 rege
728 1166 964 1242 triumphantem
996 1167 1089 1246 dupe

19 1293 20 1300 .
85 1251 171 1310 milia
193 1251 303 1310 ciuium
324 1250 528 1311 Romanorum
549 1250 672 1327 pilleata
693 1253 795 1312 secuta
816 1253 895 1311 sunt.
1085 1257 1088 1264 '

32 1361 37 1368 ·
151 1334 291 1394 Metellus
305 1334 389 1412 Pius,
412 1336 479 1395 c'um
501 1339 579 1396 esset
599 1353 669 1413 coa,
692 1335 763 1406 aQ.
779 1333 894 1395 Calidio
916 1337 1052 1413 praetore
1070 1344 1085 1392 7

85 1419 173 1494 patre
197 1437 250 1479 suo
272 1422 425 1494 reuocato,
450 1421 503 1496 qui
523 1420 620 1479 fuerat
642 1421 674 1481 in
697 1420 797 1494 exilio,
820 1437 882 1480 non
904 1419 1057 1479 dubitauit

42 1517 72 1559 15
87 1503 162 1578 quin
184 1503 212 1562 ei
234 1504 425 1579 supplicaret.

152 1585 184 1647 C.
207 1588 319 1647 Marius
348 1589 420 1648 duas
449 1587 631 1649 Camertium
663 1588 801 1648 cohortes
833 1587 910 1647 mira
938 1588 1085 1649 uirtutes

19 1719 20 1726 ,
85 1670 150 1730 nim
165 1669 355 1732 Cimbrorum
370 1673 552 1733 sustinentes
573 1673 606 1733 in
627 1672 693 1749 ipsa
708 1672 770 1732 acie
784 1673 908 1732 ciuitate
922 1671 1053 1734 donauit.

19 1803 21 1814 .
151 1755 186 1816 L.
202 1755 292 1816 Sulla
313 1757 345 1817 in
366 1775 492 1818 censura
513 1758 647 1817 uenienti
669 1755 812 1832 Pompeio
834 1756 1002 1816 adsurrexit
1024 1760 1088 1817 ets

19 1863 21 1900 ;
86 1858 164 1916 equo
186 1840 348 1901 descendit.
1032 1855 1037 1862 ·

19 1947 21 1982 z
44 1940 73 1982 ac
153 1925 193 1985 M.
209 1925 340 1986 Cornuto
363 1928 500 2003 praetore
523 1925 613 1987 funus
629 1925 731 1985 Hirtio
754 1928 785 1987 et
798 1925 913 1986 Pansae
935 1925 1051 1986 locante
1072 1936 1103 1985 10

89 2009 141 2085 qui
164 2013 236 2071 tunc
257 2010 409 2071 libitinam
429 2010 601 2087 praestabat
621 2011 785 2088 gratuitam
800 2029 920 2087 operam
941 2011 1052 2087 promi-

86 2096 134 2170 sit,
157 2095 226 2169 quia
247 2096 388 2155 consules
406 2113 459 2170 pro
482 2114 506 2153 r.
530 2115 561 2170 p.
585 2095 809 2155 dimicauerant.

149 2177 337 2240 Mithridates
358 2198 413 2255 pro
435 2178 580 2253 Leonico,
603 2180 744 2240 acerrimo
766 2179 871 2240 salutis
894 2198 963 2240 suae
986 2178 1103 2239 de-ffl‘·
1141 2205 1145 2210 ·

21 2305 22 2310 η
86 2261 210 2338 sensere,
235 2261 390 2322 aRhodiis
412 2263 514 2322 nauali
535 2283 638 2342 pugna
660 2267 782 2340 excepto
802 2283 906 2324 omnes
920 2234 1084 2325 hostium²

45 2366 74 2408 se
88 2346 223 2422 captiuos
244 2347 438 2423 permutauit.

148 2430 270 2491 Attalus
291 2435 442 2508 acceptam
464 2451 482 2491 a
503 2433 612 2509 populo
634 2432 669 2494 R.
692 2432 812 2505 Asiam,
834 2433 985 2508 aequitate
1006 2436 1049 2492 te·
1069 2446 1084 2494 3

87 2517 227 2575 stamenti
247 2519 362 2593 gratus,
385 2517 509 2577 eandem
530 2518 641 2595 populo
663 2517 700 2576 R.
723 2517 855 2592 reliquit.

148 2600 306 2661 Masinissa
332 2619 448 2661 memor
470 2601 617 2678 Scipionis
644 2601 855 2662 beneficiorum
885 2601 966 2660 omni
987 2601 1085 2660 uitat

87 2683 207 2744 domum
237 2685 406 2746 Corneliam
434 2686 534 2747 coluit.
578 2687 678 2764 itaque
705 2686 836 2746 moriens
863 2685 936 2745 haec
949 2685 1049 2745 ,uxori

46 2789 73 2830 eo
88 2769 245 2847 liberisque
267 2771 431 2847 praecepit,
454 2771 594 2830 nnumin
608 2772 697 2832 terris
712 2770 857 2848 populum
871 2769 1048 2844 Romanum,

86 2873 173 2913 unam
196 2855 345 2932 Scipionis
367 2855 487 2915 domum
507 2858 642 2915 nossent.

151 3000 260 3056 abella
280 3017 336 3070 quo
353 2999 494 3056 tusculani
512 3002 579 3069 cod,
598 3000 758 3065 Tusculani,
775 3000 850 3056 bello
869 3015 925 3070 quo
943 3000 973 3053 hi
985 3000 1049 3055 Maa'

86 3065 182 3133 Halm,
211 3085 260 3123 aa.
279 3069 368 3135 bello,
388 3084 444 3137 quo
462 3067 614 3125 Tusculani
631 3071 668 3124 ab
685 3069 792 3136 Aequis
809 3083 886 3138 oppu
928 3068 1049 3146 abantur

87 3135 291 3202 transponendo
308 3151 378 3196 ceca.
396 3141 463 3193 aare
488 3153 553 3191 cum
579 3153 685 3216 paucos
703 3137 813 3204 cenat,
841 3151 901 3214 απ,
923 3135 1048 3216 usculam
1092 3206 1095 3212 1
1201 3184 1204 3190 .

83 3203 495 3350 {attractata}
510 3205 636 3352 irre
649 3208 718 3329 at.
731 3203 1046 3350 'lentesceret

88 3342 118 3391 18
135 3338 205 3406 sylla
222 3340 232 3408 ll
249 3356 279 3393 rn
297 3338 428 3410 censura]
446 3340 529 3396 immo
545 3358 575 3394 1n
594 3340 735 3394 dictatura
751 3339 838 3395 Helm
858 3341 868 3409 ΙΙ
889 3345 921 3394 21
940 3339 1047 3394 hbertr-

86 3421 149 3460 nam
166 3407 223 3476 (aed
240 3422 310 3463 corr.
329 3410 361 3463 in
378 3409 476 3532 inoff.)
498 3410 508 3478 ΙΙ
531 3409 595 3474 fort.
614 3407 1046 3478 praestabant—promiserunt.
1165 3455 1169 3464 .

86 3473 132 3529 esd
147 3474 204 3542 ipse
222 3490 327 3532 arasse
346 3477 407 3531 reid.
449 3492 489 3532 er.
503 3478 557 3546 1122
576 3494 597 3530 r.
609 3477 648 3546 p.]
662 3493 690 3545 p.
702 3493 723 3528 r.
739 3476 749 3544 ΙΙ
761 3474 949 3548 dimica<ntes
967 3491 1046 3531 occu·

87 3542 223 3610 b>uercnt
235 3545 417 3614 probabiliter
437 3545 536 3601 Certa*
549 3547 559 3614 ΙΙ
572 3551 604 3600 26
623 3551 648 3600 et
666 3550 698 3599 ⁶2⁷
717 3560 745 3613 p.
764 3561 787 3604 r.
