2606 3958
212 137 275 202 358
621 133 690 186 nia,
711 133 770 184 ru.

213 339 286 404 VII.
317 339 375 403 DE
402 336 706 403 TESTAMENTIS
737 337 857 412 ossan
883 335 1027 402 SCISSA
1055 335 1181 402 SVNT.

277 456 437 522 Vacemus
465 478 552 520 nunc
581 459 727 540 negotia,
758 459 839 539 quod
868 459 1013 519 actorum
1041 454 1183 518 hominis

215 546 247 622 et
274 543 464 626 praecipuae
493 562 586 605 curae
616 545 648 604 et
677 542 780 604 ultimi
805 545 854 605 est
879 539 1047 623 temporis,
1078 540 1184 604 consi-

217 628 427 710 deremusque
449 647 530 710 quae
552 629 748 689 testamenta
770 631 827 690 ant
847 625 982 690 rescissa
1004 628 1081 688 sunt
1102 625 1184 709 legi-

189 714 295 777 stirne
323 713 411 776 facta
432 715 502 790 aut,
531 731 604 774 cum
631 713 746 775 merito
775 711 913 774 rescindi
935 713 1082 792 possent,
1110 713 1184 773 rata

213 802 419 880 manseram,
447 816 569 879 quaeue
597 795 634 859 ad
665 794 745 859 alios
773 817 868 879 quam
891 796 945 878 qui
968 794 1184 877 expectabant
1288 799 1289 810 ¹

213 883 367 947 honorem
391 880 578 944 hereditatis
599 882 847 944 transtulerunt:
877 881 972 963 atque
994 879 1056 961 ita,
1086 882 1184 943 ntea

213 969 325 1031 ordine
347 988 410 1050 quo
432 966 586 1049 proposui
609 987 756 1048 exequar.

280 1054 307 1119 1.
332 1050 504 1114 Militantis
524 1051 688 1114 cuiusdam
712 1055 818 1132 paler,
842 1070 914 1113 cum
937 1049 976 1112 de
998 1052 1101 1113 morte
1123 1049 1185 1114 filii

176 1158 200 1195 n
213 1138 331 1201 falsum
350 1158 367 1199 e
383 1135 496 1199 castris
512 1135 658 1199 nuntium
676 1136 864 1217 accepisset,
892 1134 956 1218 [qui
971 1137 1042 1197 erat
1055 1133 1183 1219 falsus]

213 1222 284 1285 aliis
306 1220 477 1285 heredibus
499 1221 626 1303 scriptis
649 1221 795 1282 decessit.
833 1218 971 1302 peractis
986 1218 1102 1282 deinde
1125 1220 1183 1283 sti·
1288 1291 1289 1296 .

212 1305 338 1390 pendiis
361 1305 546 1369 adulescens
569 1305 697 1367 domum
721 1306 830 1386 petiit:
858 1324 966 1396 errore
987 1304 1103 1386 patris,
1134 1305 1184 1367 in·
1288 1301 1289 1306 ’

212 1391 367 1475 pudentia
389 1390 566 1454 alienorum
591 1389 749 1472 [domum]
774 1390 834 1451 sibi
858 1389 999 1452 clausam
1021 1390 1182 1471 repperit:

213 1477 289 1558 quid
312 1477 398 1539 enirn
420 1474 485 1538 illis
508 1474 778 1538 inuerecundius?
815 1473 927 1537 florem
951 1473 1100 1536 iuuentae
1122 1494 1184 1556 pro

175 1579 200 1618 15
214 1583 248 1624 re
270 1560 399 1644 publica
415 1561 647 1642 absumpserat,
673 1560 828 1622 maximos
843 1559 969 1622 labores
983 1579 1020 1620 ae
1041 1557 1185 1641 plurima

212 1645 356 1729 pericula
371 1646 567 1709 tolerauerat
576 1692 584 1725 ,
608 1643 741 1706 aduerso
757 1664 890 1725 corpore
906 1645 1057 1724 exceptas
1074 1646 1185 1706 osten-

213 1731 309 1795 debat
331 1731 510 1810 cicatrices,
534 1732 566 1792 et
587 1728 796 1811 postulabant
818 1731 854 1791 ut
876 1728 982 1791 auitos
1005 1728 1073 1791 eius
1097 1727 1183 1792 lares
1288 1723 1289 1730 '

213 1817 316 1879 otiosa
337 1815 398 1898 ipsi
421 1814 494 1878 urbi
515 1835 612 1876 onera
634 1813 844 1896 possiderent.
894 1814 1003 1894 itaque
1026 1813 1185 1894 depositis

214 1900 310 1963 armis
333 1902 460 1963 coactus
483 1901 532 1961 est
553 1897 587 1961 in
603 1897 675 1961 foro
698 1903 842 1980 togatam
864 1896 991 1980 ingredi
1013 1897 1184 1963 militiam:

175 2003 200 2040 20
214 1985 338 2048 acerbe:
371 2004 443 2046 cum
475 1982 709 2064 inprobissimis
744 1983 829 2045 enim
862 1981 1032 2046 heredibus
1059 1981 1098 2045 de
1127 2005 1186 2066 pa·

281 2174 294 2221 1
316 2165 415 2231 QVAE
426 2164 548 2221 SCISSA
557 2164 732 2232 (abscissa
747 2168 822 2235 dett.)
833 2167 929 2220 SVNT
939 2167 1015 2233 LA,
1028 2181 1079 2222 ora.
1093 2166 1186 2222 Halm

213 2251 275 2289 cam
286 2236 365 2297 Par,
378 2235 428 2302 qui
439 2235 498 2288 tria
509 2236 576 2288 haec
588 2235 621 2288 de
639 2237 808 2288 lestarracutis
817 2236 911 2302 capita
919 2236 1022 2290 rectius
1032 2249 1089 2288 mm
1099 2235 1186 2292 tamo

213 2303 415 2372 comprehendit
428 2304 438 2370 l
451 2310 466 2357 3
476 2303 569 2356 ultimi
580 2306 660 2368 (cala.
671 2308 679 2353 i
689 2320 722 2359 m.
732 2307 748 2354 3
758 2313 839 2369 corr.)
851 2303 886 2369 L,
896 2303 996 2356 ultime
1005 2304 1042 2356 Αἱ
1053 2303 1061 2370 ll
1071 2304 1115 2356 est
1124 2309 1186 2367 (aad

214 2377 269 2425 tan.
278 2375 295 2426 3
304 2387 325 2429 a.
335 2372 364 2438 l.)
374 2370 409 2436 L,
425 2371 458 2424 e*
468 2371 549 2440 (corr.
561 2387 601 2425 aa.
612 2376 653 2437 e‘e,
668 2376 695 2422 ul
705 2371 786 2437 aid,)
798 2372 825 2423 A
838 2431 839 2439 ἵ
860 2370 1069 2438 consideremus
1080 2387 1183 2442 quaeq.

213 2441 241 2493 A
254 2441 292 2508 111
311 2455 345 2494 eo
366 2439 464 2493 ordine
483 2455 538 2506 quo
551 2439 651 2500 Halm,
670 2438 717 2490 saa
741 2441 840 2492 rectius
857 2455 891 2492 ea
909 2439 1006 2492 ordine
1025 2454 1081 2506 quo
1100 2439 1187 2495 aem

209 2511 328 2575 11288,
351 2523 384 2560 ea
402 2507 500 2562 ordine
520 2522 576 2574 qua
599 2507 670 2570 LA,
694 2513 758 2559 ante
780 2507 928 2559 Halmium
949 2506 1016 2560 baec
1038 2522 1100 2560 cmm
1117 2506 1146 2577 ἕ,
1167 2515 1184 2563 1

214 2576 467 2645 coalaapebaatmr:
488 2576 581 2642 Atque
606 2576 660 2628 ista
679 2576 710 2626 ut
728 2574 826 2627 ordine
846 2575 904 2640 (ael
923 2574 1016 2641 Atque
1034 2576 1067 2626 ut
1085 2591 1120 2628 ea
1138 2592 1184 2630 or·

214 2645 305 2712 dine),
329 2660 384 2711 quo
402 2643 536 2712 proposui
555 2658 690 2710 exequar.
715 2641 862 2694 militantis
884 2647 945 2710 cta,
970 2641 1064 2708 Atque
1087 2645 1120 2696 ut
1142 2644 1185 2698 in·

214 2714 314 2767 stituto
332 2711 429 2764 ordine
449 2725 521 2779 quae
539 2726 620 2778 prop.
644 2710 763 2777 ll'euel'y
781 2713 851 2761 1884
863 2725 895 2776 p.
912 2711 987 2777 78911
1002 2716 1034 2762 10
1052 2711 1101 2776 qui
1119 2715 1186 2766 erat

213 2781 299 2834 falsus
323 2778 393 2842 LO,
416 2780 500 2846 idque
521 2778 553 2830 ia
575 2779 601 2829 A
624 2793 730 2845 quaque
753 2779 839 2842 salsae
862 2777 1034 2845 connascitur
1056 2794 1070 2830 e
1090 2781 1186 2846 spatio

213 2847 498 2903 mammonam,
517 2859 606 2898 uacuo
623 2847 718 2898 relicto
733 2851 795 2912 post
813 2861 950 2912 casarum,
969 2846 1018 2899 aab
1036 2846 1116 2900 caius
1139 2863 1184 2902 en·

214 2923 301 2970 trema
314 2919 398 2982 parte
415 2915 500 2968 salsus
518 2913 605 2978 faisse
623 2921 753 2980 apparet,
778 2928 828 2966 aaa.
847 2913 949 2978 Halm,
972 2913 1021 2966 ubi
1045 2916 1106 2967 erat
1129 2917 1185 2970 sal-

214 3001 266 3036 uus
284 2984 355 3040 coni,
376 2981 482 3036 Gertz*
500 2983 509 3050 ΙΙ
535 2987 562 3032 11
584 2981 654 3033 alins
679 2982 713 3034 L·
735 2984 744 3048 ΙΙ
765 2989 794 3033 11
818 2981 893 3049 petit
909 2982 981 3045 LA,
1004 2982 1121 3050 repetiit
1137 2985 1186 3039 ael

214 3051 301 3104 rediit
315 3051 429 3115 Germ
451 3054 481 3103 at
493 3065 522 3104 a.
536 3048 573 3105 N.
589 3049 621 3118 Q.
638 3066 667 3115 p.
683 3055 716 3101 111
729 3053 738 3117 ll
751 3048 946 3117 inpudentiam
960 3049 996 3102 L¹
1010 3050 1019 3116 ΙΙ
1034 3055 1065 3103 13
1078 3049 1185 3104 alieno·

214 3136 278 3171 rum
299 3118 420 3186 Weasry
437 3118 454 3173 l,
474 3133 510 3185 a,
530 3116 603 3169 lolem
621 3117 798 3170 dominorum
822 3117 974 3171 coniecerat
993 3132 1023 3184 p.
1041 3120 1087 3184 13,
1112 3119 1186 3172 ami·

214 3202 310 3239 corum
330 3185 388 3240 LA
405 3185 500 3249 Halm,
519 3183 694 3238 inimicorum
713 3202 774 3249 raas,
794 3201 860 3237 nam
877 3184 1185 3253 inpudentiamicorum
1287 3179 1289 3194 ⁴

214 3254 247 3305 a'a
265 3254 403 3323 archetypa
422 3253 508 3317 faisse
519 3252 593 3316 aid,
612 3255 767 3305 calandion
785 3253 808 3305 ll
813 3252 904 3322 'carly
917 3255 926 3321 ss
940 3253 1054 3306 domum
1071 3253 1186 3322 inclusi,

215 3322 371 3374 siccaneis
388 3322 475 3374 Halm
497 3322 506 3387 11
532 3326 561 3372 15
584 3322 729 3373 abadserut
755 3322 772 3371 l.
795 3323 804 3387 [Ι
828 3326 858 3372 11
881 3319 1065 3388 postulabant
1086 3321 1183 3388 Halm,

215 3387 381 3454 postulabat
392 3388 452 3441 LA
464 3390 473 3455 ΙΙ
486 3391 519 3440 ut
531 3386 609 3452 LA¹‚
630 3397 661 3441 ut
680 3390 753 3448 fiA2,
773 3405 806 3441 ne
825 3403 920 3457 aaaron
939 3390 971 3452 A,
989 3389 1022 3440 ut
1038 3403 1074 3440 ne
1093 3404 1107 3443 c
1124 3391 1184 3448 cod.

220 3452 365 3505 Ullraa'cct.
390 3455 540 3508 Tarracius
564 3459 589 3506 at
611 3457 712 3509 Rham>
735 3473 764 3522 p.
789 3461 823 3506 46
844 3457 853 3522 ΙΙ
881 3456 971 3509 abitus
995 3455 1046 3526 l¹¹²
1070 3456 1184 3512 habitos

216 3519 295 3571 L²A¹
310 3521 365 3584 1120
383 3537 482 3574 acerne
502 3522 584 3574 L1A¹
