2590 3948
171 166 212 220 VI
544 165 762 226 PRAEFATIO.

172 317 217 406 (p.
229 321 302 397 432,
318 319 368 404 3),
388 318 418 383 4.
435 320 497 384 ext.
516 320 531 381 1
549 317 594 404 (p
605 319 677 400 440,
694 320 745 401 17)
768 321 951 386 3313311113
966 319 1142 386 Bernensis

172 404 396 470 testimonium
420 425 492 468 cum
507 401 631 468 Halmii
653 404 816 470 lectione?
838 405 893 470 sed
909 407 939 470 A
955 409 1143 472 constanter

172 490 219 554 ibi
243 512 260 556 o
280 489 428 554 uocalem
455 489 490 552 in
512 489 615 554 altera
637 490 761 574 syllaba
782 494 901 556 tuetur.
939 513 975 556 ac
998 512 1039 555 ne
1061 491 1142 556 illud

173 575 301 658 quidem
324 573 455 638 silentio
471 574 706 639 transeundum
721 579 790 640 erat
810 576 840 658 6,
856 576 886 640 6.
904 577 921 639 1
939 579 984 660 (p.
996 576 1068 657 302,
1084 577 1142 664 23)

172 661 207 724 in
230 662 261 723 A
282 659 348 742 legi
372 660 541 742 ptolemeus
563 662 598 724 ut
620 659 650 738 6,
665 659 696 724 4.
712 660 732 725 3
746 660 876 744 (pass,
895 659 949 746 11)
972 664 1005 726 31
1027 661 1142 726 deinde

173 745 219 830 (p.
233 745 306 821 303,
324 745 357 827 1)
371 745 530 826 ptolemeo,
551 744 586 807 in
610 743 768 809 Vaticano
792 745 917 810 Paridis
937 746 1141 827 ptolomaeus.

173 830 271 894 etiam
296 830 323 910 1,
340 829 370 893 6.
395 829 434 892 12
451 829 565 911 (1131,
585 829 638 914 12)
660 829 694 893 in
720 829 877 895 Berncnsi
906 830 1044 895 fortasse
1068 853 1141 896 cum

171 914 287 978 Paride
310 913 387 977 olim
410 911 578 997 legebatur
595 915 820 995 ptolomaidae,
845 935 949 998 noque
972 916 1076 994 enim,
1105 919 1143 980 ut

171 998 318 1064 Halmius
340 997 448 1078 refert,
472 999 576 1061 solum
598 999 661 1063 litt.
679 1001 738 1064 dae
759 1001 794 1063 in
816 1021 877 1068 ras.
894 1001 1032 1084 scriptae
1055 1005 1142 1083 sunt,

171 1084 227 1148 sed
248 1083 346 1148 etiam
366 1082 428 1146 litt.
446 1083 548 1160 131331,
572 1104 652 1166 quae
674 1105 785 1148 uersus
808 1086 949 1168 spatium
972 1085 1141 1168 excedunt,

172 1172 281 1252 aperte
304 1167 439 1232 alteram
461 1188 593 1230 manum
615 1168 763 1252 produnt.
800 1173 896 1253 atque
911 1169 997 1234 hanc
1011 1170 1142 1254 quidem

171 1255 206 1317 in
239 1251 424 1317 nominibus
458 1252 597 1336 propriis
625 1253 757 1337 reliquit
782 1255 959 1338 scripturae
984 1255 1142 1340 ambigui-

171 1341 285 1419 tatem,
309 1337 446 1402 similem
467 1338 502 1401 in
524 1337 596 1400 aliis
618 1339 762 1403 uocibus
800 1360 868 1404 non
883 1339 1032 1422 uitupero
1055 1341 1142 1424 quod

172 1443 316 1490 arcuum
353 1426 539 1486 constanter
571 1422 640 1487 sine
674 1424 870 1507 aspiratione
903 1425 1012 1508 posuit
1045 1425 1141 1489 etiam

171 1507 1141 1659 1111113131111611338111·1111111

171 1683 262 1744 cetur
283 1679 317 1742 in
341 1700 410 1742 eam
434 1678 620 1760 opinionem
642 1679 679 1741 ut
700 1680 802 1761 putet,
826 1678 882 1742 ubi
902 1678 986 1742 nihil
1007 1679 1141 1742 adnota-

172 1768 240 1828 tum
259 1765 302 1828 sit
317 1763 357 1826 ab
372 1761 514 1840 Halmio,
537 1764 647 1825 abesse
670 1763 911 1846 aspirationem,
937 1784 1009 1828 cum
1032 1767 1141 1828 tamen

170 1869 222 1912 res
244 1847 342 1932 longe
365 1845 457 1910 aliter
479 1867 513 1910 se
535 1843 661 1910 habeat.
709 1847 750 1910 31.
773 1852 963 1931 apparatum
993 1851 1141 1913 nostrum

173 1933 319 1997 criticum
342 1931 382 1995 ad
403 1951 457 2014 pp.
475 1930 546 2011 169,
562 1931 599 2014 2,
623 1931 694 2007 328,
716 1932 772 2014 25;
796 1933 868 2014 463,
891 1932 922 1996 4.
961 1933 1046 1997 idem
1068 1954 1141 2017 pro·

171 2019 258 2081 fecto
286 2037 354 2080 non
382 2015 575 2094 1131311319,
598 2015 647 2079 12.
671 2018 775 2081 3118
799 2017 845 2099 (p.
861 2017 939 2096 462,
961 2017 1018 2100 21)
1048 2018 1141 2082 edere

170 2123 267 2177 succa,
279 2123 352 2164 cum
364 2099 537 2165 Bernensis
550 2102 730 2165 luculenter
742 2101 893 2186 exhibeat
902 2122 985 2168 succ.
996 2141 1034 2152 -
1043 2103 1074 2185 3,
1083 2103 1141 2167 42

173 2191 217 2271 (p.
237 2186 308 2268 135,
326 2184 382 2272 21)
404 2185 522 2251 tacitus
551 2185 651 2250 edidit
673 2188 831 2269 Jiuituuuis
852 2187 1084 2270 proculdubio
1107 2188 1141 2251 id

171 2273 206 2336 in
230 2270 388 2335 Berncnsi
410 2273 517 2334 extare
539 2273 640 2352 ratus,
672 2271 726 2354 qui
749 2276 859 2335 tamen
881 2275 989 2355 aperte
1012 2273 1142 2336 exhibet

171 2357 340 2440 piuiiiiuuis.
383 2356 419 2420 in
450 2354 522 2419 aliis
551 2377 676 2440 quoque
705 2356 837 2420 minutis
866 2359 960 2421 rebus
988 2377 1062 2421 raro
1085 2361 1142 2421 aut

171 2440 1032 2609 1111111111111111111
1064 2462 1141 2590 tt

171 2611 263 2676 illum
286 2610 428 2674 codicem
447 2610 558 2693 paucis
581 2609 660 2674 locis
683 2631 758 2675 exce
782 2612 824 2674 tis
848 2612 1050 2694 aliquandiu,
1074 2632 1141 2676 non

172 2696 371 2778 aliquamdiu
397 2694 523 2759 tradere
560 2716 655 2759 nemo
685 2718 722 2759 31
785 2695 872 2760 almii
906 2699 1062 2780 apparatu
1089 2717 1142 2760 co·

172 2802 327 2867 gnoscere
350 2782 463 2863 potest.
501 2779 680 2863 perfectum
701 2781 821 2846 13111111
843 2785 1028 2846 constanter
1049 2779 1141 2845 nulla

172 2867 296 2931 adiecta
319 2864 468 2930 lectionis
490 2865 647 2929 uarietate
670 2865 789 2949 duplici
812 2871 825 2930 1
845 2867 1001 2949 scriptum
1032 2864 1140 2949 edidit,
1267 2919 1268 2948 ,

173 2951 258 3034 quod
280 2972 344 3014 non
368 2949 524 3032 improbo.
569 2949 624 3014 sed
647 2950 758 3014 eadem
780 2951 962 3016 constantia
990 2951 1025 3015 in
1053 2954 1140 3015 utro·

173 3057 235 3120 que
272 3034 500 3119 antiquissimo
537 3034 621 3099 libro
658 3035 799 3119 simplici
831 3041 844 3100 1
879 3040 1044 3116 exaratur,
1080 3057 1142 3101 nec
1267 3041 1268 3132 J

173 3121 308 3186 deerunt
328 3141 463 3204 quorum
486 3119 518 3183 id
541 3120 623 3184 scire
644 3118 782 3185 intersit.

237 3208 289 3270 Ad
309 3206 394 3269 idem
416 3225 519 3290 genus
540 3205 700 3288 pertinere
720 3205 801 3270 mihi
820 3205 947 3270 uidetur
969 3205 1141 3270 discrimen

172 3291 257 3375 quod
286 3291 456 3355 intercedit
484 3291 570 3355 inter
598 3292 789 3375 pronomina
817 3290 1070 3355 demonstratiua
1090 3289 1141 3356 hic
1267 3319 1268 3368 ς

174 3380 206 3441 31
234 3378 276 3459 ia,
310 3395 392 3458 quac
413 3375 447 3438 in
471 3375 579 3440 datiuo
602 3380 635 3439 et
656 3376 799 3440 ablatiuo
822 3376 940 3459 plurali
963 3378 1039 3440 ante
1061 3375 1141 3439 rela-

172 3463 242 3525 tiua
264 3460 369 3544 posita
392 3460 577 3543 saepissime
600 3461 651 3525 uel
674 3461 707 3524 in
731 3461 861 3544 optimis
881 3461 970 3524 libris
987 3459 1141 3524 confundi

172 3568 267 3612 nemo
292 3548 340 3610 est
363 3545 441 3628 quin
464 3544 555 3609 sciat.
600 3544 747 3609 Halmius
777 3548 886 3610 tamen
914 3565 1142 3629 saepenumero
