2606 3952
189 197 251 262 120
600 193 670 250 ure.
687 194 736 250 111.

187 369 282 415 uerae
303 349 432 413 uirtutis
455 347 611 432 effigiem,
640 350 928 431 repraesentemus,
961 367 1032 411 cum
1060 346 1154 411 innu-

187 433 336 499 merabili
358 433 565 498 multitudine
588 436 621 497 et
642 432 742 497 feroci
755 432 880 515 impetu
894 429 1091 496 Neruiorum
1106 431 1154 495 in-

187 519 300 584 clinari
321 519 423 584 aciem
444 539 534 582 suam
556 518 690 602 uideret,
712 517 857 581 timidius
878 517 1039 603 pugnanti
1056 516 1154 581 militi

188 607 315 668 scutum
337 604 478 668 detraxit
499 623 599 686 eoque
619 605 723 667 tectus
743 602 895 666 acerrime
915 601 1065 686 proeliari
1086 621 1155 665 coe·

160 687 1157 856 ⁶thdldttmtlltitulatur„latta

188 858 301 923 ardore
321 857 472 922 restituit.
515 857 599 921 idem
627 857 691 920 alio
712 855 835 941 proelio
857 855 995 940 legionis
1017 853 1156 920 Martiae

188 943 391 1027 aquiliferum
420 942 578 1006 ineundae
606 941 702 1024 fugae
735 941 840 1027 gratia
871 941 935 1004 iam
964 960 1155 1005 conuersum

186 1026 334 1092 faucibus
357 1025 612 1110 conprehensum
640 1027 674 1090 in
697 1025 891 1090 contrariam
912 1029 1037 1108 partem
1059 1029 1081 1106 †
1102 1026 1156 1088 de·

149 1130 176 1169 10
188 1112 287 1176 traxit
309 1112 534 1193 dexteramque
556 1111 596 1175 ad
617 1110 745 1176 hostem
767 1109 903 1175 tendens
931 1117 1072 1175 ‘eorsum
1100 1113 1156 1174 tu’

188 1196 295 1278 inquit
318 1196 421 1259 ‘abiel
449 1194 517 1260 illic
539 1197 616 1259 sunt
642 1217 715 1260 cum
737 1195 852 1279 quibus
874 1196 1086 1260 dimicamus'.
1124 1196 1158 1257 et

188 1280 337 1344 manibus
365 1279 494 1364 quidem
522 1302 623 1344 unum
649 1280 800 1363 militem,
829 1279 1053 1344 adhortatione
1081 1298 1158 1343 uero

188 1369 255 1430 tam
284 1365 351 1429 acri
378 1365 522 1429 omnium
549 1365 716 1451 legionum
743 1365 989 1449 trepidationem
1020 1365 1159 1429 correxit

188 1449 338 1534 uincique
360 1453 490 1534 paratas
512 1450 641 1515 uincere
664 1449 782 1514 docuit

150 1553 176 1592 1⁵
252 1535 304 1600 20.
332 1533 481 1601 Ceterum
504 1538 541 1600 ut
560 1534 721 1599 humanae
736 1533 868 1599 uirtutis
890 1537 997 1598 actum
1020 1553 1155 1617 exequa-

188 1641 269 1703 mur,
293 1642 364 1684 cum
379 1619 547 1685 Hannibal
562 1619 723 1704 Capuam,
745 1620 780 1683 in
801 1640 865 1703 qua
886 1618 1052 1683 Romanus
1068 1639 1157 1682 exer-

188 1704 272 1769 citus
295 1708 380 1788 erat,
410 1706 585 1789 obsideret,
617 1704 730 1769 Vibius
752 1706 877 1768 Accaus
905 1702 1079 1787 Paelignae
1107 1723 1158 1766 co·

187 1789 291 1853 hortis
324 1790 506 1873 praefectus
538 1789 693 1854 uexillum
726 1793 815 1854 trans
843 1787 1001 1852 Punicum
1033 1785 1156 1852 uallum

188 1874 340 1958 proiecit,
375 1895 410 1938 se
437 1874 544 1958 ipsum
571 1894 709 1957 suosque
738 1872 979 1951 conmilitones,
1010 1872 1037 1936 si
1065 1872 1158 1956 signo

151 1981 176 2020 ao
190 1959 299 2023 hostes
320 1958 416 2042 potiti
439 1961 561 2043 essent,
590 1961 770 2037 execratus,
800 1962 834 2023 et
859 1958 900 2022 ad
926 1958 959 2022 id
981 1956 1157 2042 petendum

190 2042 404 2125 subsequente
427 2042 560 2108 cohorte
582 2043 705 2126 primus
727 2044 883 2127 impetum
897 2043 984 2108 fecit.
1021 2041 1108 2127 quod
1124 2043 1159 2104 ut

189 2125 338 2193 Valerius
365 2125 498 2192 Flaccus
527 2128 676 2194 tribunus
709 2131 824 2193 tertiae
852 2127 989 2212 legionis
1021 2125 1158 2211 aspexit,

190 2231 362 2276 conuersus
389 2211 429 2274 ad
457 2233 530 2276 suos
557 2214 778 2297 ‘spectatores'
812 2213 933 2296 inquit,
969 2215 1018 2276 ‘ut
1050 2211 1155 2291 uideo,

190 2295 314 2359 alienae
335 2296 466 2360 uirtutis
485 2295 550 2360 huc
564 2297 722 2380 uenimus,
746 2297 802 2362 sed
817 2297 903 2361 absit
917 2295 1004 2360 istud
1018 2296 1156 2360 dedecus

152 2401 212 2445 ua
235 2379 393 2464 sanguine
415 2385 542 2465 nostro,
566 2385 603 2446 ut
618 2381 757 2447 Romani
779 2382 885 2467 gloria
907 2381 1017 2446 cedere
1032 2379 1159 2445 Latinis

193 2564 755 2713 Καζιῑισνξθῖτῗῇθίἶῗιῗιὲηὺξᾶᾞῑ6111ρί1
772 2566 1158 2714 llblditihludiellardllbmdxl

189 2717 250 2755 urm
267 2701 362 2755 1301)
380 2703 390 2769 ll
408 2708 423 2755 '1
442 2701 510 2755 ordo
529 2702 1008 2771 resbtthA¹lmart1LA¹l8
1027 2699 1155 2768 asqurhf.

191 2768 733 2846 (aedqm.2eths.l.)LliamL
811 2768 1158 2838 .Par.‚om.An9de·

190 2838 277 2890 traxit
294 2837 369 2902 LA,
387 2837 585 2895 retorsrtPar.
629 2838 698 2900 alm,
718 2838 838 2892 retraxit
850 2838 1029 2899 Pera'aom'ue,
1048 2835 1160 2891 derexit

192 2903 307 2972 GerW,
331 2921 370 2958 aa
392 2903 529 2958 detorsit?
554 2907 564 2973 l
589 2911 621 2959 10
643 2922 755 2959 cursum
773 2906 863 2963 L¹A¹.
895 2905 931 2972 cs.
949 2906 988 2961 ad
1002 2919 1032 2972 p.
1051 2907 1098 2970 33,
1117 2907 1160 2970 11,

190 2985 319 3040 quacum
336 2973 419 3026 ΒΔΕ
436 2971 524 3026 Halm
547 2974 557 3040 11
582 2978 614 3026 13
637 2972 821 3027 acrimoniam
844 2973 923 3028 L¹A¹
946 2974 1006 3095 qlo
1024 2967 1159 3039 exsequa-

190 3057 253 3092 mur
270 3040 358 3094 Hclm
381 3043 406 3094 et
429 3043 452 3104 (a
474 3041 591 3107 induet.)
610 3040 638 3092 A
661 3042 672 3109 l
698 3045 729 3093 16
751 3041 780 3093 in
799 3057 857 3108 qua
872 3043 930 3112 eta]
964 3081 970 3094 .
989 3040 1019 3093 Ρ.
1040 3035 1096 3106 quia
1116 3054 1159 3091 rc·

189 3123 288 3162 manue
314 3106 428 3163 exercit’
456 3107 606 3162 obsederat
628 3107 741 3163 defend.
763 3124 859 3178 marpo
881 3110 910 3163 A
931 3126 945 3164 e
967 3110 1051 3170 Par„
1078 3105 1160 3162 Vale·

189 3175 264 3229 rium
282 3175 360 3241 foede
382 3191 486 3231 maen
508 3175 602 3230 docet
622 3175 781 3230 Glareanus
801 3177 861 3232 roll.
880 3178 947 3231 Isiu.
966 3177 1057 3232 XXV
1070 3177 1117 3238 14,
1135 3176 1161 3232 5.

190 3241 225 3307 cs.
245 3243 328 3297 etiam
344 3243 384 3298 N.
405 3241 436 3312 Q.
475 3289 481 3301 .
498 3246 518 3297 8
541 3245 550 3312 l
576 3250 607 3297 17
629 3259 729 3298 accam
746 3245 831 3311 Par..
848 3262 876 3302 a.
897 3247 1036 3311 Haebncr,
1055 3245 1159 3312 quera.

190 3323 277 3386 quarn.
292 3326 322 3378 p.
339 3315 376 3366 23
393 3319 418 3367 et
476 3312 774 3366 aerumnaque.
794 3313 812 3367 l.
836 3328 872 3379 a,
890 3329 990 3368 acceua
1008 3314 1067 3368 LA
1079 3312 1160 3433 ppe-

188 3374 210 3428 h
251 3393 284 3431 ae
303 3378 375 3442 LA,
402 3383 435 3434 at
451 3393 501 3432 noa
518 3380 588 3434 Par.
612 3380 622 3447 ΙΙ
645 3385 676 3434 18
698 3379 805 3434 uallum
828 3380 922 3447 Μ’,
949 3381 1056 3435 bellum
1108 3378 1161 3432 ¹A¹

218 3459 258 3498 ar.
272 3445 282 3512 ΙΙ
297 3451 327 3499 19
345 3461 443 3514 suosq:
462 3444 638 3502 cdmilitones
655 3447 688 3502 ia
705 3464 760 3503 rue.
773 3465 808 3503 m.
820 3451 840 3503 2
850 3450 878 3502 A
891 3451 901 3518 11
917 3449 941 3502 si
958 3449 1038 3519 signo
1055 3450 1088 3502 iu
1105 3461 1161 3500 rue.

190 3513 218 3564 A
236 3527 250 3565 e
266 3514 348 3579 Par,
367 3512 391 3565 ai
408 3529 438 3568 sc
456 3515 495 3581 L,
517 3515 557 3570 cic
573 3519 624 3570 aut
641 3516 666 3569 si
683 3531 717 3570 eo
735 3517 802 3572 dett.
824 3518 834 3586 ΙΙ
851 3523 884 3573 20
901 3519 1062 3572 exsecratus
1079 3513 1162 3571 Pur.¹

194 3579 254 3646 lat
272 3578 389 3634 caedere
407 3580 478 3633 ΠΛ
