2562 3950
238 183 303 248 540
398 181 528 236 Llss.vl.
559 180 637 237 CAP.
655 188 681 248 4,
700 181 762 236 Ext.
777 188 803 239 3.
834 181 912 242 OAP.
932 188 1064 250 a,1-4.
1241 119 1242 204 d

203 353 218 401 ³
299 337 470 400 Alexander
491 340 536 398 his
558 339 662 417 fugato
684 339 791 414 Dario,
822 360 889 400 cum
911 342 940 400 is
963 343 996 402 ei
1021 344 1139 405 filiam
1164 364 1230 404 suen

240 423 435 498 polliceretur
461 442 585 483 uxorem
613 429 644 482 et
672 424 771 484 decies
798 429 921 485 centum
945 429 1042 488 milia
1069 431 1229 490 talentum

239 509 436 567 Parmenione
458 509 592 583 dicente,
615 509 658 566 ‘si
679 508 850 568 Alexander
871 527 989 590 essem,
1016 515 1229 592 accepissent

239 594 394 669 respondit
417 593 466 652 ‘et
487 611 553 669 ego,
576 594 601 651 si
624 593 829 654 Parmenion’.

592 793 647 853 ΒΕ
669 793 860 857 IVSTITIA.

188 903 237 971 5,1
304 894 447 955 Camillus
477 895 610 955 Falerios
639 914 833 972 oppugnare,
868 916 937 956 cum
972 899 1050 960 ludi
1088 905 1229 981 magister

238 980 384 1057 plurimos
406 983 437 1040 et
458 979 661 1040 nobilissim0s
683 979 753 1039 inde
775 999 883 1057 pueros
905 981 942 1040 ed
967 1001 1001 1044 se
1018 989 1226 1062 perduxisset

238 1066 373 1123 uinctum
402 1083 470 1123 eum
497 1066 657 1140 puerisque
686 1065 829 1124 traditum
851 1066 882 1124 in
904 1067 1048 1142 petriam
1075 1074 1178 1133 iussit
1197 1093 1226 1131 re

240 1149 318 1207 duci.
347 1148 486 1208 admirati
502 1149 650 1209 iustitiam
673 1149 756 1208 ducis
771 1150 882 1209 Falisci
903 1151 987 1211 uinci
1011 1172 1051 1214 se
1078 1177 1100 1216 a
1127 1177 1225 1234 magno

239 1233 305 1291 uiro
327 1232 449 1308 gloriati
474 1237 552 1292 sunt.
575 1265 616 1275 —
640 1233 768 1292 Senatus
775 1279 784 1308 ‚
807 1253 874 1293 cum
895 1235 929 1294 P.
953 1233 1122 1301 Claudius
1148 1243 1234 1301 Anci

238 1316 320 1376 rinos
354 1317 410 1376 suh
442 1318 528 1376 hasta
556 1317 754 1396 uendidisset,
790 1322 959 1394 suspectum
995 1341 1077 1382 eum
1117 1327 1223 1386 habens

239 1402 368 1461 maxima
390 1421 460 1462 cura
483 1403 668 1478 conquisitos
683 1402 811 1462 redemit
825 1403 926 1478 eisque
942 1405 1117 1470 habitandi
1135 1415 1222 1486 gratia

240 1489 339 1546 locum
360 1487 392 1545 in
407 1486 559 1545 Auentino
582 1486 762 1562 adsignauit.
778 1519 820 1528 -
841 1487 1009 1560 Fabricius,
1037 1511 1118 1552 cum
1134 1497 1221 1556 Time

240 1575 333 1631 crates
356 1569 580 1630 Ambraciensis
603 1571 736 1630 medicus
759 1572 977 1647 repromisisset
1001 1573 1172 1651 Pyrrhum
1197 1600 1218 1639 sc

239 1675 356 1716 ueneno
378 1659 564 1732 necaturum,
586 1655 706 1714 monuit
727 1675 827 1731 regem
850 1661 885 1716 ut
907 1657 966 1716 sibi
989 1659 1029 1718 ab
1055 1661 1130 1723 eius
1148 1667 1232 1725 modi·-

241 1741 357 1801 insidiis
380 1744 507 1811 caueret,
532 1743 564 1799 et
587 1740 667 1816 quod
689 1739 824 1801 iustitiae
846 1741 944 1801 locum
967 1745 1089 1825 tenuit,
1116 1750 1215 1809 medici

240 1845 347 1886 nomen
370 1845 431 1885 non
451 1825 604 1884 indicauit.

205 1916 221 1964 2
303 1910 339 1969 L.
362 1909 521 1968 Atratinus
545 1910 605 1967 dux
626 1911 689 1967 eius
711 1927 845 1986 pugnae,
868 1929 943 1985 quae
965 1913 1048 1987 apud
1075 1915 1212 1996 Verrugi-

238 2015 308 2054 nem
336 2014 353 2053 a
374 1994 488 2052 Volscis
518 2012 585 2053 oum
606 1997 719 2053 euentu
740 1993 839 2053 fuerat
861 1995 954 2068 facte,
984 2001 1109 2072 paratis
1133 2005 1211 2080 fugae

240 2079 370 2154 nostrie,
401 2077 513 2136 deinde
541 2081 684 2154 quattuor
712 2078 904 2138 tribunorum
927 2081 1046 2141 uirtute
1069 2091 1228 2147 restitute?-

239 2169 296 2231 cst,
328 2182 346 2220 e
374 2161 410 2221 L.
433 2161 597 2222 Hortensio
626 2163 662 2222 oh
691 2163 723 2221 id
751 2167 916 2224 accusatus.
955 2165 1043 2225 cuius
1066 2172 1208 2251 collegae,

238 2249 383 2324 quattuor
396 2247 532 2326 iuueneS,
554 2249 730 2324 prorostris
745 2247 921 2308 iurauerunt
936 2249 967 2308 in
983 2253 1132 2327 squalore
1154 2278 1208 2318 esse

238 2333 365 2405 futuros,
390 2331 415 2390 si
436 2332 602 2407 imperator
623 2350 725 2391 eorum
746 2351 815 2391 reus
839 2337 916 2393 esset
938 2335 1068 2396 iuturus.

206 2424 222 2472 3
304 2415 380 2476 Cum
401 2417 448 2475 Ti.
472 2415 620 2476 Gracchus
648 2419 679 2475 et
699 2417 735 2477 L.
759 2415 900 2476 claudius
928 2419 965 2478 ob
994 2419 1086 2482 nimis
1112 2444 1208 2489 seuere

241 2505 358 2579 gestam
385 2520 540 2562 censuram
568 2501 615 2560 die
643 2499 722 2560 dicto
751 2522 768 2561 a
790 2501 910 2577 Popilio
933 2504 1003 2563 trib.
1025 2507 1070 2580 pl.
1093 2525 1228 2572 accusa-c

240 2591 359 2662 rentur,
390 2587 527 2646 omnibus
550 2585 692 2645 centuriis
715 2587 929 2646 damnantibus
952 2587 1132 2671 Claudium,
1162 2600 1205 2657 ab·

241 2672 426 2732 soluentibus
450 2668 628 2748 Gracchum,
656 2667 806 2730 Gracchus
829 2673 910 2732 clara
930 2691 1004 2732 uoce
1026 2674 1157 2758 iurauit,
1183 2684 1203 2740 si

240 2756 276 2816 de
300 2757 415 2832 collega
443 2774 496 2815 suo
519 2755 640 2831 grauius
663 2758 742 2814 esset
763 2756 947 2834 iudicatum,
977 2775 1007 2816 se
1029 2761 1156 2832 paribus
1176 2767 1202 2824 in

240 2843 327 2902 factis
351 2841 474 2900 eandem
497 2858 564 2898 cum
586 2840 639 2898 illo
661 2859 787 2915 poenam
810 2840 891 2900 exilii
914 2842 1092 2901 subiturum.

204 2934 221 2982 4
304 2925 380 2986 Cum
402 2924 437 2984 L.
456 2922 546 2983 Getta
568 2923 638 2984 tn'h.
654 2925 698 3000 pl.
721 2923 831 2984 fiducia
853 2930 1055 2986 sacrosanctae
1077 2934 1224 3004 potesta-c

307 3096 318 3142 1
339 3088 424 3141 darec
441 3086 510 3140 m.2
527 3084 577 3150 {16
595 3085 721 3141 iustitiae
741 3089 800 3157 (sic)
819 3089 890 3152 cod..
908 3088 1017 3144 iustitia
1034 3089 1119 3147 Halm
1137 3097 1148 3166 Ι
1170 3105 1197 3154 18

236 3157 410 3226 ferruginem
428 3153 486 3207 eod.
513 3151 606 3272 md
620 3159 652 3206 19
669 3154 812 3232 sacianos,
831 3158 895 3210 acta
907 3158 965 3212 cod.
975 3156 1063 3213 Halm
1074 3160 1085 3228 l
1096 3168 1197 3230 peratis

236 3225 427 3288 Kellerbauer,
447 3222 534 3288 partrs
552 3233 582 3272 co
605 3260 622 3284 .,
640 3222 753 3277 truditis
771 3224 838 3278 Mai
849 3225 859 3293 ll
877 3230 910 3278 20
927 3226 1039 3279 nostrae
1051 3227 1062 3294 ll
1074 3233 1198 3288 restituta

237 3295 280 3348 est
300 3292 383 3346 Gertz
399 3305 430 3356 p.
447 3289 514 3352 285,
541 3285 676 3340 restituta
699 3293 761 3355 (om.
781 3293 834 3359 est)
856 3309 892 3346 m.
907 3297 933 3362 1,
961 3293 1107 3351 restitutae
1128 3307 1197 3356 Μ

236 3361 324 3416 Halm
342 3361 352 3427 ΙΙ
369 3364 400 3410 21
419 3373 459 3409 aa
476 3355 623 3407 accusatus
641 3357 674 3408 e?
696 3359 706 3426 [l
727 3365 759 3412 22
779 3359 852 3430 esee]
871 3359 936 3426 fort.
954 3376 1014 3414 eeee
1031 3361 1116 3418 Halm
1135 3369 1147 3438 Ι
1167 3377 1194 3424 2³

235 3444 298 3484 rece
315 3429 378 3484 m.1
403 3424 412 3492 ΙΙ
436 3428 469 3474 24
490 3436 589 3474 seuere
612 3425 724 3490 gestam
747 3442 781 3480 m.
796 3431 830 3494 2,
860 3444 889 3482 ec
911 3429 944 3481 ut
959 3444 1043 3496 reges
1059 3430 1116 3486 tam
1136 3439 1196 3503 (stc)
1241 3453 1242 3508 p

235 3513 269 3550 m.
282 3499 308 3557 1,
327 3505 426 3560 seuere
434 3489 547 3560 ⁴gestam
560 3485 668 3543 Romae
680 3491 745 3545 Mat
757 3493 767 3562 ΙΙ
780 3501 812 3548 25
823 3494 890 3559 sort.
903 3495 980 3550 dicta
991 3500 1023 3550 ot
1033 3495 1055 3566 5
1064 3501 1082 3551 6
1092 3500 1175 3559 Helm
1190 3511 1192 3525 ⁴

235 3567 268 3616 26
286 3558 395 3611 (ῑοιιιίυΓ
563 3557 576 3568 ⁴
589 3555 599 3592 '¹
612 3560 644 3609 28
663 3572 752 3612 essem
769 3557 810 3616 ms
819 3566 836 3614 1
