2606 3958
203 198 268 262 422
574 195 669 248 ms.
689 193 795 264 viuri,
842 161 847 167 ’

204 369 298 414 omne
325 348 466 412 studium
496 347 536 411 ad
564 347 770 412 curiosiorem
798 347 848 411 sui
875 347 996 411 cultum
1025 348 1182 415 hortatur

203 432 363 512 conterre,
392 454 464 498 cum
491 441 672 516 temporum
699 432 898 516 superiorum
921 434 954 496 et
975 435 1123 500 nominis
1147 439 1181 500 et

204 518 307 583 animi
329 518 515 582 excellentis
542 519 629 582 uiros
657 517 691 580 in
718 516 783 582 hoc
803 517 930 601 priscae
954 518 1180 584 continentiae

203 605 352 688 ignotum
367 603 598 667 deuerticulum
613 601 781 687 prolapsos
793 601 946 666 uideam?
960 603 1056 687 idque
1069 604 1180 690 iurgio

177 689 347 772 eipsorum
369 691 488 772 pateat.

266 773 298 836 4.
337 771 395 837 (ln.
424 772 584 837 Domitius
613 770 649 835 L.
678 770 793 836 Orasso
824 771 966 857 collegae
995 794 1052 838 suo
1080 775 1180 840 alter-

204 857 331 922 catione
360 860 432 920 orta
460 856 595 937 obiecit,
624 855 708 939 quod
736 856 902 920 columnas
924 856 1114 941 Hymettias
1144 862 1180 925 in

201 943 330 1026 porticu
369 940 483 1005 domus
515 939 658 1004 haberet.
722 961 817 1025 quem
851 943 1006 1007 continuo
1038 943 1178 1010 Crassus

204 1027 319 1110 quanti
351 1026 419 1109 ipse
453 1025 585 1089 domum
615 1046 703 1088 suam
737 1026 923 1091 aestimaret
949 1028 1177 1114 interrogauit,

165 1129 190 1168 ιο
204 1115 301 1194 atque
324 1115 361 1173 ut
381 1110 550 1194 respondit
572 1109 728 1194 ‘sexagies
744 1111 914 1194 sestertio’,
939 1118 1073 1196 ‘quanto
1097 1135 1178 1200 ergo

203 1203 286 1258 eam'
315 1195 437 1277 inquit,
461 1195 608 1283 ‘minoris
637 1195 705 1258 fore
728 1195 909 1281 existimas,
936 1197 965 1260 si
993 1198 1104 1262 decem
1129 1222 1178 1264 ar-

201 1278 350 1343 busculas
383 1277 458 1343 inde
492 1279 699 1344 succidero‘l'
744 1281 831 1363 ‘ipso
873 1281 982 1345 tricies
1010 1285 1175 1348 sestertio’
1284 1305 1285 1330 1

202 1363 375 1430 Domitius.
413 1366 491 1428 tunc
507 1363 657 1429 Crassus:
683 1367 766 1428 ‘uter
779 1365 880 1449 igitur
901 1367 1098 1433 luxuriosior
1115 1374 1177 1452 est,

203 1470 317 1535 egone,
334 1449 389 1532 qui
405 1449 515 1513 decem
529 1450 695 1514 columnas
712 1453 842 1514 centum
857 1451 987 1515 milibus
1003 1475 1177 1518 nummum

165 1550 190 1591 1⁵
204 1535 282 1617 emi,
306 1556 348 1597 an
369 1536 420 1617 tu,
444 1535 499 1618 qni
514 1533 624 1598 decem
640 1533 881 1598 arbuscularum
897 1536 1041 1600 umbram
1065 1539 1177 1603 tricies

203 1618 343 1683 sestertii
354 1641 480 1684 summe
491 1619 710 1703 conpensas?'
730 1640 911 1684 sermonem
921 1620 1057 1685 oblitum
1071 1622 1176 1707 Pyrri,

203 1705 415 1769 inmemorem
437 1704 631 1768 Hannibalis
658 1705 785 1786 iamque
807 1705 1096 1770 transmarinorum
1119 1708 1176 1772 sti·

201 1789 392 1873 pendiorum
414 1788 612 1855 abundantia
633 1789 836 1853 oscitantem!
866 1793 898 1853 et
920 1793 1042 1873 quanto
1064 1795 1177 1856 tamen
1284 1837 1285 1846 ³

205 1874 444 1958 insequentium
467 1873 664 1938 saeculorum
689 1872 841 1937 aedificiis
858 1876 890 1938 et
911 1876 1096 1941 nemoribus
1118 1899 1177 1941 an·
1284 1929 1285 1936 ,

164 1973 189 2014 2⁰
202 1960 377 2044 gustiorem
400 1962 421 2037 †
444 1980 541 2043 quam
562 1957 809 2022 introduxerunt
830 1961 927 2043 atque
949 1960 1175 2027 inchoatama

203 2065 237 2106 se
265 2042 426 2106 lautitiam
452 2043 589 2126 posteris
618 2043 799 2126 relinquere
826 2064 922 2126 quam
951 2066 969 2107 a
996 2045 1176 2112 maioribus

202 2129 367 2208 acceptam
390 2128 622 2191 continentiam
644 2128 782 2191 retinere
805 2128 1004 2215 maluerunt,

272 2300 285 2346 1
300 2293 452 2348 curiosiore
465 2296 555 2365 (aiter.
569 2297 579 2348 i
596 2313 630 2354 m.
643 2300 663 2350 2
679 2312 700 2351 a.
714 2297 743 2364 l.)
756 2296 784 2350 L
796 2302 822 2350 et
834 2297 887 2350 litt.
900 2297 971 2352 siorei
983 2299 1015 2353 in
1026 2315 1082 2354 ras.
1096 2302 1125 2354 A
1138 2303 1149 2372 l
1162 2309 1177 2358 3

202 2360 373 2417 excellentes
383 2361 451 2429 LA,
466 2379 514 2420 em.
527 2364 620 2417 Halm.
636 2366 646 2430 ΙΙ
660 2370 674 2418 7
686 2364 825 2433 hymetias
836 2365 869 2418 ia
880 2381 936 2420 ras.
947 2367 975 2419 A
988 2383 1002 2420 c
1013 2367 1083 2420 Par.
1097 2374 1124 2422 ct
1136 2372 1178 2425 sic

202 2429 259 2483 eod.
270 2428 368 2486 Bomb.
378 2430 475 2485 Plinii
485 2431 627 2485 XXXVI
631 2435 656 2498 3,
662 2435 689 2499 3,
697 2432 873 2500 hymneticas
882 2433 918 2499 L,
930 2433 1088 2501 hymeticas
1099 2437 1177 2503 dett.¹

201 2497 353 2565 Hymettos
363 2499 390 2552 t.
402 2499 419 2553 i.
433 2504 459 2552 et
475 2500 508 2553 in
520 2501 591 2558 Par.
609 2500 650 2555 ed.
663 2500 767 2565 Halm
785 2505 816 2553 at
827 2517 856 2554 a.
875 2500 945 2556 Hor.
958 2503 1147 2570 1111111118,
1160 2509 1178 2560 3

204 2565 218 2634 Η
238 2571 254 2619 8
267 2564 384 2686 ξοτῐίοιι
403 2565 466 2634 (iiii.
486 2566 533 2622 iou
550 2568 583 2622 e'ro
600 2571 668 2631 ros.)
687 2567 714 2620 A
731 2569 741 2636 l
759 2568 813 2635 que
833 2569 866 2621 cri
882 2567 910 2621 L
928 2573 952 2623 et
971 2570 1005 2623 cir
1023 2586 1092 2627 eras.
1113 2573 1141 2626 A
1162 2574 1175 2642 ll

203 2639 218 2686 9
236 2633 266 2685 in
281 2635 427 2703 errogauit
443 2635 476 2688 ia
493 2651 549 2690 ras.
566 2635 593 2688 A
612 2651 625 2690 c
642 2636 728 2702 Par,
746 2635 937 2704 interrogaret
954 2637 983 2690 L
1000 2637 1066 2694 dett.
1079 2640 1090 2708 ll
1106 2645 1137 2693 10
1151 2647 1178 2695 et

203 2701 244 2754 bis
270 2701 302 2754 ia
316 2718 351 2755 ra
372 2703 506 2757 sextantio
529 2702 613 2766 LA¹‚
640 2703 706 2760 ariol.
730 2702 763 2756 hs
786 2703 826 2757 sic
850 2721 876 2761 u.
899 2718 994 2774 maroc
1011 2707 1038 2759 A
1058 2722 1072 2759 e
1089 2709 1173 2767 Par..
1284 2753 1285 2768 ,

220 2768 252 2821 wi
269 2767 296 2821 H
334 2769 383 2822 LX
400 2771 478 2824 tobei
495 2771 505 2838 ΙΙ
526 2771 633 2839 quanto
657 2770 838 2826 scilicaet.
868 2771 894 2840 ,9)
912 2773 1019 2842 Pictis,
1039 2789 1096 2841 quo
1116 2775 1177 2830 LA

230 2839 307 2958 aad!
338 2843 367 2890 11
393 2837 509 2892 minoris
535 2839 574 2891 A²
591 2840 681 2902 Por„
709 2839 817 2892 minore
843 2773 939 2906 i¹A¹,
965 2841 1074 2895 minore
1101 2842 1140 2896 ΙΙ*
1160 2845 1174 2912 Η

204 2910 235 2957 12
263 2920 281 2958 a
304 2905 330 2958 d.
358 2904 386 2958 O.
404 2905 435 2962 T.
456 2906 518 2974 ipso
545 2907 639 2972 inquit
661 2906 794 2961 domitius
819 2907 852 2960 hi
872 2907 968 2962 tricies
990 2924 1086 2978 marco
1112 2911 1139 2963 A
1160 2915 1174 2980 11

203 2978 235 3026 13
254 2972 420 3026 luxoriosior
437 2971 533 3051 111114
552 2973 694 3028 calumnas
712 2975 750 3028 L¹
763 2975 773 3042 ΙΙ
791 2980 822 3028 15
841 2975 932 3028 decim
950 2976 987 3028 A¹
1010 2977 1020 3044 ΙΙ
1041 2977 1175 3032 umbram

202 3039 298 3093 tricies
319 3041 382 3107 (litt.
400 3057 429 3092 m
447 3041 485 3093 tr1
502 3041 535 3095 io
557 3044 624 3111 ras.)
642 3043 670 3095 A
690 3045 700 3112 11
723 3048 754 3095 16
772 3043 976 3108 sestertium,
1005 3045 1175 3100 sextertium

202 3107 284 3173 LA¹‚
297 3109 459 3162 sestertium
471 3108 509 3161 A*
521 3109 609 3164 Halm
621 3110 631 3178 l
644 3108 752 3165 summe]
766 3112 806 3163 A²
818 3112 828 3179 ll
840 3110 910 3180 pirri
922 3111 948 3164 L
961 3111 971 3179 ΙΙ
986 3114 1176 3183 19angustio-

202 3178 275 3228 remi
289 3176 338 3229 sed
351 3193 437 3244 quam
449 3176 669 3232 introduxerunt
679 3177 840 3231 inchoatam
857 3177 977 3248 Weusliy
987 3182 1059 3233 1884
1068 3197 1096 3248 p.
1109 3184 1173 3250 792,

203 3243 1175 3380 1111111111
1284 3289 1285 3342 ÷

202 3377 224 3428 Ι
239 3380 275 3432 27
293 3383 319 3431 et
338 3377 437 3433 Geiblre
450 3395 480 3447 p.
499 3383 545 3443 35,
566 3354 626 3433 reni
644 3397 729 3449 quam
747 3379 879 3436 Foertsoh
898 3382 938 3434 II
951 3385 1002 3447 28,
1021 3383 1088 3448 fort.
1105 3400 1173 3438 nor·
1284 3363 1285 3422 l

202 3459 279 3518 mam
288 3445 516 3500 introduxerant!
526 3447 614 3502 Halm
625 3449 635 3514 l
649 3449 728 3516 atqui
737 3449 806 3503 corii.
815 3448 955 3518 Foertsct
965 3450 1071 3517 aethre,
1077 3451 1174 3520 Halm,

204 3523 255 3585 qur⁸
271 3509 444 3586 Perizonius.
478 3513 553 3581 Quid
570 3515 596 3567 si
614 3515 700 3569 deleto
718 3531 803 3582 quam
821 3517 960 3570 scribatur
977 3520 1173 3586 angustiorem

204 3574 274 3638 (scii.
293 3574 442 3643 lautitiam)
460 3579 678 3636 introduxerunt
695 3583 744 3650 qui
755 3583 852 3638 inan?
863 3583 874 3650 ll
887 3589 919 3636 22
938 3585 1114 3640 continentia
1133 3589 1172 3641 L²
