2562 3950
226 113 290 177 512
402 109 470 164 LIB.
489 108 551 162 1111.
583 107 822 173 CAP.1,11-1o.
852 106 918 159 Exn.
936 113 1023 162 1-3.

177 277 205 324 11
292 268 334 326 M.
365 266 508 327 Scaeuola
535 266 624 324 testis
650 265 682 323 in
715 282 800 322 reum
826 263 1000 340 productus
1034 267 1157 326 adiecit
1179 267 1206 322 in

226 352 283 412 sibi
307 351 388 411 credi
409 353 556 426 oportere,
580 343 606 408 si
629 350 680 408 alii
702 349 781 408 idem
803 349 1060 409 adseuerassent.

177 445 207 494 12
290 434 676 506 Metellue'Macedonicus,
707 452 775 492 cum
796 431 936 492 inimicus
962 438 1055 494 esset
1080 435 1205 510 Scipioni

229 521 372 581 Africano
394 539 430 579 ex
450 519 661 587 aemulatione,
683 519 718 576 ut
739 516 870 592 primum
893 517 999 576 audiit
1025 539 1104 579 eum
1128 522 1206 578 inter·

227 608 376 682 emptum,
405 603 527 680 lugubri
554 602 659 660 habitu
685 602 718 661 in
745 600 897 676 publicum
920 601 1060 663 desiluit
1083 607 1119 665 et
1143 606 1204 664 ‘con-

227 691 349 749 curnite’
371 689 480 764 inquit,
504 687 607 760 ‘ciues,
630 687 812 746 connutritor
835 684 955 743 moenia
979 691 1120 748 nostrae
1137 689 1204 747 urbis

226 791 329 833 euersa
358 773 456 844 sunt’,
490 770 628 846 filiosque
658 787 729 830 enos
759 770 847 829 iussit
876 768 958 829 lecto
989 771 1066 832 eius
1097 791 1204 832 umeros

226 859 375 930 subicere,
410 851 524 915 adiecto
554 855 624 926 hoc,
658 871 719 913 non
740 855 804 913 fore
825 857 860 911 ut
881 856 992 928 postea
1016 856 1056 915 id
1082 858 1202 918 officim

226 943 265 1002 ab
288 943 335 1000 bis
357 941 462 999 maiori
483 940 549 998 uiro
572 939 720 1013 praestari
741 939 852 1014 posset.

179 1035 210 1084 13
294 1025 433 1084 Metellus
454 1023 631 1083 Numidicus
652 1023 749 1098 patria
771 1022 889 1099 pulsus,
912 1037 984 1080 cum
1008 1024 1041 1083 ei
1067 1026 1151 1086 forte
1170 1025 1214 1082 lnr

228 1111 282 1169 doe
298 1109 449 1167 Trallibus
472 1109 621 1185 spectanti
644 1108 788 1184 epistulae
808 1109 909 1166 essent
923 1125 941 1164 a
955 1113 1079 1168 senatu
1095 1113 1198 1176 missae,

224 1195 256 1252 in
282 1193 391 1268 quibus
418 1192 626 1264 reuocatam,
659 1209 720 1250 non
747 1192 829 1267 prius
858 1191 975 1250 theatro
1006 1195 1093 1254 exiit
1116 1214 1195 1272 qnam

225 1276 423 1353 spectaculum
447 1283 650 1353 perageretur.
680 1276 808 1334 eundem
829 1277 947 1335 constat
968 1278 1042 1351 pari
1068 1281 1160 1339 uultu
1174 1289 1196 1336 et

226 1363 342 1422 exulem
365 1360 457 1421 fuisse
481 1363 512 1420 et
534 1361 719 1421 restitutum.

177 1458 208 1505 14
289 1446 412 1505 Porcius
434 1445 508 1506 Cato
531 1446 569 1504 ob
584 1450 603 1517 †
619 1445 807 1520 adsignatam
829 1444 986 1519 pecuniam
1011 1444 1197 1523 Cypriacam
1207 1459 1215 1492 2'

228 1550 295 1591 cum
316 1531 379 1590 eius
402 1531 523 1589 senatus
546 1534 632 1589 extra
654 1529 790 1588 ordinem
812 1529 959 1588 rationem
973 1529 1093 1592 haberi
1109 1535 1199 1592 nellel.

230 1633 290 1674 non
313 1617 360 1674 est
381 1633 494 1690 passus.

180 1713 212 1759 15
294 1700 335 1757 Μ.
350 1699 577 1771 Bibulus-cum
600 1699 633 1757 in
648 1696 737 1774 Syria
760 1697 915 1772 prouincia
928 1703 1121 1778 moraretur,
1145 1702 1199 1760 filiis

233 1784 349 1843 duobus
372 1785 402 1842 in
425 1782 566 1859 Aegypto
591 1782 695 1842 occisis
723 1801 740 1838 a
763 1780 935 1842 Gabinianis
958 1783 1136 1858 militibus,
1162 1787 1199 1844 de·

234 1867 305 1927 ditis
329 1867 387 1927 sibi
409 1869 451 1927 eis
474 1887 491 1926 a
514 1864 687 1943 Cleopatra,
717 1866 813 1925 dolori
839 1883 892 1924 sno
915 1867 1089 1940 imperauit
1113 1872 1214 1931 dicens!

233 1954 411 2027 potestatem
433 1951 521 2010 huius
543 1951 691 2010 uindictae
714 1953 834 2011 senatus
856 1968 929 2008 esse.

180 2042 234 2086 nxt.
301 2035 449 2111 Archytas
478 2035 673 2110 Tarentinus,
707 2036 778 2093 dum
810 2032 996 2110 Pythagorae
1037 2041 1199 2116 praeceptis

198 2102 398 2194 ¹Metaponti
426 2122 545 2196 penitus
580 2119 724 2192 intendit,
759 2137 897 2178 reuersus
924 2120 956 2176 in
981 2123 1123 2194 patriam
1146 2144 1198 2184 cnm

232 2205 334 2262 omnia
362 2204 552 2281 neglegentia
578 2204 662 2264 uilici
691 2206 831 2279 corrupta
852 2203 985 2279 uidisset,
1010 2205 1199 2280 ‘puniseem'

231 2288 332 2364 inquit
355 2287 442 2348 ‘male
464 2289 618 2361 meritum,
641 2288 700 2348 nisi
721 2288 885 2348 irascerer'.
1207 2299 1216 2320 ·’

123 2367 128 2376 ’
199 2385 214 2434 2
296 2370 394 2446 Plato,
418 2392 486 2432 cum
508 2373 650 2432 aduersus
673 2391 790 2434 seruum
807 2372 1010 2432 uehementius
1029 2381 1199 2448 exarsisset,

230 2457 397 2535 Speusippo
419 2459 514 2518 amico
537 2457 763 2533 castigationem
784 2457 848 2516 eius
869 2456 1037 2516 mandauit.

195 2538 211 2605 t
293 2541 350 2603 Dio
378 2543 487 2602 nobilis
512 2541 714 2612 Syracusanus
742 2542 847 2618 pulsus
875 2540 1066 2617 aDionysio
1098 2549 1200 2621 patria,
1232 2579 1233 2614 n

230 2647 297 2687 cum
325 2629 489 2704 principem
517 2627 615 2698 urbis,
643 2627 675 2684 in
707 2645 796 2702 quam
819 2625 1003 2702 confugerat,
1027 2627 1121 2688 domi
1145 2651 1201 2692 con·

230 2714 334 2772 uenire
363 2713 456 2773 uellet
483 2729 579 2786 neque
601 2710 818 2783 admitteretur,
843 2711 1002 2785 ‘patienter
1023 2710 1086 2771 hoc
1110 2716 1218 2775 feren-⁵

230 2796 302 2857 dum
329 2800 405 2875 est’,
439 2796 495 2854 eit:
530 2795 672 2854 ‘fortasse
701 2795 781 2854 enim
808 2797 839 2854 et
860 2813 930 2869 nos,
960 2811 1026 2853 cum
1050 2795 1086 2855 in
1110 2801 1199 2877 gradu

232 2881 388 2959 dignitatis
411 2883 531 2940 nostrae
553 2898 693 2953 essemus,
717 2879 830 2955 aliquid
852 2879 912 2938 tale
934 2878 1088 2939 fecimus’.

301 3017 313 3064 1
332 3010 382 3079 M]
404 3010 434 3076 Q.
449 3014 522 3064 recte
540 3026 553 3063 e
575 3008 635 3062 Vol.
654 3010 687 3063 in
703 3024 788 3078 oraro.
807 3010 865 3062 cod.
880 3009 917 3076 116
936 3009 1047 3062 nostrae
1080 3013 1132 3072 en'c.
1151 3031 1197 3067 naon

230 3079 337 3145 nostra)
356 3079 398 3146 119
416 3078 506 3146 possit
524 3077 593 3138 cod,
613 3093 660 3134 em.
679 3077 765 3130 Halm
783 3077 793 3144 11
811 3081 841 3130 11
861 3075 979 3129 tralibus
997 3081 1063 3130 nal
1106 3087 1138 3134 15
1157 3083 1197 3135 cd·

81 3211 84 3218 A
230 3146 370 3213 signatam
389 3147 458 3210 cod,
476 3145 614 3199 manullo
632 3145 766 3198 eccidisse
777 3144 918 3207 uidentur,
938 3143 1195 3211 uelat(aduectnm

47 3215 48 3220 ’
231 3213 414 3268 sincerissime
432 3214 461 3266 in
479 3213 579 3266 urbem
597 3211 671 3276 sibi>
689 3211 865 3289 adsignatam
890 3212 900 3278 ΙΙ
924 3216 957 3264 23
974 3211 1111 3280 paenitus
1129 3221 1184 3274 ml

91 3238 147 3379 N
231 3285 264 3333 24
283 3281 388 3348 omnia]
407 3281 473 3334 odd.
493 3296 544 3333 sua
563 3279 661 3334 Gertz*
674 3280 685 3348 ΙΙ
707 3279 860 3348 numquit]
880 3278 946 3335 odd.
964 3279 993 3332 te
1014 3277 1120 3334 Garis*
1138 3286 1149 3354 fl
1169 3290 1194 3338 21

230 3348 378 3426 pleusippo
396 3350 405 3416 ΙΙ
425 3355 456 3401 ‘28
475 3349 571 3415 pulsus
589 3363 606 3399 a
624 3347 756 3414 Dionysio
843 3347 848 3360 '

149 3388 392 3705 &patrna
411 3416 477 3477 cod,
496 3416 544 3468 aed
561 3415 600 3468 od
619 3415 720 3468 acontii
738 3349 953 3482 odiliailridnqiosiri
970 3345 1194 3488 igliinsrilrioainiciitpil

231 3479 297 3540 cod,
316 3480 411 3542 pulsus
430 3481 556 3545 patriae
575 3481 606 3538 D.
625 3485 745 3548 tyranno
764 3480 850 3534 Halm

47 3144 82 3152 Q
