2550 3958
398 177 466 234 LIB.
485 178 519 233 Il.
539 176 616 232 OAP.
636 184 661 244 4,
680 183 754 232 3-5.
997 177 1060 242 491

87 335 182 410 pulus
204 335 432 395 effeminaretur.
450 335 633 395 -Senatus
656 335 793 395 consulto
815 337 933 394 cautum
950 334 1059 394 fuitne

85 419 159 495 quis
189 419 221 479 in
247 422 321 480 urbe
348 420 507 497 propiusue
535 420 617 478 mille
639 417 751 494 &passus
774 418 914 478 subsellia
935 421 1060 496 poneret

85 503 234 563 sedensue
262 504 349 564 ludos
372 507 537 580 spectaret,
567 507 602 562 ut
624 504 736 562 scilicet
757 503 926 563 remissioni
949 503 1059 562 animo-

86 605 160 646 rum
184 588 284 647 standi
306 589 434 649 uirilitas
457 589 697 664 coniungeretur.

58 684 72 725 ⁶
156 671 215 730 Per
237 691 353 733 novun
375 691 467 732 annos
490 676 609 732 senatus
632 673 743 748 populo
766 672 877 731 mixtus
900 675 1055 746 spectauit.
1079 677 1095 726 3

88 756 144 816 sed
167 757 246 816 hunc
267 775 379 816 morem
394 757 508 817 Atilius
524 757 669 816 Serranus
685 759 716 815 et
731 755 765 814 L.
783 756 956 816 Scribonius
977 759 1057 818 aedi-

87 841 134 899 les
149 840 237 901 ludcs
253 841 343 901 Matri
366 842 454 900 deum
469 841 621 914 facientes,
644 841 819 915 posterioris
834 841 971 900 Africani
994 861 1059 903 sen·

88 925 220 984 tentiam
243 926 339 986 secuti
354 926 488 985 discretis
505 928 625 985 senatus
641 928 670 984 et
684 925 789 1001 populi
803 926 877 984 locis
893 926 1056 989 soluerunt.

156 1009 309 1069 Ludorum
332 1010 429 1086 prima
451 1010 533 1087 origo
556 1008 587 1070 O.
612 1008 742 1085 Sulpicio
763 1008 865 1069 Petico
887 1008 921 1067 1..
943 1011 1059 1074 Licinio
1077 1015 1094 1065 4

46 1110 75 1150 rc
90 1092 216 1154 Stolone
238 1111 313 1154 coss.
329 1095 468 1155 instituta
489 1098 543 1167 est,
567 1112 632 1153 cum
655 1093 741 1170 graui
761 1094 931 1169 pestilentia
953 1097 1059 1158 ciuitas

89 1177 252 1238 laboraret.

159 1263 359 1322 Saecularium
386 1263 526 1322 ludorum
552 1263 673 1322 initium
700 1263 762 1321 tale
785 1266 845 1322 est:
874 1281 940 1323 cum
963 1267 1092 1340 pesti-5

88 1346 186 1405 lentie
207 1347 278 1406 urbs
300 1347 424 1423 agrique
445 1351 650 1418 uastarentur,
675 1346 828 1425 Valesius,
856 1348 904 1406 uir
925 1349 1057 1426 locuples

90 1431 221 1490 rusticae
243 1431 333 1505 uitae,
357 1429 473 1490 duobus
496 1431 566 1490 filiis
589 1435 620 1490 et
634 1430 695 1489 filia
710 1430 926 1510 laborantibus,
949 1451 1057 1508 aquam

16 1569 17 1572 ,
49 1529 79 1572 ro
92 1515 136 1574 sis
159 1515 285 1575 calidam
307 1534 324 1573 a
346 1515 412 1575 foco
434 1518 556 1591 petens,
585 1515 712 1593 genibus
734 1515 821 1573 nixus
843 1521 878 1573 ut
899 1535 1059 1592 puerorum

91 1599 259 1675 periculum
288 1600 322 1659 in
353 1600 447 1675 ipsius
481 1603 569 1676 caput
602 1599 814 1659 transferretur
843 1601 949 1660 orauit.
994 1605 1059 1663 orta

93 1682 201 1743 deinde
224 1703 282 1743 uox
297 1687 355 1757 est,
379 1684 551 1743 habiturum
567 1703 635 1744 eum
650 1683 749 1743 saluos
763 1683 850 1760 filios,
875 1685 900 1744 ai
916 1688 1058 1746 continuo

93 1767 196 1828 'Piberi
224 1768 345 1828 flumine
373 1768 514 1829 deuectos
536 1769 700 1827 Tarentum
729 1771 879 1844 portasset
900 1769 1000 1845 ibique
1024 1791 1060 1830 ex

16 1909 17 1912 ,
93 1852 175 1913 Ditis
196 1855 291 1929 patris
314 1856 345 1914 et
365 1853 563 1930 Proserpinae
585 1871 638 1912 ara
659 1852 754 1928 potita
774 1871 854 1929 aqua
869 1871 919 1912 eos
933 1873 1061 1916 recreas·

51 1951 81 1992 ao
94 1941 149 2000 set.
194 1956 253 2013 quo
281 1936 434 2014 praedicto
462 1957 571 2015 pueros
600 1937 636 1996 ad
667 1937 765 2012 ripam
794 1937 912 1997 Tiberis
940 1936 1059 2016 detulit,

94 2022 196 2099 lyntre
219 2021 333 2083 Ostiam
359 2026 478 2098 petens:
512 2025 543 2083 et
570 2022 744 2083 sitientibus
767 2023 865 2098 aegris
887 2040 1060 2086 succurrere

93 2107 218 2182 cupiens
246 2125 283 2167 ex
310 2107 511 2184 gubernatore
532 2107 675 2184 cognouit
697 2107 770 2166 haut
791 2107 895 2182 procul
916 2126 1059 2184 apparare

94 2191 210 2250 fumum
231 2191 263 2250 in
285 2193 368 2265 loco,
398 2193 450 2268 qui
473 2193 622 2253 Tarentus
644 2191 816 2250 uocabatur.
860 2192 962 2267 itaque
985 2194 1059 2253 cale-

16 2335 17 2342 ,
96 2275 206 2336 factam
227 2276 270 2335 ibi
292 2295 402 2353 aquam
417 2279 517 2352 pueris
532 2276 626 2336 dedit.
656 2295 716 2351 qua
729 2282 803 2352 pota
818 2276 941 2336 salutari
958 2273 1059 2353 quiete

55 2371 83 2413 2⁶
99 2361 188 2436 sopiti
216 2363 311 2421 morte
339 2362 459 2420 liberati
488 2364 558 2422 sunt
585 2361 723 2437 patrique
745 2360 955 2420 indicauerunt
976 2380 1060 2436 prae-

98 2447 216 2520 ceptum
238 2446 296 2506 sibi
318 2447 350 2505 in
372 2446 485 2506 somnis
507 2449 542 2504 ut
563 2447 600 2505 ad
617 2444 695 2504 Ditis
711 2445 804 2520 patris
819 2447 850 2504 et
863 2443 1059 2520 Proserpinae

16 2515 17 2602 f
97 2547 191 2605 aram,
216 2549 233 2589 a
256 2549 315 2606 qua
336 2530 419 2606 potio
442 2530 516 2606 ipsis
539 2531 603 2589 erat
617 2529 733 2606 adlata,
756 2528 863 2587 furuae
877 2527 991 2588 hostiae
1006 2529 1060 2588 im·

16 2603 18 2698 J
97 2613 287 2687 molarentur,
310 2615 491 2675 sellisternia
514 2631 547 2673 ac
568 2612 633 2671 ludi
647 2612 788 2672 nocturni
803 2612 922 2670 fierent.
956 2613 1059 2691 itaque

16 2705 17 2714 ’
97 2716 163 2757 cum
185 2699 289 2758 urbem
310 2717 379 2758 arae
401 2699 501 2774 gratia
522 2696 664 2757 emendae
686 2696 825 2755 Valesius
846 2697 987 2773 petisset,
1016 2699 1060 2758 fo·

16 2849 18 2860 ,
57 2795 85 2834 3⁰
99 2781 247 2843 clientibus
270 2785 365 2842 seruis
388 2783 451 2842 eius
472 2785 583 2842 terram
598 2781 861 2842 fundamentorum
877 2782 1060 2842 constituen-

16 2877 18 2886 ’
99 2866 201 2926 dorum
224 2885 327 2945 causa,
350 2869 468 2938 reperta
490 2868 536 2926 est
558 2885 609 2925 ara
623 2866 687 2926 Diti
708 2865 789 2942 patri
803 2864 1060 2942 Proserpinaeque

98 2949 248 3027 inscripta,
270 2951 308 3010 ad
330 2970 421 3027 quam
436 2950 574 3010 Valesius
596 2950 683 3010 ludos
705 2952 738 3009 et
760 2949 939 3009 sellisternia
960 2951 1059 3011 tribus

16 3081 18 3112 ,
97 3034 247 3109 noctibus,
273 3037 343 3112 quia
363 3035 488 3095 totidem
501 3036 558 3108 filit
571 3035 705 3111 periculo
720 3034 839 3093 liberati
855 3036 952 3110 erant,
977 3035 1060 3096 fecit.

162 3217 311 3354 aproffius
326 3217 345 3298 ,l
369 3221 384 3270 5
406 3214 536 3295 ΒΙΝΙῌΙ
558 3215 616 3284 (sed
634 3214 658 3268 D
681 3215 714 3270 ia
734 3215 809 3295 rua),
841 3211 956 3268 DLVlll
972 3213 1060 3268 Halm

16 3301 17 3308 ‘
98 3283 238 3406 ult
256 3285 376 3407 itt!
391 3281 1062 3420 turbarittrucistrucis

16 3443 17 3482 3
98 3359 242 3475 indicano?
259 3420 328 3485 cod,
347 3398 508 3498 indicauero
526 3419 641 3498 Hclm'll
661 3424 693 3473 27
712 3351 812 3472 furuae
832 3417 915 3496 Gertz
927 3434 958 3486 p.
976 3420 1063 3473 2700

16 3487 18 3522 l
100 3487 275 3623 &affligam
291 3488 440 3627 2132}pr
437 3486 514 3607 gaillia
532 3489 638 3541 sternia
656 3487 786 3555 m.1ss31
805 3486 882 3554 patrr
899 3485 1062 3555 cm.Hclmtl
