2606 3958
397 158 474 214 oar.
492 156 528 225 V,
546 162 655 224 14-6.
685 157 737 225 VI,
756 163 770 224 1
791 164 815 219 1.
1027 159 1090 226 353

363 309 421 376 VI.
458 309 517 375 DE
540 309 851 378 NECESSITATE.

186 427 431 496 Abominandae
471 450 596 513 quoque
632 430 832 495 necessitatis
875 431 1090 496 amarissimae

122 519 212 600 leges
230 517 262 579 et
283 512 558 578 truculentissima
579 515 714 598 imperia
730 537 803 580 oum
817 516 930 580 urbem
944 519 1090 580 nostram

122 605 192 666 tum
215 599 312 665 etiam
336 603 460 662 exteras
483 601 597 680 gentes
620 599 722 665 multa
742 622 810 665 non
831 599 998 665 intellectu
1020 603 1089 666 tan·

121 690 210 765 tum,
233 684 289 749 sed
311 683 408 748 etiam
429 683 539 746 auditu
561 685 673 768 grania
694 684 820 768 perpeti
841 687 1023 770 coegerunt.
1103 703 1116 742 o

190 773 217 834 1.
240 767 327 834 Nam
349 767 472 850 aliquot
494 767 635 832 aduersis
657 769 787 852 proeliis
810 770 949 834 secundo
966 768 1089 834 Punico

1 847 2 856 ¹
122 853 208 920 bello
236 853 391 917 exhausta
418 851 550 916 militari
578 852 746 919 iuuentute
779 853 926 918 Romana
960 856 1090 918 senatus

123 945 256 1005 auctore
278 937 326 1005 ri.
344 935 491 1001 Graccho
514 936 646 1001 consule
662 937 787 1002 consuit
801 939 848 1004 uti
863 939 990 1022 publice
1005 939 1090 1002 serui

123 1024 164 1089 ad
181 1045 273 1088 usum
286 1021 576 1105 propulsandorum
591 1023 732 1087 hostium
749 1023 932 1107 [impetum]
949 1043 1089 1087 emeren-

122 1112 193 1184 tur,
216 1128 317 1190 eaquc
332 1107 371 1170 de
393 1127 427 1170 re
449 1127 507 1188 per
520 1105 666 1171 tribunos
688 1107 732 1190 pl.
756 1108 842 1191 apud
856 1108 1011 1192 populum
1025 1108 1091 1173 lata
1106 1127 1130 1166 10

123 1193 295 1278 rogatione
331 1195 397 1255 tres
434 1191 534 1255 creati
567 1193 643 1256 sunt
672 1190 750 1276 uiri,
788 1193 843 1276 qui
876 1195 1026 1277 quattuor
1058 1196 1091 1258 et

123 1277 245 1362 uiginti
282 1274 372 1340 milia
404 1296 570 1340 seruorum
608 1279 868 1360 conparauerunt
898 1277 1091 1360 adactosque

122 1365 192 1428 iure
214 1361 348 1426 iurando
364 1363 527 1425 strenuam
548 1382 582 1425 sc
602 1358 782 1445 fortemque
797 1382 927 1445 operam
950 1362 1091 1443 daturos,

124 1446 230 1532 quoad
246 1445 348 1510 Poeni
370 1449 478 1509 essent
499 1445 534 1509 in
557 1444 661 1529 Italia,
684 1445 805 1512 laturos
826 1466 915 1510 arma
936 1447 971 1510 in
987 1448 1092 1510 castra

123 1532 293 1596 miserunt.
338 1552 376 1595 ex
404 1529 525 1612 Apulia
546 1529 643 1594 etiam
666 1534 698 1594 et
720 1552 739 1594 a
767 1529 945 1594 Paediculis
967 1540 1130 1614 septus-1⁵

123 1617 219 1700 ginta
252 1617 347 1699 atque
380 1629 421 1678 cc
454 1613 495 1678 ad
529 1614 785 1698 supplementum
819 1615 981 1698 equitatus
1015 1619 1092 1680 sunt

123 1700 236 1784 empti.
290 1701 410 1784 quanta
449 1698 604 1764 uiolentia
636 1702 687 1764 est
718 1720 811 1764 casus
843 1699 963 1762 acerbi!
1009 1719 1091 1783 quae

125 1787 241 1851 ciuitas
263 1784 304 1848 ad
327 1784 360 1848 id
373 1787 500 1866 tempus
521 1783 681 1868 ingenuae
696 1804 823 1868 quoque
838 1783 972 1869 originis
987 1782 1091 1866 capite

124 1891 239 1936 censos
261 1868 379 1934 habere
394 1868 514 1933 milites
536 1867 729 1942 fastidierat,
752 1868 862 1933 eadem
882 1868 970 1933 cellis
993 1869 1090 1933 serui·

122 1953 208 2020 libus
225 1958 369 2019 extracta
384 1974 518 2037 corpora
533 1956 566 2018 ct
587 1975 606 2017 a
628 1953 843 2038 pastoralibus
858 1954 940 2018 casis
955 1953 1092 2018 collecta
1104 1973 1129 2012 a

124 2039 288 2122 mancipia
314 2037 403 2103 uelut
451 2038 636 2122 raecipuum
667 2038 905 2104 firmamentum
937 2037 1093 2103 exercitui

125 2146 185 2189 suo
208 2123 335 2188 adiecit.
380 2143 415 2186 oe
438 2123 465 2186 it
487 2143 563 2208 ergo
585 2124 748 2188 interdum
763 2144 937 2209 generosus
960 2123 1092 2208 spiritus

124 2208 261 2274 utilitati
293 2211 326 2272 et
357 2206 508 2272 fortunae
541 2206 662 2272 uiribus
694 2207 888 2290 succumbit,
922 2208 995 2291 ubi,
1028 2207 1093 2273 nisi

124 2293 248 2443 piutiora
270 2291 406 2358 consilia
427 2292 561 2376 legeris,
585 2292 730 2376 speciosa
751 2293 900 2376 sequenti
923 2292 1092 2358 conciden-

147 2401 203 2443 um
224 2381 282 2444 cst.
1107 2397 1131 2435 r>

197 2535 210 2582 1
234 2527 283 2582 DE
305 2526 462 2582 LEGIBVS
480 2527 527 2580 ET
545 2526 707 2580 IMPERIIS
725 2526 979 2582 TEVCVLENTIS
996 2529 1093 2670 Panp

2 2641 4 2656 .
125 2604 143 2654 3
161 2613 225 2652 cum
243 2596 271 2650 L
289 2601 314 2650 et
331 2609 425 2665 marpo
442 2597 480 2661 A,
497 2609 548 2650 om.
565 2596 632 2661 Ar,
649 2595 712 2648 tum
731 2595 795 2650 dett.
808 2596 846 2663 116
865 2593 980 2664 aliquod
989 2595 1069 2655 Μ

128 2671 144 2719 ‘1
164 2664 301 2719 exhausto
319 2663 390 2716 LA¹
402 2665 412 2732 11
429 2667 445 2716 8
464 2664 562 2716 auctor
580 2662 639 2731 (sed
655 2677 724 2722 corr.
744 2664 870 2729 auctore)
888 2663 942 2716 tito
960 2662 1032 2736 LA,
1050 2685 1093 2724 se.

125 2734 196 2787 natu
219 2748 244 2785 a.
267 2731 338 2785 titus
360 2730 497 2801 gracchus
519 2747 542 2783 c,
563 2746 585 2784 c.
608 2745 703 2800 usurpo
721 2731 749 2785 A
765 2732 775 2800 11
792 2746 894 2852 praeco
917 2730 955 2784 11¹
976 2731 986 2800 1
1007 2736 1023 2784 9
1046 2736 1094 2790 ad.

125 2817 210 2855 usum
222 2799 301 2864 M,
316 2799 436 2854 adnisum
448 2798 478 2865 (i
493 2814 514 2853 c.
527 2797 690 2866 aduersum)
703 2799 743 2853 A¹
754 2804 779 2854 ct
812 2803 867 2864 ett,
880 2797 947 2857 add.
965 2798 1002 2852 ad
1014 2821 1094 2859 usum

147 2867 382 2937 repulsandorum
399 2867 523 2922 hostrum
542 2869 703 2945 emerentur
719 2882 781 2921 mar
798 2867 853 2922 oA
871 2881 885 2920 e
900 2867 971 2924 Par.
984 2868 994 2935 1
1006 2873 1094 2942 impe-

160 2953 189 2988 m
207 2935 279 3000 LA,
298 2949 348 2992 om.
366 2935 449 2998 Par..
469 2933 572 2988 delerat
589 2933 684 2988 Halm.
711 2934 746 3001 cs.
798 2933 888 3003 adroiq
904 2931 945 2988 II
958 2935 1041 3009 3111
1064 2946 1095 2997 10

126 3003 203 3072 apud
215 3002 284 3069 LA,
303 3003 339 3056 ad
350 3003 465 3083 Pouet
483 3001 550 3084 dett.
598 3002 677 3082 actu
691 3009 720 3056 11
741 3004 877 3070 quattuor
894 3002 923 3055 et
940 3007 986 3060 fi
1003 3023 1096 3063 seruo.

125 3070 294 3204 1111,
310 3071 1095 3218 111111111111111111

129 3205 192 3260 Vat.
206 3221 236 3273 p.
249 3209 284 3260 14
293 3211 319 3260 ct
334 3205 441 3261 Voluca
452 3206 512 3261 coll.
528 3207 578 3264 Oa.
591 3205 683 3264 Nasu.
696 3207 791 3275 requq.
803 3221 831 3274 p.
844 3209 877 3270 6,·
889 3209 919 3259 at
930 3221 959 3259 u.
973 3212 1097 3282 Madar'p

4 3237 7 3248 ’
125 3275 252 3342 113111
272 3279 303 3328 15
321 3289 356 3328 ex
373 3274 451 3342 pons
467 3274 504 3325 a*
519 3276 529 3344 1
542 3274 570 3345 a]
590 3275 687 3330 erar.
701 3273 881 3343 persuasus
902 3271 1053 3336 crearas
1070 3286 1096 3336 a

125 3357 222 3411 marpo
233 3342 293 3420 Ac
303 3341 382 3407 Par,
401 3341 521 3420 fidiculis
533 3342 593 3396 LA
606 3342 670 3397 dett.
685 3343 695 3411 1
709 3347 740 3395 16
758 3340 979 3410 supplimentum
992 3348 1069 3403 Μ
1076 3350 1095 3471 p

127 3415 160 3464 17
180 3423 275 3463 acerur
292 3409 328 3462 Π
336 3410 443 3532 111118
461 3411 585 3465 crartatrs
603 3411 664 3478 A¹fl
684 3416 715 3463 19
734 3423 811 3463 cesos
829 3409 908 3462 Lm*
928 3409 988 3478 [121
1009 3417 1075 3472 uela

125 3479 164 3533 Α1
190 3479 201 3545 11
224 3483 257 3530 22
285 3477 363 3550 chrt
412 3478 459 3542 ΔΙ,
486 3478 571 3533 cedat
596 3483 622 3532 ct
643 3495 671 3531 a.
689 3481 726 3532 23
751 3476 916 3532 succumbat
941 3501 999 3545 mn
1016 3491 1095 3560 male,

5 3595 18 3612 ,
125 3545 176 3602 sed
188 3549 303 3612 practer
319 3545 506 3602 necessitatem
527 3545 647 3615 Wcasty
661 3561 690 3614 p.
702 3547 736 3601 13

178 3640 240 3682 Van.
254 3640 321 3682 Mam
910 3654 942 3703 23
