2590 3948
194 147 312 202 XXVIII
572 145 789 203 PRAEFATIO.

195 300 268 381 24),
303 320 374 363 cum
407 299 442 363 in
474 299 604 382 optimis
639 298 799 375 codicibus
828 297 943 362 ultima
974 297 1099 382 syllaba
1135 321 1169 362 11.

193 385 326 449 uetustis
358 383 546 467 excidisset,
585 404 602 447 e
638 385 794 447 mendoso
821 387 912 448 uetus
948 383 1027 446 fecit
1062 385 1167 448 uictis.

194 469 226 550 6,
242 468 272 532 9.
292 471 306 530 1
324 467 367 553 (p.
381 469 454 550 311,
471 467 536 551 22),
557 467 614 532 ubi
635 467 670 530 in
692 490 745 532 uu.
769 469 805 532 in
826 467 892 549 leuc,
916 469 1016 548 aeuo,
1038 487 1078 532 ne
1098 468 1168 548 for·

195 557 294 618 tunae
315 553 423 618 nubilo
445 553 674 618 adulescentiae
696 557 870 634 contemptu
892 553 1061 634 prorsusne,
1093 573 1168 616 cum

196 637 409 702 intellexisset
430 637 510 701 illud
532 658 571 702 ne
584 637 662 700 ferri
685 656 752 701 non
766 657 867 719 posse,
885 635 919 699 'si
933 656 1001 700 non
1016 639 1113 718 recte,
1135 641 1169 700 at

123 732 126 737 '
194 722 362 808 ingeniose
392 721 521 804 scripsit
547 722 708 804 uulipuuc
737 721 913 801 fortunae„
942 722 978 802 1,
1002 721 1032 784 2.
1057 725 1121 784 ext.
1147 722 1164 784 1

195 808 240 891 (p.
256 807 336 890 329,
360 806 412 888 19)
437 807 522 869 inter
544 806 785 870 Atheniensium
807 809 840 869 61
861 804 1005 870 Periclen
1027 805 1167 869 inseruit

194 893 311 957 ducein.
356 890 590 972 memorabilis,
614 911 675 954 nec
702 911 778 953 sane
807 889 928 953 insulsa
957 890 1167 973 interpolatio

195 979 244 1040 661
266 978 294 1057 1,
312 976 344 1039 3.
362 978 425 1038 ext.
444 975 464 1039 9
480 979 527 1057 (p.
544 974 617 1057 344,
634 976 678 1058 1),
703 975 769 1058 ubi,
793 995 865 1039 cum
882 974 977 1038 bonis
992 973 1086 1038 libris
1100 978 1167 1038 tra-

195 1060 297 1124 ditum
325 1063 408 1123 essct
438 1061 482 1124 cd
509 1061 758 1124 communionem
787 1060 926 1124 ciuitatis
960 1058 1166 1143 (Tusculani)

194 1165 291 1227 quain
305 1164 402 1225 usque
411 1145 632 1226 penetrarunt,
646 1148 720 1227 post
734 1163 832 1225 usque
846 1144 979 1207 intrusit
989 1145 1166 1225 cupierant.

195 1228 338 1292 eiusdem
354 1228 415 1292 uiri
431 1227 656 1311 supplemento
672 1229 742 1292 61116
757 1228 823 1291 ulle
838 1228 1039 1292 dubitatione
1056 1227 1165 1292 tribuo

194 1335 276 1396 quae
299 1313 334 1376 in
357 1313 418 1376 1166
447 1313 555 1377 codice
579 1314 607 1394 1,
623 1313 653 1376 6.
670 1317 732 1378 6111.
752 1315 766 1375 1
786 1313 798 1391 i
799 1334 832 1395 p.
848 1313 911 1377 356
919 1360 928 1393 ,
945 1313 999 1392 26)
1024 1317 1099 1395 post
1121 1314 1167 1377 ud

195 1398 343 1463 ultiman
359 1399 534 1480 penuriun
557 1397 739 1462 adiciuntur
762 1399 900 1462 ciborum
923 1403 952 1461 et
968 1402 1072 1480 potus.

262 1481 346 1547 Sunt
366 1487 476 1546 temen
500 1481 677 1546 nonnullae
699 1481 871 1562 lectiones,
902 1482 936 1544 in
965 1481 1081 1566 quibus
1111 1481 1164 1545 hic

195 1567 266 1630 eod.
285 1567 557 1651 Guelferbytanus
573 1570 606 1630 Γ
623 1567 737 1630 6616116
754 1566 844 1630 libris
859 1567 1032 1650 insigniter
1048 1566 1162 1630 discre-

195 1652 348 1735 pantibus
373 1674 446 1715 cum
461 1651 678 1715 Laurentiano
694 1651 789 1734 plane
806 1651 957 1714 conuenit
978 1655 1034 1714 aut
1054 1672 1163 1714 ueram

105 1805 109 1812 ,
194 1737 387 1818 scripturam
410 1741 560 1800 seruante
583 1739 639 1798 aui
666 1736 746 1799 mire
774 1753 911 1818 prorsus
935 1757 953 1797 a
976 1757 1053 1798 uera
1075 1736 1163 1799 aber*

193 1826 293 1888 rante.
338 1819 486 1882 Valerius
515 1819 690 1883 ablatiuum
718 1841 825 1884 casum
848 1819 957 1883 Persei
978 1820 1064 1904 regie
1088 1841 1161 1884 con-

194 1907 317 1968 stanter
333 1904 424 1967 flexit
436 1903 533 1969 Perse
553 1924 633 1986 repe,
648 1925 713 1969 uno
730 1904 843 1986 16665,
862 1905 890 1967 1.
909 1908 925 1967 1
939 1902 1026 2052 epp.
1039 1904 1112 1987 216,
1129 1906 1162 1985 4)

194 1989 228 2052 in
252 1988 381 2071 optimis
403 1988 495 2052 libris
518 1988 576 2052 uA
592 1993 741 2052 exaratur
756 1989 868 2066 Persa,
892 1989 947 2053 ubi
994 2010 1059 2054 erse
1076 1992 1164 2071 recte

193 2072 335 2137 1661111111
357 2071 540 2136 Torrenius.
586 2077 620 2136 at
640 2077 672 2156 4,
688 2074 717 2138 3.
734 2074 753 2138 8
773 2072 819 2157 (p.
840 2073 915 2155 182,
932 2075 966 2153 4)
989 2074 1049 2137 6611
1072 2072 1165 2136 661111.

193 2157 274 2222 1161
297 2160 328 2221 Γ
345 2156 460 2222 Perseo
482 2179 552 2240 repe
581 2159 700 2223 deuicto
728 2159 873 2236 tradunt,
902 2159 957 2242 qui
991 2178 1164 2222 consensus

195 2263 270 2306 casu
293 2247 382 2305 ortus
405 2263 473 2305 esse
496 2243 628 2306 omnino
652 2243 773 2326 nequit,
797 2244 852 2306 sed
869 2264 906 2306 ex
923 2251 1009 2307 certa
1026 2243 1162 2325 quadam

194 2326 308 2389 borum
332 2326 488 2390 librorum
511 2326 671 2391 affinitate
694 2326 886 2410 repetendus
910 2332 965 2394 661.
999 2328 1034 2390 in
1048 2327 1163 2390 iisdem

193 2411 357 2475 codicibus
380 2411 457 2475 solis
479 2415 566 2475 16616
589 2413 619 2493 3,
636 2412 667 2478 2.
684 2417 747 2476 ext.
769 2413 783 2474 l
807 2412 853 2495 (p.
869 2411 939 2494 125,
956 2411 990 2498 9)
1013 2411 1163 2475 scribitur

193 2501 212 2560 t.
237 2496 371 2560 iubelius
393 2495 482 2579 (titus
500 2497 620 2562 uitulus
637 2497 682 2581 A)
705 2497 819 2561 ceteris
842 2496 932 2559 libris
947 2497 1034 2560 uarie
1050 2517 1160 2559 erran·

193 2580 292 2644 tibus.
328 2581 406 2644 item
429 2584 514 2644 recte
536 2581 614 2646 ibid.
631 2584 694 2644 ext.
711 2582 731 2646 3
748 2585 794 2664 (ρ.
813 2579 1065 2667 126,10)66616,
1089 2579 1161 2644 cuin

193 2664 310 2747 reliqui
333 2664 476 2728 habeant
498 2665 574 2730 codo
597 2667 672 2750 (A),
697 2672 788 2745 6616,
818 2665 903 2730 choo.
948 2666 979 2745 3,
1003 2666 1032 2730 3.
1057 2665 1163 2728 61112

193 2751 239 2833 (p.
260 2747 404 2830 13210)
426 2752 512 2813 16616
533 2743 688 2831 quosnam
704 2750 813 2834 11Γ1),
837 2752 997 2831 quodnam
1017 2749 1090 2835 (Αἱ)
1112 2749 1169 2812 uel·

193 2839 343 2915 quotncin
354 2834 428 2920 (A2)
440 2833 563 2917 reliqui.
587 2835 665 2898 item
677 2834 802 2916 166163,
813 2834 841 2901 8.
854 2836 871 2898 1
884 2837 927 2917 (p.
937 2834 1006 2916 161,
1016 2835 1068 2914 12)
1076 2835 1164 2899 titius

195 2919 300 3000 (tr),
316 2940 382 2982 non
399 2920 493 2984 totius
509 2917 645 2998 (Aac).
669 2919 708 2982 cf.
725 2919 821 2983 etiam
837 2921 868 2999 4,
882 2921 911 2983 1.
923 2918 944 2982 2
958 2918 1003 3003 (p.
1012 2917 1085 2996 203,
1097 2917 1161 3000 25).

262 3003 343 3066 Μ116
366 3007 473 3068 autem
495 3003 531 3066 in
553 3006 688 3087 utroque
711 3004 817 3068 codice
840 3025 912 3068 cum
928 3002 1071 3067 Mediceo
1087 3002 1162 3066 Tor-

199 3087 282 3151 reuii
306 3092 445 3152 erratum
469 3086 658 3167 6615,2.2
681 3093 725 3171 (p.
741 3088 819 3170 228,
841 3089 910 3171 21),
940 3088 994 3152 ubi
1016 3086 1162 3152 Valerius

200 3172 378 3236 certissime
401 3173 574 3256 scripserat
596 3175 748 3238 cnucitus
768 3194 800 3238 se
821 3175 887 3255 ipse
901 3174 1092 3254 conscripsit,
1109 3172 1167 3240 sed

198 3277 270 3322 oum
302 3257 336 3319 in
367 3257 542 3342 archetypo
570 3257 719 3321 librarius
746 3259 906 3321 omisisset
932 3256 1056 3321 11116166
1080 3257 1163 3340 scrip

199 3347 288 3422 (nam
306 3361 380 3406 cocu.
403 3344 445 3406 su
458 3342 556 3406 habet
570 3344 786 3426 praestantior
802 3365 818 3406 e
835 3337 1097 3406 Berolinensibus
1113 3341 1152 3488 Ο)

198 3429 361 3490 corrector
389 3425 562 3510 Beruensis
591 3427 626 3490 in
655 3449 763 3491 rasura
790 3429 900 3511 posuit
926 3428 1087 3510 concinuit,
1115 3425 1138 3489 il

195 3511 322 3576 codices
351 3510 461 3595 inepte
490 3513 655 3578 combussit
687 3513 756 3577 sine
791 3512 899 3598 litura.
942 3513 1035 3595 plura
1066 3511 1161 3575 etiam

1153 3389 1162 3422 7

1069 3845 1113 3923 s.

1176 883 1187 898 .

1171 3908 1272 3921 ,-.--
