2550 3958
654 115 720 174 LIB.
741 116 828 173 VIIII.

442 354 515 420 Vll.
548 353 608 417 DE
631 352 678 417 VI
701 352 757 417 ΕΤ
780 352 1029 419 SEDITIONE.

317 493 346 556 1.
362 489 425 556 Sed
436 493 472 553 ut
487 488 663 554 uiolentiae
678 493 707 552 et
721 487 888 552 seditionis
902 473 968 551 tain
980 491 1122 572 togatae
1134 512 1220 574 quan

252 576 351 641 etiam
372 576 513 640 armatae
533 572 620 638 facta
640 571 835 647 referantur,
859 571 893 640 L.
910 570 1093 656 Equitium,
1119 577 1220 658 quise

251 662 301 726 Ti.
323 659 461 725 Gracchi
488 658 591 722 filium
618 656 790 721 simulabat
816 656 1084 742 tribunatumque
1117 660 1219 724 aduer-

225 767 306 810 ssus
322 745 410 829 leges
426 764 497 809 eam
510 742 547 807 L.
565 741 741 807 Saturnino
756 743 897 826 petebat,
920 763 940 805 a
956 739 989 806 O.
1004 740 1116 807 Mario
1136 746 1218 829 quiu-

250 833 320 895 tum
336 829 536 896 consulatum
553 831 686 911 gerente
708 827 744 890 in
765 825 928 910 publicam
943 826 1134 892 custodiam
1157 830 1220 893 duo·

250 919 319 980 tum
353 913 492 997 populus
530 911 677 976 claustris
716 911 852 976 carceris
887 909 1054 975 conuulsis
1093 917 1219 997 raptum

250 999 392 1064 humeris
424 996 509 1094 suis·
523 1016 583 1079 par
614 1017 772 1060 summam
804 995 985 1064 animorum
1017 995 1220 1062 alacritatem

213 1079 1118 1249 10{tttatattttlfilttttffttttr
1139 1084 1221 1233 tt

198 1294 202 1300 ·
250 1253 316 1335 bat,
340 1249 501 1334 lapidibus
522 1253 726 1334 prosternere
749 1251 883 1314 conatus
907 1252 970 1327 est,
993 1248 1221 1317 adfirmantem

249 1341 314 1402 tres
330 1339 456 1402 tantum
472 1334 567 1399 modo
588 1334 673 1398 filios
695 1333 745 1399 Ti.
763 1333 907 1399 Graccho
927 1333 1048 1416 fuisse,
1074 1339 1222 1420 equibus

249 1444 349 1488 unum
371 1421 406 1486 in
429 1419 577 1486 Sardinia
605 1419 766 1502 stipendia
787 1421 981 1500 merentem,
1010 1418 1160 1485 alterum
1180 1423 1221 1486 in-

249 1508 373 1572 fantem
388 1505 571 1583 Praeneste,
586 1505 717 1568 tertium
730 1506 805 1587 post
824 1504 925 1588 patris
947 1505 1086 1568 mortem
1112 1509 1221 1570 natum

212 1608 237 1648 1⁵
250 1591 372 1656 Romae
395 1589 581 1670 decessisse,
610 1609 715 1672 neque
738 1591 886 1673 oportere
909 1587 1112 1653 clarissimae
1137 1591 1220 1655 fami·

250 1677 313 1742 liae
343 1675 472 1760 ignotas
500 1673 608 1738 sordes
636 1673 749 1752 inseri,
787 1693 859 1737 oum
886 1673 1018 1737 interim
1048 1675 1219 1758 inprouida
1254 1693 1255 1702 ¹

253 1761 432 1846 concitatae
460 1757 675 1823 multitudinis
697 1758 861 1822 temeritas
887 1795 925 1805 -
949 1778 1007 1841 pro
1029 1757 1220 1842 inpudentia

250 1850 283 1911 at
305 1844 456 1910 audacia!
480 1881 521 1891 —
544 1842 696 1907 aduersus
712 1842 918 1907 consulatum
933 1846 966 1907 et
988 1862 1167 1909 censuram
1180 1849 1218 1908 te·

249 1929 356 1995 tendit
386 1928 609 2013 principesque
638 1949 713 1992 suos
747 1927 835 1991 omni
869 1927 1071 2012 petulantiae
1100 1950 1217 2014 genere
1252 1917 1254 1978 i

211 2033 236 2072 20
249 2014 388 2079 uexauit
1253 2021 1254 2038 ¹

312 2115 343 2179 3.
366 2113 514 2180 Vaesana
528 2112 608 2178 haec
622 2116 749 2178 tantum
765 2112 870 2195 modo,
892 2112 949 2177 illa
969 2112 1071 2177 etiam
1088 2121 1220 2180 cruenta

250 2198 381 2264 seditio:
415 2197 551 2282 populus
580 2197 666 2262 enim
693 2197 863 2264 Nunnium
896 2197 1141 2281 conpetitorem
1171 2199 1219 2265 Sa-

249 2284 374 2348 turnini
388 2303 508 2347 nouem
524 2283 587 2347 iam
611 2283 726 2347 creatis
747 2282 887 2347 tribunis
903 2303 1030 2366 unoque
1053 2283 1133 2349 loco
1151 2286 1221 2350 duo·
1253 2307 1254 2310 ¹

250 2369 310 2434 bus
338 2367 515 2433 candidatis
541 2370 685 2432 restante
713 2367 746 2431 ui
774 2367 864 2451 prius
891 2367 928 2431 in
956 2366 1050 2432 aedes
1074 2371 1222 2452 priuatas

210 2472 236 2514 aa
251 2453 410 2539 conpulit,
435 2454 615 2518 extractum
630 2451 745 2516 deinde
766 2451 941 2536 interemit,
963 2454 1001 2516 ut
1016 2452 1118 2518 caede
1144 2455 1221 2519 inte

317 2697 331 2745 1
359 2689 407 2743 DE
427 2719 459 2730 -
477 2685 671 2742 SEDIOIONE
689 2688 785 2756 Par.²‚
814 2703 864 2744 om.
888 2687 971 2766 Ροιν..1
996 2689 1045 2766 l²
1074 2689 1223 2744 nolentiae

247 2760 285 2814 A¹
310 2761 319 2830 ΙΙ
344 2761 374 2813 et
402 2772 453 2812 ora.
477 2756 505 2809 A
525 2760 557 2835 'et
583 2756 662 2822 dett„
689 2771 728 2810 aa
754 2755 849 2822 fuerat
877 2755 1051 2832 seditronrsq.
1069 2755 1086 2810 ‚2
1102 2755 1198 2812 Halm
1219 2759 1225 2781 ¹

247 2829 483 2949 “milini'bdi
497 2822 618 2959 iii’aii
632 2828 732 2960 qpapg
750 2823 815 2945 tid
831 2822 900 2947 iat.
915 2823 1135 2960 aeppnppoq,
1163 2828 1223 2946 bl:

247 2912 320 3032 ddrbl]
339 2964 452 3017 sextum
463 2957 583 3028 Piybiua
595 2960 633 3028 116
651 2957 770 3038 gerenti
784 2960 823 3014 Δί
845 2961 855 3028 ΙΙ
876 2930 1038 3038 Bbmorqm
1054 2958 1111 3038 4¹,
1133 2911 1224 3014 aimo

247 3048 311 3085 rum
333 3032 385 3097 A2,
411 3045 461 3086 cm.
484 3028 517 3081 a'a
544 3026 609 3082 dett.
628 3028 637 3098 ll
658 3035 674 3083 9
696 3028 772 3081 idem
790 3025 821 3092 Q.
844 3042 915 3084 coar.
937 3026 1119 3094 Postremus,
1155 3027 1225 3098 qaod

247 3115 345 3156 aarum
362 3097 422 3153 aid.
440 3098 450 3165 u
471 3101 502 3150 10
519 3093 678 3164 tamquam]
698 3095 765 3152 add.
783 3110 801 3148 a
816 3094 848 3149 ti.
866 3095 937 3151 Par.
955 3095 964 3161 ΙΙ
983 3098 1014 3146 12
1034 3091 1078 3148 ,ἰ
1098 3097 1225 3164 graccho

247 3167 276 3222 A
299 3169 309 3237 l
333 3173 366 3222 1'1
393 3163 578 3235 inprudentia
600 3164 652 3230 Αἱ,
679 3162 800 3232 imprud.
823 3163 900 3217 A²H
918 3163 928 3230 11
956 3166 988 3215 18
1015 3161 1161 3217 aduersus
1190 3167 1225 3221 Π,

248 3237 279 3290 et
300 3235 434 3290 adderam
457 3229 516 3286 AO
536 3232 546 3299 l
568 3237 601 3285 22
623 3229 758 3301 populns]
786 3230 853 3308 add.
880 3245 1012 3283 romanus
1035 3231 1125 3330 Izan,
1159 3247 1225 3309 gem

247 3316 486 3435 {asarta
496 3297 971 3435 dalmatarum&
984 3298 1225 3421 tat-auur

248 3433 344 3555 elidam}
354 3435 394 3553 ἐξ
413 3438 430 3487 4
454 3438 495 3502 (3,
520 3435 580 3501 16),
610 3429 725 3496 Νώνιος
753 3447 797 3500 ap.
820 3434 900 3490 Plus.
928 3431 1003 3490 Mar.
1026 3434 1063 3486 29
1093 3438 1119 3488 et
1153 3437 1225 3502 App
1252 3463 1253 3482 r
