2606 3952
407 152 483 209 can.
502 153 535 221 X,
554 159 659 220 sa-a.
689 155 751 212 axe.
772 162 824 222 ar.
1038 158 1098 224 107

14 347 31 368 -,
127 307 249 372 stulare
272 307 408 371 erubuit.
454 307 540 391 quod
568 327 641 372 cum
669 329 708 372 ax
732 307 875 374 Fauonio
904 310 1099 376 amicissimo

127 391 192 458 sibi
213 411 278 456 unu
300 391 431 457 sedente
458 397 645 477 cognosset,
676 393 822 459 discessit
844 415 861 461 e
883 396 1027 479 theatro,
1057 417 1098 462 ne

125 477 313 560 praesentia
335 497 394 542 sua
419 477 595 561 spectaculi
623 479 888 546 consuetudinem
915 481 1098 564 impediret.

126 581 223 645 quem
250 562 423 626 abeuntem
451 562 578 647 ingenti
606 562 721 646 plausu
742 565 880 648 populus
907 568 1097 648 prosecutus

125 646 270 729 priscum
291 666 413 712 morem
436 647 580 712 iocorum
600 647 636 712 in
658 667 807 714 scaenam
827 650 1000 730 reuocauit,
1024 669 1123 716 eon-s

14 767 17 780 =
124 729 232 796 fassus
255 731 328 815 plus
350 751 384 796 se
406 731 585 796 maiestatis
607 732 666 798 uni
687 731 736 797 illi
754 733 895 798 tribuere
917 755 1012 817 quam
1035 735 1097 802 sibi

125 814 280 881 uniuerso
303 815 475 881 uindicare.
512 817 629 900 quibus
651 817 783 900 opibus,
807 817 921 901 quihus
941 818 1095 902 imperiis,

127 900 246 983 quihus
268 900 440 985 triumphis
462 900 524 965 hoc
547 900 750 966 detumeat?
782 905 932 986 exiguum
955 903 1018 968 uiri
1040 925 1096 988 pa·

124 985 328 1068 timonium,
351 985 476 1050 astricti
490 987 693 1050 continentie
707 1008 823 1066 mores,
838 987 983 1052 modicae
1000 989 1096 1053 elien·

123 1068 226 1151 telae,
250 1069 362 1134 domus
386 1070 556 1134 ambitioni
578 1069 701 1148 clausa,
730 1074 859 1155 paterni
880 1073 1008 1156 generis
1030 1094 1096 1137 uua
1108 1095 1134 1134 ιο

126 1153 216 1252 [inl]
240 1155 362 1239 imago,
386 1155 519 1219 minime
541 1154 661 1220 blanda
674 1154 780 1236 frons,
804 1157 858 1220 sed
874 1157 1022 1222 omnibus
1037 1179 1095 1221 nu·

14 1255 15 1258 ’
124 1260 224 1304 maris
246 1241 392 1324 perfecta
412 1239 527 1307 uirtus.
565 1261 652 1337 ‘quae
674 1239 802 1324 quidem
824 1241 930 1305 effecit
951 1247 988 1307 ut
1009 1243 1095 1325 quis·

125 1323 197 1407 quis
226 1327 373 1392 sanctum
402 1327 435 1389 et
463 1344 627 1410 egregium
657 1326 760 1389 ciuem
789 1325 972 1411 significare
1005 1328 1095 1413 uelit,

125 1409 187 1474 sub
209 1409 342 1474 nomine
365 1407 500 1474 Catonis
522 1409 663 1474 deliniat.

189 1492 265 1564 Eri.
283 1495 311 1556 1.
335 1492 484 1560 Dandum
499 1497 548 1558 est
563 1492 683 1577 aliquid
697 1492 760 1557 loci
782 1494 879 1558 etiam
902 1495 1094 1578 alienigenis
1108 1517 1133 1556 15

14 1561 15 1622 i
124 1577 294 1662 exemplis,
328 1581 364 1642 ut
391 1578 558 1643 dometicis
589 1599 718 1662 aspersa
734 1597 736 1602 ’
753 1578 822 1662 ipsa
855 1579 1009 1644 uarietate
1042 1581 1094 1646 de·

123 1663 256 1727 lactent.
293 1661 449 1728 Harmodi
473 1666 506 1726 et
526 1662 776 1748 Aristogitonis,
800 1662 854 1746 qui
877 1661 1023 1728 Athenas
1045 1669 1094 1747 ty·

123 1748 260 1812 renuide
282 1747 418 1812 liberare
441 1748 549 1812 conati
572 1753 663 1830 sunt,
688 1747 811 1831 effigies
835 1769 950 1812 aeneas
971 1747 1094 1813 Xerxes

124 1853 162 1896 aa
183 1832 262 1897 urba
285 1831 411 1897 deuicta
438 1832 473 1897 in
494 1853 632 1918 regnum
653 1852 745 1898 suum
768 1832 947 1896 transtulit.
992 1833 1091 1916 longo

124 1916 239 1981 deinde
261 1917 430 1981 interiecto
451 1921 597 2000 tempore
620 1916 771 1983 Seleucus
793 1917 827 1981 in
850 1917 1019 2001 pristinem
1042 1937 1089 1982 se·
1103 1938 1129 1979 so

14 2041 15 2058 ,
125 2001 197 2065 dem
225 2002 436 2084 reportandas
463 2003 598 2066 curauit.
643 2001 761 2070 Rhodii
790 2021 915 2084 quoque
944 2023 997 2066 eas
1019 2003 1092 2067 urbi

123 2107 199 2151 suae
222 2087 383 2170 adpulsas,
408 2107 481 2151 cum
497 2086 533 2150 in
554 2085 732 2170 hospitium
747 2085 873 2169 publice
888 2087 1091 2165 inuitassent,

122 2172 222 2236 sacris
245 2171 340 2235 etiam
356 2173 392 2236 in
407 2171 629 2254 puluinaribus
645 2171 907 2238 conlocaueruut.
936 2171 1017 2235 nihil
1031 2172 1092 2237 hac

45 2287 48 2294 ·
122 2256 277 2320 memoria
299 2255 439 2334 felicius,
468 2277 551 2404 guae
572 2258 700 2321 tantum
727 2256 946 2320 uenerationis
969 2258 1004 2321 in
1024 2261 1091 2322 tam

125 2340 259 2424 paruulo
284 2361 356 2405 aare
378 2340 466 2424 possi
508 2344 531 2406 t.
1105 2360 1130 2402 ss

192 2481 205 2530 1
230 2491 264 2530 ex
287 2475 401 2530 fauonio
424 2474 451 2529 L
474 2479 499 2530 et
523 2475 592 2530 dett.
609 2475 721 2544 picria,
749 2491 766 2529 a
787 2474 902 2530 fauonio
920 2474 989 2530 Par.
1010 2481 1036 2531 ct
1058 2477 1090 2531 iu

14 2511 15 2536 l
121 2558 177 2598 ras.
194 2544 222 2596 A
246 2545 256 2613 ΙΙ
280 2549 295 2598 2
314 2544 463 2612 cognosset
479 2543 507 2597 L
525 2548 550 2598 ct
568 2543 633 2600 dett.
647 2544 764 2611 plaic,
782 2557 814 2596 co
837 2542 961 2597 uouisset
976 2544 1047 2598 Pur.
1066 2550 1093 2600 ct

14 2651 15 2664 2
122 2611 155 2664 in
171 2627 226 2667 rus.
243 2613 279 2666 A.
309 2611 344 2678 cf.
362 2612 400 2666 ud
417 2611 517 2677 1112,
536 2614 577 2666 15.
601 2617 663 2679 post
680 2611 706 2666 h.
724 2627 752 2665 u.
765 2626 784 2663 u
826 2611 871 2667 ,L
890 2616 914 2666 ot
932 2611 998 2666 deit.
1011 2612 1090 2667 Mar·

14 2681 16 2688 ”
123 2679 203 2734 iialia
220 2681 389 2749 epiorummu
405 2679 452 2734 11
469 2680 551 2734 uarie
567 2684 727 2746 corruptum
744 2678 866 2758 ascripto
877 2677 1025 2735 Martialis
1041 2695 1090 2734 uo·

121 2748 207 2801 minc:
233 2747 378 2801 martiales
396 2747 459 2816 (sie)
480 2762 576 2801 nosses
598 2747 709 2801 iocosae
733 2762 813 2800 sacru
835 2763 899 2800 cum
922 2745 1004 2801 dulce
1022 2747 1090 2802 flora

122 2814 217 2868 curin
235 2816 265 2869 te
283 2816 376 2868 atrum
395 2815 458 2868 cato
482 2829 579 2868 seuero
602 2814 705 2868 uenisti
728 2831 764 2869 an
786 2813 850 2868 ideo
872 2815 952 2868 tanti
971 2830 1090 2869 ueneras

121 2883 153 2934 ut
170 2881 260 2936 exires
277 2881 404 2936 discessit
422 2882 452 2936 at
469 2881 550 2936 athro
568 2899 604 2936 nc
621 2882 661 2949 L,
681 2883 775 2937 cadem
790 2887 855 2937 unte
871 2898 927 2937 rus.
938 2882 1025 2948 fuisse
1042 2899 1060 2936 u
1081 2914 1090 2924 ·

118 2954 201 3017 paret
219 2951 252 3004 iu
268 2950 296 3003 A
340 2957 356 3004 3
374 2950 427 3004 litt.
445 2949 573 3004 tudinem
590 2949 713 3020 impedit
729 2951 762 3005 in
778 2965 833 3004 rus.
852 2952 919 3005 Μ
936 2951 963 3003 L
979 2951 989 3018 ll
1007 2957 1023 3004 4
1042 2900 1090 3004 ui-

122 3018 245 3072 sseunte
263 3017 291 3070 L
343 3018 545 3073 dreuocarunt
562 3017 636 3083 LA,
655 3034 703 3072 ern
722 3019 754 3072 in
772 3017 834 3072 edd.
854 3023 920 3072 neit.
941 3019 950 3086 ΙΙ
972 3025 987 3072 6
1005 3019 1089 3073 maie·

124 3084 190 3138 stati
213 3085 295 3139 unius
315 3084 391 3138 illius
417 3084 747 3156 Weusky1884p.782

120 3157 137 3206 9
159 3151 292 3224 clientela
316 3153 336 3222 (i
357 3168 426 3208 corr.
444 3169 479 3209 aa
498 3156 545 3221 ui)
564 3152 591 3207 L
615 3155 625 3222 ΙΙ
651 3160 682 3208 10
705 3171 761 3208 una
794 3153 863 3209 edd.
886 3153 938 3219 inlu
959 3153 1089 3234 (wdcmq.

119 3225 186 3274 uota
203 3225 235 3274 iu
252 3235 319 3290 mro.
337 3221 467 3289 repetitu)
485 3221 525 3288 L,
544 3221 592 3279 inl.
604 3223 644 3285 A,
664 3223 737 3290 qaod
755 3228 845 3277 omum
864 3237 877 3276 e
895 3221 1088 3302 dihoyraplua

117 3289 312 3356 proximarum
329 3289 383 3344 litt.
400 3290 440 3342 im
452 3289 556 3357 deieci,
576 3289 612 3356 cs.
625 3289 759 3344 Eleaticis.
777 3293 848 3344 1886
860 3305 891 3356 p.
903 3291 946 3359 63,
963 3290 1089 3344 inlustris

775 3088 780 3154 Ι
806 3093 821 3140 7
844 3086 990 3140 uniuersos
1012 3087 1051 3139 A²
1074 3088 1087 3157 ll

32 3367 35 3373 ·
80 3379 91 3398 ·
123 3356 210 3410 ccod.
229 3356 360 3411 Leidens.
379 3357 531 3412 Turranius
548 3357 648 3423 Halm,
667 3357 821 3412 nullaime
842 3356 1089 3414 ornatuum

123 3424 135 3493 ll
156 3430 187 3477 16
206 3426 402 3494 aspectandis
421 3439 489 3479 corr.
508 3441 543 3479 en
561 3427 587 3494 a)
607 3425 634 3478 L
652 3427 662 3494 ΙΙ
680 3426 802 3479 ueritate
868 3427 878 3494 [Ι
902 3432 932 3480 17
950 3427 1089 3480 harmodii

119 3492 148 3544 A
164 3491 252 3546 Halm
269 3494 279 3562 ΙΙ
295 3494 409 3560 tyranni
427 3492 584 3548 deliberare
603 3493 685 3546 L¹A¹
703 3493 712 3561 ΙΙ
730 3499 763 3548 20
780 3493 929 3564 pistrinum
946 3495 973 3548 L
985 3496 995 3562 ΙΙ
1008 3500 1041 3548 23
1059 3495 1088 3548 iu

120 3574 170 3619 om,
188 3559 260 3628 LA,
279 3561 369 3628 suppl.
388 3559 476 3615 Halm
494 3577 508 3614 e
524 3562 593 3615 Par.
