<?xml version="1.0" encoding="UTF-8"?>
<!DOCTYPE html PUBLIC "-//W3C//DTD XHTML 1.0 Transitional//EN"
    "http://www.w3.org/TR/xhtml1/DTD/xhtml1-transitional.dtd">
<html xmlns="http://www.w3.org/1999/xhtml" xml:lang="en" lang="en">
 <head>
  <title>
</title>
<meta http-equiv="Content-Type" content="text/html;charset=utf-8" />
  <meta name='ocr-system' content='tesseract 3.04.00' />
  <meta name='ocr-capabilities' content='ocr_page ocr_carea ocr_par ocr_line ocrx_word'/>
</head>
<body>
  <div class='ocr_page' id='page_1' title='image "./valeriimaximifa00nepogoog_0472.png"; bbox 0 0 2550 3958; ppageno 0'>
   <div class='ocr_carea' id='block_1_1' title="bbox 372 161 1150 230">
    <p class='ocr_par' dir='ltr' id='par_1_1' title="bbox 372 161 1150 230">
     <span class='ocr_line' id='line_1_1' title="bbox 372 161 1150 230; baseline 0.008 -14"><span class='ocrx_word' id='word_1_1' title='bbox 372 161 569 230; x_wconf 74' lang='lat' dir='ltr'>cAP.1‚es.</span> <span class='ocrx_word' id='word_1_2' title='bbox 605 161 669 215; x_wconf 67' lang='lat' dir='ltr'>nrt.</span> <span class='ocrx_word' id='word_1_3' title='bbox 688 167 703 227; x_wconf 67' lang='lat' dir='ltr'>a</span> <span class='ocrx_word' id='word_1_4' title='bbox 723 167 797 217; x_wconf 77' lang='lat'>1-4.</span> <span class='ocrx_word' id='word_1_5' title='bbox 1007 165 1069 229; x_wconf 90' lang='grc'>431</span> <span class='ocrx_word' id='word_1_6' title='bbox 1138 217 1150 222; x_wconf 91' lang='grc'>-</span> 
     </span>
    </p>
   </div>
   <div class='ocr_carea' id='block_1_2' title="bbox 1 313 1071 568">
    <p class='ocr_par' dir='ltr' id='par_1_2' title="bbox 1 313 1071 568">
     <span class='ocr_line' id='line_1_2' title="bbox 1 313 1070 400; baseline 0.002 -22"><span class='ocrx_word' id='word_1_7' title='bbox 1 385 2 392; x_wconf 16' lang='lat'>¹</span> <span class='ocrx_word' id='word_1_8' title='bbox 102 318 140 379; x_wconf 92' lang='lat' dir='ltr'>ut</span> <span class='ocrx_word' id='word_1_9' title='bbox 162 335 261 398; x_wconf 90' lang='lat' dir='ltr'>aeque</span> <span class='ocrx_word' id='word_1_10' title='bbox 280 315 479 380; x_wconf 87' lang='lat' dir='ltr'>terrestrium</span> <span class='ocrx_word' id='word_1_11' title='bbox 495 314 665 379; x_wconf 87' lang='lat' dir='ltr'>scelestum</span> <span class='ocrx_word' id='word_1_12' title='bbox 680 313 1001 400; x_wconf 87' lang='lat' dir='ltr'>Karthaginiensium</span> <span class='ocrx_word' id='word_1_13' title='bbox 1018 337 1070 380; x_wconf 92' lang='lat' dir='ltr'>co-</span> 
     </span>
     <span class='ocr_line' id='line_1_3' title="bbox 103 399 1069 485; baseline 0.002 -23"><span class='ocrx_word' id='word_1_14' title='bbox 103 399 229 483; x_wconf 90' lang='lat' dir='ltr'>piarum</span> <span class='ocrx_word' id='word_1_15' title='bbox 251 399 431 483; x_wconf 87' lang='lat' dir='ltr'>ingressum</span> <span class='ocrx_word' id='word_1_16' title='bbox 458 402 544 464; x_wconf 89' lang='lat' dir='ltr'>terra</span> <span class='ocrx_word' id='word_1_17' title='bbox 566 420 662 482; x_wconf 84' lang='lat' dir='ltr'>quam</span> <span class='ocrx_word' id='word_1_18' title='bbox 691 400 923 464; x_wconf 85' lang='lat' dir='ltr'>maritimarum</span> <span class='ocrx_word' id='word_1_19' title='bbox 946 400 1069 485; x_wconf 89' lang='lat' dir='ltr'>Neptu·</span> 
     </span>
     <span class='ocr_line' id='line_1_4' title="bbox 104 484 1071 568; baseline 0.003 -21"><span class='ocrx_word' id='word_1_20' title='bbox 104 505 165 547; x_wconf 91' lang='lat' dir='ltr'>nus</span> <span class='ocrx_word' id='word_1_21' title='bbox 189 485 394 567; x_wconf 78' lang='lat' dir='ltr'>experiretur.</span> <span class='ocrx_word' id='word_1_22' title='bbox 438 484 523 548; x_wconf 91' lang='lat' dir='ltr'>idem</span> <span class='ocrx_word' id='word_1_23' title='bbox 547 484 692 568; x_wconf 87' lang='lat' dir='ltr'>captiuos</span> <span class='ocrx_word' id='word_1_24' title='bbox 713 487 842 549; x_wconf 89' lang='lat' dir='ltr'>nostros</span> <span class='ocrx_word' id='word_1_25' title='bbox 864 486 1015 550; x_wconf 89' lang='lat' dir='ltr'>oneribus</span> <span class='ocrx_word' id='word_1_26' title='bbox 1039 488 1071 550; x_wconf 90' lang='lat' dir='ltr'>et</span> 
     </span>
    </p>
   </div>
   <div class='ocr_carea' id='block_1_3' title="bbox 1 567 1069 653">
    <p class='ocr_par' dir='ltr' id='par_1_3' title="bbox 1 567 1069 653">
     <span class='ocr_line' id='line_1_5' title="bbox 1 567 1069 653; baseline -0.002 -17"><span class='ocrx_word' id='word_1_27' title='bbox 1 628 2 636; x_wconf 72' lang='grc'>,</span> <span class='ocrx_word' id='word_1_28' title='bbox 102 568 220 632; x_wconf 87' lang='lat' dir='ltr'>itinere</span> <span class='ocrx_word' id='word_1_29' title='bbox 242 567 345 632; x_wconf 85' lang='lat' dir='ltr'>fessos</span> <span class='ocrx_word' id='word_1_30' title='bbox 366 569 431 632; x_wconf 83' lang='lat' dir='ltr'>ianr</span> <span class='ocrx_word' id='word_1_31' title='bbox 453 569 558 653; x_wconf 85' lang='lat' dir='ltr'>prima</span> <span class='ocrx_word' id='word_1_32' title='bbox 580 567 696 652; x_wconf 91' lang='lat' dir='ltr'>pedum</span> <span class='ocrx_word' id='word_1_33' title='bbox 719 572 812 652; x_wconf 87' lang='lat' dir='ltr'>parte</span> <span class='ocrx_word' id='word_1_34' title='bbox 827 570 951 634; x_wconf 88' lang='lat' dir='ltr'>succisa</span> <span class='ocrx_word' id='word_1_35' title='bbox 973 569 1069 634; x_wconf 91' lang='lat' dir='ltr'>relin-</span> 
     </span>
    </p>
   </div>
   <div class='ocr_carea' id='block_1_4' title="bbox 1 640 1095 995">
    <p class='ocr_par' dir='ltr' id='par_1_4' title="bbox 1 640 1095 995">
     <span class='ocr_line' id='line_1_6' title="bbox 1 640 1095 739; baseline 0 -22"><span class='ocrx_word' id='word_1_36' title='bbox 1 640 3 666; x_wconf 66' lang='lat'>³</span> <span class='ocrx_word' id='word_1_37' title='bbox 102 653 231 736; x_wconf 87' lang='lat' dir='ltr'>quebat.</span> <span class='ocrx_word' id='word_1_38' title='bbox 275 674 357 736; x_wconf 88' lang='lat' dir='ltr'>quos</span> <span class='ocrx_word' id='word_1_39' title='bbox 378 674 455 718; x_wconf 90' lang='lat' dir='ltr'>uero</span> <span class='ocrx_word' id='word_1_40' title='bbox 478 654 513 717; x_wconf 93' lang='lat' dir='ltr'>in</span> <span class='ocrx_word' id='word_1_41' title='bbox 536 657 642 718; x_wconf 85' lang='lat' dir='ltr'>castra</span> <span class='ocrx_word' id='word_1_42' title='bbox 663 653 865 735; x_wconf 87' lang='lat' dir='ltr'>perduxerat,</span> <span class='ocrx_word' id='word_1_43' title='bbox 888 655 981 739; x_wconf 90' lang='lat' dir='ltr'>paria</span> <span class='ocrx_word' id='word_1_44' title='bbox 1002 654 1095 718; x_wconf 82' lang='lat' dir='ltr'>feres</span> 
     </span>
     <span class='ocr_line' id='line_1_7' title="bbox 101 737 1070 822; baseline 0.003 -22"><span class='ocrx_word' id='word_1_45' title='bbox 101 739 239 802; x_wconf 76' lang='lat' dir='ltr'><strong>fratrum</strong></span> <span class='ocrx_word' id='word_1_46' title='bbox 267 742 300 801; x_wconf 88' lang='lat' dir='ltr'>et</span> <span class='ocrx_word' id='word_1_47' title='bbox 331 738 586 821; x_wconf 88' lang='lat' dir='ltr'>propinquorum</span> <span class='ocrx_word' id='word_1_48' title='bbox 620 737 758 822; x_wconf 88' lang='lat' dir='ltr'>iungens</span> <span class='ocrx_word' id='word_1_49' title='bbox 784 739 871 804; x_wconf 89' lang='lat' dir='ltr'>ferro</span> <span class='ocrx_word' id='word_1_50' title='bbox 900 740 1070 804; x_wconf 82' lang='lat' dir='ltr'>decernere</span> 
     </span>
     <span class='ocr_line' id='line_1_8' title="bbox 102 822 1071 909; baseline 0.001 -23"><span class='ocrx_word' id='word_1_51' title='bbox 102 822 241 906; x_wconf 87' lang='lat' dir='ltr'>cogebat</span> <span class='ocrx_word' id='word_1_52' title='bbox 265 843 370 905; x_wconf 91' lang='lat' dir='ltr'>neque</span> <span class='ocrx_word' id='word_1_53' title='bbox 398 826 477 886; x_wconf 89' lang='lat' dir='ltr'>ante</span> <span class='ocrx_word' id='word_1_54' title='bbox 505 824 663 907; x_wconf 85' lang='lat' dir='ltr'>sanguine</span> <span class='ocrx_word' id='word_1_55' title='bbox 692 823 881 907; x_wconf 76' lang='lat' dir='ltr'>explebatur</span> <span class='ocrx_word' id='word_1_56' title='bbox 909 824 1071 909; x_wconf 83' lang='lat' dir='ltr'>quemad</span> 
     </span>
     <span class='ocr_line' id='line_1_9' title="bbox 101 906 1070 995; baseline 0.001 -25"><span class='ocrx_word' id='word_1_57' title='bbox 101 927 201 970; x_wconf 89' lang='lat' dir='ltr'>unum</span> <span class='ocrx_word' id='word_1_58' title='bbox 223 906 382 972; x_wconf 88' lang='lat' dir='ltr'>uictorem</span> <span class='ocrx_word' id='word_1_59' title='bbox 404 928 515 972; x_wconf 90' lang='lat' dir='ltr'>omnes</span> <span class='ocrx_word' id='word_1_60' title='bbox 537 909 722 993; x_wconf 78' lang='lat' dir='ltr'>redegisset.</span> <span class='ocrx_word' id='word_1_61' title='bbox 766 910 850 972; x_wconf 87' lang='lat' dir='ltr'>iusto</span> <span class='ocrx_word' id='word_1_62' title='bbox 878 930 954 995; x_wconf 92' lang='lat' dir='ltr'>ergo</span> <span class='ocrx_word' id='word_1_63' title='bbox 977 909 1070 973; x_wconf 91' lang='lat' dir='ltr'>illum</span> 
     </span>
    </p>
   </div>
   <div class='ocr_carea' id='block_1_5' title="bbox 102 991 1070 1076">
    <p class='ocr_par' dir='ltr' id='par_1_5' title="bbox 0 981 1070 1076">
     <span class='ocr_line' id='line_1_10' title="bbox 102 991 1070 1076; baseline 0.002 -21.809"><span class='ocrx_word' id='word_1_64' title='bbox 102 991 193 1073; x_wconf 91' lang='lat' dir='ltr'>odio,</span> <span class='ocrx_word' id='word_1_65' title='bbox 223 1013 336 1056; x_wconf 90' lang='lat' dir='ltr'>uerum</span> <span class='ocrx_word' id='word_1_66' title='bbox 357 996 467 1056; x_wconf 86' lang='lat' dir='ltr'>tamen</span> <span class='ocrx_word' id='word_1_67' title='bbox 490 992 582 1056; x_wconf 88' lang='lat' dir='ltr'>tardo</span> <span class='ocrx_word' id='word_1_68' title='bbox 605 993 761 1076; x_wconf 87' lang='lat' dir='ltr'>supplicio</span> <span class='ocrx_word' id='word_1_69' title='bbox 785 996 916 1058; x_wconf 86' lang='lat' dir='ltr'>senatus</span> <span class='ocrx_word' id='word_1_70' title='bbox 938 993 1070 1058; x_wconf 79' lang='lat' dir='ltr'>Prusiae</span> 
     </span>
    </p>
   </div>
   <div class='ocr_carea' id='block_1_6' title="bbox 103 1076 1111 1160">
    <p class='ocr_par' dir='ltr' id='par_1_6' title="bbox 103 1076 1111 1160">
     <span class='ocr_line' id='line_1_11' title="bbox 103 1076 1111 1160; baseline 0.001 -21"><span class='ocrx_word' id='word_1_71' title='bbox 103 1077 189 1160; x_wconf 89' lang='lat' dir='ltr'>regis</span> <span class='ocrx_word' id='word_1_72' title='bbox 226 1076 348 1141; x_wconf 85' lang='lat' dir='ltr'>factum</span> <span class='ocrx_word' id='word_1_73' title='bbox 392 1077 569 1160; x_wconf 80' lang='lat' dir='ltr'>supplicem</span> <span class='ocrx_word' id='word_1_74' title='bbox 607 1079 647 1141; x_wconf 90' lang='lat' dir='ltr'>ad</span> <span class='ocrx_word' id='word_1_75' title='bbox 683 1077 896 1143; x_wconf 88' lang='lat' dir='ltr'>uoluntariam</span> <span class='ocrx_word' id='word_1_76' title='bbox 934 1081 1070 1142; x_wconf 91' lang='lat' dir='ltr'>mortem</span> <span class='ocrx_word' id='word_1_77' title='bbox 1083 1100 1111 1140; x_wconf 87' lang='lat' dir='ltr'>ro</span> 
     </span>
    </p>
   </div>
   <div class='ocr_carea' id='block_1_7' title="bbox 1 1160 259 1244">
    <p class='ocr_par' dir='ltr' id='par_1_7' title="bbox 1 1160 259 1244">
     <span class='ocr_line' id='line_1_12' title="bbox 1 1160 259 1244; baseline 0.004 -20"><span class='ocrx_word' id='word_1_78' title='bbox 1 1161 2 1164; x_wconf 70' lang='grc'>’</span> <span class='ocrx_word' id='word_1_79' title='bbox 102 1160 259 1244; x_wconf 80' lang='lat' dir='ltr'>conpulit.</span> 
     </span>
    </p>
   </div>
   <div class='ocr_carea' id='block_1_8' title="bbox 1 1244 1072 1501">
    <p class='ocr_par' dir='ltr' id='par_1_8' title="bbox 1 1244 1072 1501">
     <span class='ocr_line' id='line_1_13' title="bbox 1 1244 1071 1332; baseline 0.001 -23"><span class='ocrx_word' id='word_1_80' title='bbox 1 1295 2 1321; x_wconf 50' lang='lat'><em>2</em></span> <span class='ocrx_word' id='word_1_81' title='bbox 168 1245 196 1312; x_wconf 83' lang='lat'>3.</span> <span class='ocrx_word' id='word_1_82' title='bbox 230 1245 309 1309; x_wconf 80' lang='lat' dir='ltr'>Tam</span> <span class='ocrx_word' id='word_1_83' title='bbox 345 1244 475 1310; x_wconf 86' lang='lat' dir='ltr'>hercule</span> <span class='ocrx_word' id='word_1_84' title='bbox 509 1267 604 1329; x_wconf 90' lang='lat' dir='ltr'>quam</span> <span class='ocrx_word' id='word_1_85' title='bbox 631 1246 830 1311; x_wconf 78' lang='lat' dir='ltr'>Mitridatem</span> <span class='ocrx_word' id='word_1_86' title='bbox 856 1267 981 1332; x_wconf 86' lang='lat' dir='ltr'>regem,</span> <span class='ocrx_word' id='word_1_87' title='bbox 1015 1248 1071 1331; x_wconf 89' lang='lat' dir='ltr'>qui</span> 
     </span>
     <span class='ocr_line' id='line_1_14' title="bbox 1 1329 1072 1415; baseline 0.003 -23"><span class='ocrx_word' id='word_1_88' title='bbox 1 1343 3 1352; x_wconf 80' lang='grc'>’</span> <span class='ocrx_word' id='word_1_89' title='bbox 102 1350 168 1393; x_wconf 91' lang='lat' dir='ltr'>una</span> <span class='ocrx_word' id='word_1_90' title='bbox 190 1329 325 1413; x_wconf 88' lang='lat' dir='ltr'>epistola</span> <span class='ocrx_word' id='word_1_91' title='bbox 345 1335 447 1400; x_wconf 72' lang='lat' dir='ltr'><strong>L&#39;x&#39;xX</strong></span> <span class='ocrx_word' id='word_1_92' title='bbox 470 1330 588 1394; x_wconf 89' lang='lat' dir='ltr'>ciuium</span> <span class='ocrx_word' id='word_1_93' title='bbox 610 1331 827 1396; x_wconf 86' lang='lat' dir='ltr'>Romanorum</span> <span class='ocrx_word' id='word_1_94' title='bbox 853 1332 889 1395; x_wconf 90' lang='lat' dir='ltr'>in</span> <span class='ocrx_word' id='word_1_95' title='bbox 912 1332 992 1396; x_wconf 86' lang='lat' dir='ltr'>Asia</span> <span class='ocrx_word' id='word_1_96' title='bbox 1013 1353 1072 1415; x_wconf 91' lang='lat' dir='ltr'>per</span> 
     </span>
     <span class='ocr_line' id='line_1_15' title="bbox 103 1414 1072 1501; baseline 0.002 -24"><span class='ocrx_word' id='word_1_97' title='bbox 103 1414 199 1478; x_wconf 89' lang='lat' dir='ltr'>urbes</span> <span class='ocrx_word' id='word_1_98' title='bbox 214 1414 403 1498; x_wconf 82' lang='lat' dir='ltr'>negotiandi</span> <span class='ocrx_word' id='word_1_99' title='bbox 424 1416 531 1499; x_wconf 86' lang='lat' dir='ltr'>gratia</span> <span class='ocrx_word' id='word_1_100' title='bbox 546 1416 689 1501; x_wconf 89' lang='lat' dir='ltr'>dispersa</span> <span class='ocrx_word' id='word_1_101' title='bbox 712 1416 876 1481; x_wconf 88' lang='lat' dir='ltr'>interemit</span> <span class='ocrx_word' id='word_1_102' title='bbox 896 1419 1072 1499; x_wconf 87' lang='lat' dir='ltr'>tantaeque</span> 
     </span>
    </p>
   </div>
   <div class='ocr_carea' id='block_1_9' title="bbox 102 1497 1112 1582">
    <p class='ocr_par' dir='ltr' id='par_1_9' title="bbox 0 1494 1112 1592">
     <span class='ocr_line' id='line_1_16' title="bbox 102 1497 1112 1582; baseline 0.001 -21.908"><span class='ocrx_word' id='word_1_103' title='bbox 102 1498 291 1582; x_wconf 88' lang='lat' dir='ltr'>prouinciae</span> <span class='ocrx_word' id='word_1_104' title='bbox 318 1497 489 1582; x_wconf 91' lang='lat' dir='ltr'>hospitalis</span> <span class='ocrx_word' id='word_1_105' title='bbox 519 1499 595 1564; x_wconf 92' lang='lat' dir='ltr'>deos</span> <span class='ocrx_word' id='word_1_106' title='bbox 623 1501 759 1578; x_wconf 84' lang='lat' dir='ltr'>iniusto,</span> <span class='ocrx_word' id='word_1_107' title='bbox 789 1501 843 1564; x_wconf 90' lang='lat' dir='ltr'>sed</span> <span class='ocrx_word' id='word_1_108' title='bbox 871 1521 939 1564; x_wconf 90' lang='lat' dir='ltr'>non</span> <span class='ocrx_word' id='word_1_109' title='bbox 967 1500 1071 1564; x_wconf 85' lang='lat' dir='ltr'>inulto</span> <span class='ocrx_word' id='word_1_110' title='bbox 1085 1521 1112 1560; x_wconf 82' lang='lat'>15</span> 
     </span>
    </p>
   </div>
   <div class='ocr_carea' id='block_1_10' title="bbox 103 1583 1071 1752">
    <p class='ocr_par' dir='ltr' id='par_1_10' title="bbox 103 1583 1071 1752">
     <span class='ocr_line' id='line_1_17' title="bbox 105 1583 1071 1668; baseline 0.001 -21"><span class='ocrx_word' id='word_1_111' title='bbox 105 1603 216 1647; x_wconf 91' lang='lat' dir='ltr'>cruore</span> <span class='ocrx_word' id='word_1_112' title='bbox 237 1583 400 1666; x_wconf 85' lang='lat' dir='ltr'>respersit,</span> <span class='ocrx_word' id='word_1_113' title='bbox 423 1585 574 1668; x_wconf 88' lang='lat' dir='ltr'>quoniam</span> <span class='ocrx_word' id='word_1_114' title='bbox 596 1607 668 1650; x_wconf 90' lang='lat' dir='ltr'>cum</span> <span class='ocrx_word' id='word_1_115' title='bbox 690 1584 830 1650; x_wconf 87' lang='lat' dir='ltr'>maximo</span> <span class='ocrx_word' id='word_1_116' title='bbox 854 1585 997 1649; x_wconf 87' lang='lat' dir='ltr'>cruciatu</span> <span class='ocrx_word' id='word_1_117' title='bbox 1019 1606 1071 1648; x_wconf 90' lang='lat' dir='ltr'>ue·</span> 
     </span>
     <span class='ocr_line' id='line_1_18' title="bbox 103 1669 1071 1752; baseline 0.002 -21"><span class='ocrx_word' id='word_1_118' title='bbox 103 1687 189 1731; x_wconf 91' lang='lat' dir='ltr'>neno</span> <span class='ocrx_word' id='word_1_119' title='bbox 215 1672 451 1752; x_wconf 80' lang='lat' dir='ltr'>repugnantem</span> <span class='ocrx_word' id='word_1_120' title='bbox 479 1669 627 1752; x_wconf 89' lang='lat' dir='ltr'>spiritum</span> <span class='ocrx_word' id='word_1_121' title='bbox 656 1690 747 1734; x_wconf 88' lang='lat' dir='ltr'>suum</span> <span class='ocrx_word' id='word_1_122' title='bbox 775 1669 907 1734; x_wconf 89' lang='lat' dir='ltr'>tandem</span> <span class='ocrx_word' id='word_1_123' title='bbox 930 1690 1071 1734; x_wconf 88' lang='lat' dir='ltr'>succum-</span> 
     </span>
    </p>
   </div>
   <div class='ocr_carea' id='block_1_11' title="bbox 103 1752 1072 1838">
    <p class='ocr_par' dir='ltr' id='par_1_11' title="bbox 1 1752 1072 1838">
     <span class='ocr_line' id='line_1_19' title="bbox 103 1752 1072 1838; baseline 0.003 -23.714"><span class='ocrx_word' id='word_1_124' title='bbox 103 1752 180 1816; x_wconf 90' lang='lat' dir='ltr'>bere</span> <span class='ocrx_word' id='word_1_125' title='bbox 211 1753 318 1836; x_wconf 85' lang='lat' dir='ltr'>coegit</span> <span class='ocrx_word' id='word_1_126' title='bbox 352 1753 511 1837; x_wconf 89' lang='lat' dir='ltr'>simulque</span> <span class='ocrx_word' id='word_1_127' title='bbox 543 1754 671 1838; x_wconf 86' lang='lat' dir='ltr'>piacula</span> <span class='ocrx_word' id='word_1_128' title='bbox 699 1754 847 1819; x_wconf 90' lang='lat' dir='ltr'>crucibus</span> <span class='ocrx_word' id='word_1_129' title='bbox 880 1753 945 1818; x_wconf 93' lang='lat' dir='ltr'>illis</span> <span class='ocrx_word' id='word_1_130' title='bbox 974 1753 1072 1837; x_wconf 87' lang='lat' dir='ltr'>dedit,</span> 
     </span>
    </p>
   </div>
   <div class='ocr_carea' id='block_1_12' title="bbox 1 1836 1114 2255">
    <p class='ocr_par' dir='ltr' id='par_1_12' title="bbox 1 1836 1114 2255">
     <span class='ocr_line' id='line_1_20' title="bbox 1 1836 1071 1922; baseline 0.003 -23"><span class='ocrx_word' id='word_1_131' title='bbox 1 1914 3 1922; x_wconf 19' lang='lat' dir='ltr'>y</span> <span class='ocrx_word' id='word_1_132' title='bbox 105 1836 221 1920; x_wconf 89' lang='lat' dir='ltr'>quibus</span> <span class='ocrx_word' id='word_1_133' title='bbox 251 1837 345 1922; x_wconf 88' lang='lat' dir='ltr'>[illos]</span> <span class='ocrx_word' id='word_1_134' title='bbox 374 1839 495 1902; x_wconf 90' lang='lat' dir='ltr'>amicos</span> <span class='ocrx_word' id='word_1_135' title='bbox 523 1860 597 1903; x_wconf 90' lang='lat' dir='ltr'>suos</span> <span class='ocrx_word' id='word_1_136' title='bbox 630 1843 760 1904; x_wconf 87' lang='lat' dir='ltr'>auctore</span> <span class='ocrx_word' id='word_1_137' title='bbox 789 1839 897 1903; x_wconf 86' lang='lat' dir='ltr'>Gauro</span> <span class='ocrx_word' id='word_1_138' title='bbox 929 1838 1071 1922; x_wconf 85' lang='lat' dir='ltr'>spadone</span> 
     </span>
     <span class='ocr_line' id='line_1_21' title="bbox 1 1920 1114 2007; baseline 0.003 -24"><span class='ocrx_word' id='word_1_139' title='bbox 1 1925 3 2006; x_wconf 67' lang='lat' dir='ltr'><strong>j</strong></span> <span class='ocrx_word' id='word_1_140' title='bbox 105 1920 297 1986; x_wconf 90' lang='lat' dir='ltr'>libidinosus</span> <span class='ocrx_word' id='word_1_141' title='bbox 320 1924 490 2007; x_wconf 88' lang='lat' dir='ltr'>obsequio,</span> <span class='ocrx_word' id='word_1_142' title='bbox 514 1925 667 1988; x_wconf 90' lang='lat' dir='ltr'>scelestus</span> <span class='ocrx_word' id='word_1_143' title='bbox 690 1923 825 2007; x_wconf 89' lang='lat' dir='ltr'>imperio</span> <span class='ocrx_word' id='word_1_144' title='bbox 848 1923 1019 1988; x_wconf 84' lang='lat' dir='ltr'>adfecerat.</span> <span class='ocrx_word' id='word_1_145' title='bbox 1083 1941 1114 1981; x_wconf 74' lang='lat' dir='ltr'>sc</span> 
     </span>
     <span class='ocr_line' id='line_1_22' title="bbox 1 2005 1071 2094; baseline 0.002 -25"><span class='ocrx_word' id='word_1_146' title='bbox 1 2026 3 2036; x_wconf 72' lang='grc'>’</span> <span class='ocrx_word' id='word_1_147' title='bbox 168 2007 198 2071; x_wconf 89' lang='grc'>4.</span> <span class='ocrx_word' id='word_1_148' title='bbox 232 2005 427 2091; x_wconf 87' lang='lat' dir='ltr'>†Zisemis‚</span> <span class='ocrx_word' id='word_1_149' title='bbox 460 2007 647 2094; x_wconf 81' lang='lat' dir='ltr'>Diogyridis</span> <span class='ocrx_word' id='word_1_150' title='bbox 679 2009 752 2089; x_wconf 92' lang='lat' dir='ltr'>filii,</span> <span class='ocrx_word' id='word_1_151' title='bbox 786 2007 943 2072; x_wconf 89' lang='lat' dir='ltr'>Thraciae</span> <span class='ocrx_word' id='word_1_152' title='bbox 974 2007 1071 2092; x_wconf 88' lang='lat' dir='ltr'>regis,</span> 
     </span>
     <span class='ocr_line' id='line_1_23' title="bbox 1 2086 1073 2190; baseline 0.003 -37"><span class='ocrx_word' id='word_1_153' title='bbox 1 2086 3 2122; x_wconf 70' lang='lat'>²</span> <span class='ocrx_word' id='word_1_154' title='bbox 105 2091 164 2154; x_wconf 90' lang='lat' dir='ltr'>etsi</span> <span class='ocrx_word' id='word_1_155' title='bbox 197 2092 304 2156; x_wconf 90' lang='lat' dir='ltr'>minus</span> <span class='ocrx_word' id='word_1_156' title='bbox 333 2093 554 2157; x_wconf 81' lang='lat' dir='ltr'>admirabilem</span> <span class='ocrx_word' id='word_1_157' title='bbox 583 2093 803 2158; x_wconf 82' lang='lat' dir='ltr'>crudelitatem</span> <span class='ocrx_word' id='word_1_158' title='bbox 830 2093 936 2190; x_wconf 84' lang='lat' dir='ltr'>gentis</span> <span class='ocrx_word' id='word_1_159' title='bbox 972 2092 1073 2175; x_wconf 88' lang='lat' dir='ltr'>ipsius</span> 
     </span>
     <span class='ocr_line' id='line_1_24' title="bbox 104 2174 1072 2255; baseline 0.003 -18"><span class='ocrx_word' id='word_1_160' title='bbox 104 2174 225 2255; x_wconf 85' lang='lat' dir='ltr'>feritas,</span> <span class='ocrx_word' id='word_1_161' title='bbox 248 2179 444 2242; x_wconf 83' lang='lat' dir='ltr'>narrandam</span> <span class='ocrx_word' id='word_1_162' title='bbox 466 2180 573 2242; x_wconf 85' lang='lat' dir='ltr'>tamen</span> <span class='ocrx_word' id='word_1_163' title='bbox 598 2179 702 2243; x_wconf 86' lang='lat' dir='ltr'>rabies</span> <span class='ocrx_word' id='word_1_164' title='bbox 725 2178 877 2242; x_wconf 81' lang='lat' dir='ltr'>saeuitlae</span> <span class='ocrx_word' id='word_1_165' title='bbox 898 2177 991 2255; x_wconf 84' lang='lat' dir='ltr'>facit,</span> <span class='ocrx_word' id='word_1_166' title='bbox 1020 2177 1072 2241; x_wconf 90' lang='lat' dir='ltr'>oui</span> 
     </span>
    </p>
   </div>
   <div class='ocr_carea' id='block_1_13' title="bbox 173 2327 1070 2397">
    <p class='ocr_par' dir='ltr' id='par_1_13' title="bbox 173 2327 1070 2397">
     <span class='ocr_line' id='line_1_25' title="bbox 173 2327 1070 2397; baseline 0.006 -18"><span class='ocrx_word' id='word_1_167' title='bbox 173 2331 187 2378; x_wconf 91' lang='lat'>1</span> <span class='ocrx_word' id='word_1_168' title='bbox 212 2341 303 2392; x_wconf 87' lang='lat' dir='ltr'>aquae</span> <span class='ocrx_word' id='word_1_169' title='bbox 326 2327 395 2380; x_wconf 84' lang='lat' dir='ltr'>LA¹</span> <span class='ocrx_word' id='word_1_170' title='bbox 419 2331 428 2397; x_wconf 92' lang='lat' dir='ltr'>l</span> <span class='ocrx_word' id='word_1_171' title='bbox 449 2329 625 2383; x_wconf 88' lang='lat' dir='ltr'>terrestrium</span> <span class='ocrx_word' id='word_1_172' title='bbox 649 2328 810 2383; x_wconf 85' lang='lat' dir='ltr'>scelestium</span> <span class='ocrx_word' id='word_1_173' title='bbox 834 2328 862 2381; x_wconf 99' lang='lat' dir='ltr'><strong><em>L</em></strong></span> <span class='ocrx_word' id='word_1_174' title='bbox 884 2333 910 2382; x_wconf 86' lang='lat' dir='ltr'>et</span> <span class='ocrx_word' id='word_1_175' title='bbox 932 2334 1070 2397; x_wconf 74' lang='lat' dir='ltr'>tromper.</span> 
     </span>
    </p>
   </div>
   <div class='ocr_carea' id='block_1_14' title="bbox 1 2366 1072 2460">
    <p class='ocr_par' dir='ltr' id='par_1_14' title="bbox 1 2366 1072 2460">
     <span class='ocr_line' id='line_1_26' title="bbox 1 2366 1072 2460; baseline 0.004 -15"><span class='ocrx_word' id='word_1_176' title='bbox 1 2366 2 2398; x_wconf 27' lang='grc' dir='ltr'>ἶ</span> <span class='ocrx_word' id='word_1_177' title='bbox 104 2394 178 2447; x_wconf 77' lang='lat' dir='ltr'>notis</span> <span class='ocrx_word' id='word_1_178' title='bbox 196 2394 460 2452; x_wconf 62' lang='lat' dir='ltr'>laomedontem.</span> <span class='ocrx_word' id='word_1_179' title='bbox 477 2413 565 2450; x_wconf 73' lang='lat' dir='ltr'>manu</span> <span class='ocrx_word' id='word_1_180' title='bbox 581 2396 648 2450; x_wconf 84' lang='lat' dir='ltr'>odd.</span> <span class='ocrx_word' id='word_1_181' title='bbox 668 2397 703 2460; x_wconf 81' lang='lat' dir='ltr'>A,</span> <span class='ocrx_word' id='word_1_182' title='bbox 716 2403 748 2450; x_wconf 84' lang='lat' dir='ltr'>ut</span> <span class='ocrx_word' id='word_1_183' title='bbox 765 2410 815 2450; x_wconf 83' lang='lat' dir='ltr'>uos</span> <span class='ocrx_word' id='word_1_184' title='bbox 827 2396 900 2458; x_wconf 77' lang='lat' dir='ltr'>cetu,</span> <span class='ocrx_word' id='word_1_185' title='bbox 921 2397 1072 2450; x_wconf 81' lang='lat' dir='ltr'>scelestum</span> 
     </span>
    </p>
   </div>
   <div class='ocr_carea' id='block_1_15' title="bbox 0 2461 1072 2667">
    <p class='ocr_par' dir='ltr' id='par_1_15' title="bbox 0 2461 1072 2667">
     <span class='ocr_line' id='line_1_27' title="bbox 104 2461 1070 2533; baseline 0.003 -19"><span class='ocrx_word' id='word_1_186' title='bbox 104 2465 170 2514; x_wconf 88' lang='lat' dir='ltr'>terr.</span> <span class='ocrx_word' id='word_1_187' title='bbox 189 2461 445 2531; x_wconf 75' lang='lat' dir='ltr'>Mudue&#39;911334n</span> <span class='ocrx_word' id='word_1_188' title='bbox 458 2470 473 2516; x_wconf 83' lang='lat'>2</span> <span class='ocrx_word' id='word_1_189' title='bbox 491 2465 647 2531; x_wconf 82' lang='lat' dir='ltr'>ingressum</span> <span class='ocrx_word' id='word_1_190' title='bbox 665 2465 711 2518; x_wconf 82' lang='lat' dir='ltr'>uel</span> <span class='ocrx_word' id='word_1_191' title='bbox 728 2479 855 2533; x_wconf 83' lang='lat' dir='ltr'>gressum</span> <span class='ocrx_word' id='word_1_192' title='bbox 867 2463 989 2532; x_wconf 72' lang='lat' dir='ltr'>Maduiy</span> <span class='ocrx_word' id='word_1_193' title='bbox 1007 2464 1025 2519; x_wconf 83' lang='lat' dir='ltr'>l.</span> <span class='ocrx_word' id='word_1_194' title='bbox 1039 2479 1070 2529; x_wconf 81' lang='lat' dir='ltr'>c,</span> 
     </span>
     <span class='ocr_line' id='line_1_28' title="bbox 0 2528 1072 2650; baseline 0.003 -69"><span class='ocrx_word' id='word_1_195' title='bbox 0 2537 1 2540; x_wconf 75' lang='grc'>’</span> <span class='ocrx_word' id='word_1_196' title='bbox 103 2543 249 2650; x_wconf 51' lang='lat' dir='ltr'>{grecam</span> <span class='ocrx_word' id='word_1_197' title='bbox 266 2528 327 2582; x_wconf 84' lang='lat' dir='ltr'>LA</span> <span class='ocrx_word' id='word_1_198' title='bbox 344 2530 432 2609; x_wconf 74' lang='lat' dir='ltr'>Heba</span> <span class='ocrx_word' id='word_1_199' title='bbox 452 2532 462 2599; x_wconf 85' lang='grc' dir='ltr'>ΙΙ</span> <span class='ocrx_word' id='word_1_200' title='bbox 484 2537 501 2584; x_wconf 87' lang='grc'>4</span> <span class='ocrx_word' id='word_1_201' title='bbox 519 2532 574 2585; x_wconf 89' lang='lat' dir='ltr'>iam</span> <span class='ocrx_word' id='word_1_202' title='bbox 599 2532 648 2584; x_wconf 78' lang='lat' dir='ltr'>loa</span> <span class='ocrx_word' id='word_1_203' title='bbox 665 2531 765 2585; x_wconf 79' lang='lat' dir='ltr'>aidum</span> <span class='ocrx_word' id='word_1_204' title='bbox 786 2531 819 2584; x_wconf 74' lang='lat' dir='ltr'>in</span> <span class='ocrx_word' id='word_1_205' title='bbox 835 2530 894 2583; x_wconf 89' lang='lat' dir='ltr'>ima</span> <span class='ocrx_word' id='word_1_206' title='bbox 911 2531 937 2582; x_wconf 83' lang='lat' dir='ltr'>b.</span> <span class='ocrx_word' id='word_1_207' title='bbox 956 2531 973 2584; x_wconf 85' lang='lat' dir='ltr'>l.</span> <span class='ocrx_word' id='word_1_208' title='bbox 997 2535 1022 2584; x_wconf 82' lang='lat' dir='ltr'>et</span> <span class='ocrx_word' id='word_1_209' title='bbox 1039 2547 1072 2629; x_wconf 68' lang='lat' dir='ltr'>spa</span> 
     </span>
     <span class='ocr_line' id='line_1_29' title="bbox 131 2597 1072 2667; baseline 0.001 -18"><span class='ocrx_word' id='word_1_210' title='bbox 131 2612 173 2654; x_wconf 86' lang='lat' dir='ltr'>ar.</span> <span class='ocrx_word' id='word_1_211' title='bbox 185 2597 360 2662; x_wconf 78' lang='lat' dir='ltr'>mutandum,</span> <span class='ocrx_word' id='word_1_212' title='bbox 378 2615 481 2666; x_wconf 81' lang='lat' dir='ltr'>prima,</span> <span class='ocrx_word' id='word_1_213' title='bbox 499 2599 573 2667; x_wconf 81' lang='lat' dir='ltr'>quod</span> <span class='ocrx_word' id='word_1_214' title='bbox 584 2612 635 2652; x_wconf 86' lang='lat' dir='ltr'>om.</span> <span class='ocrx_word' id='word_1_215' title='bbox 675 2614 724 2661; x_wconf 68' lang='lat' dir='ltr'>ar„</span> <span class='ocrx_word' id='word_1_216' title='bbox 744 2598 851 2652; x_wconf 77' lang='lat' dir='ltr'>dolend.</span> <span class='ocrx_word' id='word_1_217' title='bbox 870 2613 940 2652; x_wconf 81' lang='lat' dir='ltr'>ecus.</span> <span class='ocrx_word' id='word_1_218' title='bbox 956 2597 1040 2651; x_wconf 75' lang='lat' dir='ltr'>Gertz</span> <span class='ocrx_word' id='word_1_219' title='bbox 1062 2637 1072 2661; x_wconf 91' lang='lat'><em>,</em></span> 
     </span>
    </p>
   </div>
   <div class='ocr_carea' id='block_1_16' title="bbox 1 2664 1073 2802">
    <p class='ocr_par' dir='ltr' id='par_1_16' title="bbox 1 2664 1073 2802">
     <span class='ocr_line' id='line_1_30' title="bbox 1 2664 1071 2734; baseline -0.003 -14"><span class='ocrx_word' id='word_1_220' title='bbox 1 2673 2 2706; x_wconf 75' lang='lat'>3</span> <span class='ocrx_word' id='word_1_221' title='bbox 104 2664 178 2732; x_wconf 77' lang='lat' dir='ltr'>quod</span> <span class='ocrx_word' id='word_1_222' title='bbox 193 2680 291 2718; x_wconf 81' lang='lat' dir='ltr'>uerum</span> <span class='ocrx_word' id='word_1_223' title='bbox 304 2672 374 2733; x_wconf 82' lang='lat' dir='ltr'>puto</span> <span class='ocrx_word' id='word_1_224' title='bbox 386 2667 396 2734; x_wconf 85' lang='grc' dir='ltr'>ΙΙ</span> <span class='ocrx_word' id='word_1_225' title='bbox 409 2672 425 2719; x_wconf 79' lang='lat'><strong>5</strong></span> <span class='ocrx_word' id='word_1_226' title='bbox 438 2680 546 2733; x_wconf 70' lang='lat' dir='ltr'>quosss</span> <span class='ocrx_word' id='word_1_227' title='bbox 565 2665 611 2733; x_wconf 78' lang='lat' dir='ltr'>(ds</span> <span class='ocrx_word' id='word_1_228' title='bbox 625 2681 692 2720; x_wconf 80' lang='lat' dir='ltr'>crus</span> <span class='ocrx_word' id='word_1_229' title='bbox 705 2666 777 2732; x_wconf 78' lang='lat' dir='ltr'>uid.)</span> <span class='ocrx_word' id='word_1_230' title='bbox 792 2666 832 2731; x_wconf 83' lang='lat' dir='ltr'>A,</span> <span class='ocrx_word' id='word_1_231' title='bbox 851 2665 989 2732; x_wconf 85' lang='lat' dir='ltr'>quosdam</span> <span class='ocrx_word' id='word_1_232' title='bbox 1004 2664 1071 2730; x_wconf 79' lang='lat' dir='ltr'>LO,</span> 
     </span>
     <span class='ocr_line' id='line_1_31' title="bbox 1 2731 1073 2802; baseline -0.002 -15"><span class='ocrx_word' id='word_1_233' title='bbox 1 2746 2 2772; x_wconf 53' lang='lat' dir='ltr'>l</span> <span class='ocrx_word' id='word_1_234' title='bbox 103 2737 136 2785; x_wconf 82' lang='lat' dir='ltr'>ut</span> <span class='ocrx_word' id='word_1_235' title='bbox 152 2746 202 2786; x_wconf 77' lang='lat' dir='ltr'>nos</span> <span class='ocrx_word' id='word_1_236' title='bbox 218 2733 288 2788; x_wconf 86' lang='lat' dir='ltr'>Par.</span> <span class='ocrx_word' id='word_1_237' title='bbox 307 2736 316 2802; x_wconf 86' lang='grc' dir='ltr'>ΙΙ</span> <span class='ocrx_word' id='word_1_238' title='bbox 334 2734 426 2788; x_wconf 87' lang='lat' dir='ltr'>castra</span> <span class='ocrx_word' id='word_1_239' title='bbox 449 2742 495 2799; x_wconf 77' lang='lat' dir='ltr'>(oa</span> <span class='ocrx_word' id='word_1_240' title='bbox 511 2734 544 2788; x_wconf 81' lang='lat' dir='ltr'>ia</span> <span class='ocrx_word' id='word_1_241' title='bbox 565 2735 632 2800; x_wconf 82' lang='lat' dir='ltr'>rae.)</span> <span class='ocrx_word' id='word_1_242' title='bbox 650 2732 690 2796; x_wconf 74' lang='lat' dir='ltr'>A.</span> <span class='ocrx_word' id='word_1_243' title='bbox 714 2735 811 2788; x_wconf 86' lang='lat' dir='ltr'>nostra</span> <span class='ocrx_word' id='word_1_244' title='bbox 832 2731 913 2800; x_wconf 68' lang='lat' dir='ltr'>Offll</span> <span class='ocrx_word' id='word_1_245' title='bbox 929 2739 945 2786; x_wconf 90' lang='lat'>8</span> <span class='ocrx_word' id='word_1_246' title='bbox 963 2733 1073 2785; x_wconf 72' lang='lat' dir='ltr'>uictoris</span> 
     </span>
    </p>
   </div>
   <div class='ocr_carea' id='block_1_17' title="bbox 104 2800 1074 3006">
    <p class='ocr_par' dir='ltr' id='par_1_17' title="bbox 104 2800 1074 3006">
     <span class='ocr_line' id='line_1_32' title="bbox 105 2800 1071 2870; baseline -0.001 -16"><span class='ocrx_word' id='word_1_247' title='bbox 105 2816 201 2854; x_wconf 89' lang='lat' dir='ltr'>omnes</span> <span class='ocrx_word' id='word_1_248' title='bbox 213 2801 365 2870; x_wconf 86' lang='lat' dir='ltr'>redigisset</span> <span class='ocrx_word' id='word_1_249' title='bbox 375 2801 444 2854; x_wconf 74' lang='lat' dir='ltr'>LA·</span> <span class='ocrx_word' id='word_1_250' title='bbox 459 2802 497 2868; x_wconf 83' lang='grc'>119</span> <span class='ocrx_word' id='word_1_251' title='bbox 516 2801 581 2854; x_wconf 92' lang='lat' dir='ltr'>odio</span> <span class='ocrx_word' id='word_1_252' title='bbox 598 2801 695 2855; x_wconf 70' lang='lat' dir='ltr'>memte</span> <span class='ocrx_word' id='word_1_253' title='bbox 706 2807 862 2868; x_wconf 77' lang='lat' dir='ltr'>suspectum</span> <span class='ocrx_word' id='word_1_254' title='bbox 880 2800 987 2854; x_wconf 78' lang='lat' dir='ltr'>dolend.</span> <span class='ocrx_word' id='word_1_255' title='bbox 1001 2815 1071 2854; x_wconf 81' lang='lat' dir='ltr'>oeus.</span> 
     </span>
     <span class='ocr_line' id='line_1_33' title="bbox 105 2866 1074 2946; baseline 0.001 -25"><span class='ocrx_word' id='word_1_256' title='bbox 105 2866 210 2921; x_wconf 77' lang='lat' dir='ltr'>Gertz*</span> <span class='ocrx_word' id='word_1_257' title='bbox 231 2870 241 2936; x_wconf 75' lang='lat' dir='ltr'>n</span> <span class='ocrx_word' id='word_1_258' title='bbox 264 2874 295 2922; x_wconf 79' lang='lat'>15</span> <span class='ocrx_word' id='word_1_259' title='bbox 312 2868 466 2937; x_wconf 87' lang='lat' dir='ltr'>hospitales</span> <span class='ocrx_word' id='word_1_260' title='bbox 483 2867 523 2921; x_wconf 65' lang='grc' dir='ltr'>Α*</span> <span class='ocrx_word' id='word_1_261' title='bbox 543 2870 553 2937; x_wconf 90' lang='lat' dir='ltr'>l</span> <span class='ocrx_word' id='word_1_262' title='bbox 575 2875 607 2924; x_wconf 82' lang='lat'>18</span> <span class='ocrx_word' id='word_1_263' title='bbox 624 2868 701 2934; x_wconf 89' lang='lat' dir='ltr'>illos,</span> <span class='ocrx_word' id='word_1_264' title='bbox 725 2869 798 2946; x_wconf 73' lang='lat' dir='ltr'>quod</span> <span class='ocrx_word' id='word_1_265' title='bbox 815 2868 886 2934; x_wconf 80' lang='lat' dir='ltr'>ferri</span> <span class='ocrx_word' id='word_1_266' title='bbox 907 2883 964 2921; x_wconf 80' lang='lat' dir='ltr'>uon</span> <span class='ocrx_word' id='word_1_267' title='bbox 982 2872 1074 2934; x_wconf 78' lang='lat' dir='ltr'>potest</span> 
     </span>
     <span class='ocr_line' id='line_1_34' title="bbox 104 2935 1073 3006; baseline 0 -18"><span class='ocrx_word' id='word_1_268' title='bbox 104 2935 215 3002; x_wconf 81' lang='lat' dir='ltr'>seclusi,</span> <span class='ocrx_word' id='word_1_269' title='bbox 233 2952 261 2990; x_wconf 82' lang='lat' dir='ltr'>u.</span> <span class='ocrx_word' id='word_1_270' title='bbox 275 2937 411 2990; x_wconf 80' lang='lat' dir='ltr'>Fleclceis.</span> <span class='ocrx_word' id='word_1_271' title='bbox 425 2952 491 2990; x_wconf 79' lang='lat' dir='ltr'>orm.</span> <span class='ocrx_word' id='word_1_272' title='bbox 505 2941 614 3004; x_wconf 71' lang='lat'><em>18861).</em></span> <span class='ocrx_word' id='word_1_273' title='bbox 626 2939 676 2999; x_wconf 80' lang='lat'>52,</span> <span class='ocrx_word' id='word_1_274' title='bbox 695 2936 765 2990; x_wconf 87' lang='lat' dir='ltr'>ahos</span> <span class='ocrx_word' id='word_1_275' title='bbox 776 2935 822 2990; x_wconf 82' lang='lat' dir='ltr'>uel</span> <span class='ocrx_word' id='word_1_276' title='bbox 834 2935 937 2989; x_wconf 77' lang='lat' dir='ltr'>multo·</span> <span class='ocrx_word' id='word_1_277' title='bbox 950 2935 1073 3006; x_wconf 75' lang='lat' dir='ltr'>Maduip</span> 
     </span>
    </p>
   </div>
   <div class='ocr_carea' id='block_1_18' title="bbox 1 3003 1073 3071">
    <p class='ocr_par' dir='ltr' id='par_1_18' title="bbox 1 3003 1073 3071">
     <span class='ocr_line' id='line_1_35' title="bbox 1 3003 1073 3071; baseline 0 -15"><span class='ocrx_word' id='word_1_278' title='bbox 1 3013 2 3028; x_wconf 65' lang='lat'>¹</span> <span class='ocrx_word' id='word_1_279' title='bbox 105 3003 122 3056; x_wconf 83' lang='lat' dir='ltr'>l.</span> <span class='ocrx_word' id='word_1_280' title='bbox 142 3018 174 3068; x_wconf 83' lang='lat' dir='ltr'>c,</span> <span class='ocrx_word' id='word_1_281' title='bbox 191 3003 267 3071; x_wconf 85' lang='lat' dir='ltr'>ipsos</span> <span class='ocrx_word' id='word_1_282' title='bbox 285 3004 418 3058; x_wconf 82' lang='lat' dir='ltr'>Foertscb</span> <span class='ocrx_word' id='word_1_283' title='bbox 435 3005 457 3057; x_wconf 93' lang='grc' dir='ltr'><strong><em>Ι</em></strong></span> <span class='ocrx_word' id='word_1_284' title='bbox 475 3007 526 3070; x_wconf 80' lang='lat'>27,</span> <span class='ocrx_word' id='word_1_285' title='bbox 549 3005 608 3059; x_wconf 69' lang='lat' dir='ltr'>arbe</span> <span class='ocrx_word' id='word_1_286' title='bbox 630 3005 710 3059; x_wconf 74' lang='lat' dir='ltr'>uncas</span> <span class='ocrx_word' id='word_1_287' title='bbox 732 3003 819 3057; x_wconf 82' lang='lat' dir='ltr'>Halm</span> <span class='ocrx_word' id='word_1_288' title='bbox 839 3005 849 3071; x_wconf 89' lang='grc' dir='ltr'>ΙΙ</span> <span class='ocrx_word' id='word_1_289' title='bbox 872 3008 903 3056; x_wconf 86' lang='grc'>19</span> <span class='ocrx_word' id='word_1_290' title='bbox 921 3003 1031 3057; x_wconf 81' lang='lat' dir='ltr'>amico*</span> <span class='ocrx_word' id='word_1_291' title='bbox 1049 3011 1073 3071; x_wconf 86' lang='lat' dir='ltr'>(s</span> 
     </span>
    </p>
   </div>
   <div class='ocr_carea' id='block_1_19' title="bbox 105 3071 1070 3150">
    <p class='ocr_par' dir='ltr' id='par_1_19' title="bbox 105 3071 1070 3150">
     <span class='ocr_line' id='line_1_36' title="bbox 105 3071 1070 3150; baseline 0 -24"><span class='ocrx_word' id='word_1_292' title='bbox 105 3075 186 3137; x_wconf 83' lang='lat' dir='ltr'>eras.)</span> <span class='ocrx_word' id='word_1_293' title='bbox 213 3087 263 3125; x_wconf 88' lang='lat' dir='ltr'>suo</span> <span class='ocrx_word' id='word_1_294' title='bbox 286 3072 326 3137; x_wconf 85' lang='lat' dir='ltr'>L,</span> <span class='ocrx_word' id='word_1_295' title='bbox 354 3072 442 3126; x_wconf 88' lang='lat' dir='ltr'>amico</span> <span class='ocrx_word' id='word_1_296' title='bbox 470 3087 520 3125; x_wconf 85' lang='lat' dir='ltr'>suo</span> <span class='ocrx_word' id='word_1_297' title='bbox 543 3073 581 3125; x_wconf 80' lang='grc' dir='ltr'>Α1</span> <span class='ocrx_word' id='word_1_298' title='bbox 603 3073 707 3137; x_wconf 85' lang='lat' dir='ltr'>Hclm;</span> <span class='ocrx_word' id='word_1_299' title='bbox 733 3076 764 3125; x_wconf 84' lang='lat' dir='ltr'>at</span> <span class='ocrx_word' id='word_1_300' title='bbox 785 3087 814 3128; x_wconf 84' lang='lat' dir='ltr'>u.</span> <span class='ocrx_word' id='word_1_301' title='bbox 842 3071 965 3140; x_wconf 78' lang='lat' dir='ltr'>Maduc&#39;p</span> <span class='ocrx_word' id='word_1_302' title='bbox 987 3071 1006 3124; x_wconf 81' lang='lat' dir='ltr'>l.</span> <span class='ocrx_word' id='word_1_303' title='bbox 1025 3073 1070 3150; x_wconf 68' lang='lat'>⁶:¹¹</span> 
     </span>
    </p>
   </div>
   <div class='ocr_carea' id='block_1_20' title="bbox 1 3138 1073 3273">
    <p class='ocr_par' dir='ltr' id='par_1_20' title="bbox 1 3138 1073 3273">
     <span class='ocr_line' id='line_1_37' title="bbox 1 3138 1073 3207; baseline 0 -15"><span class='ocrx_word' id='word_1_304' title='bbox 1 3167 2 3170; x_wconf 33' lang='lat'>¹</span> <span class='ocrx_word' id='word_1_305' title='bbox 105 3145 138 3194; x_wconf 82' lang='lat'>20</span> <span class='ocrx_word' id='word_1_306' title='bbox 157 3138 297 3193; x_wconf 83' lang='lat' dir='ltr'>adfixerat</span> <span class='ocrx_word' id='word_1_307' title='bbox 315 3139 430 3204; x_wconf 62' lang='lat' dir='ltr'>(law,</span> <span class='ocrx_word' id='word_1_308' title='bbox 449 3145 479 3194; x_wconf 84' lang='lat' dir='ltr'>ut</span> <span class='ocrx_word' id='word_1_309' title='bbox 495 3157 523 3193; x_wconf 80' lang='lat' dir='ltr'>a.</span> <span class='ocrx_word' id='word_1_310' title='bbox 546 3141 603 3196; x_wconf 74' lang='lat' dir='ltr'>(lic.</span> <span class='ocrx_word' id='word_1_311' title='bbox 626 3139 702 3194; x_wconf 78' lang='lat' dir='ltr'>Verr.</span> <span class='ocrx_word' id='word_1_312' title='bbox 721 3139 742 3192; x_wconf 94' lang='lat' dir='ltr'><strong><em>I</em></strong></span> <span class='ocrx_word' id='word_1_313' title='bbox 756 3142 781 3205; x_wconf 79' lang='lat'>4,</span> <span class='ocrx_word' id='word_1_314' title='bbox 799 3140 838 3207; x_wconf 87' lang='grc'>911</span> <span class='ocrx_word' id='word_1_315' title='bbox 858 3144 889 3192; x_wconf 77' lang='lat'>21</span> <span class='ocrx_word' id='word_1_316' title='bbox 908 3138 1023 3192; x_wconf 84' lang='lat' dir='ltr'>Zisemis</span> <span class='ocrx_word' id='word_1_317' title='bbox 1041 3155 1073 3192; x_wconf 80' lang='lat' dir='ltr'>eu</span> 
     </span>
     <span class='ocr_line' id='line_1_38' title="bbox 1 3206 1072 3273; baseline -0.005 -10"><span class='ocrx_word' id='word_1_318' title='bbox 1 3216 3 3244; x_wconf 86' lang='lat'><strong>¹</strong></span> <span class='ocrx_word' id='word_1_319' title='bbox 104 3222 159 3262; x_wconf 78' lang='lat' dir='ltr'>ras.</span> <span class='ocrx_word' id='word_1_320' title='bbox 177 3209 282 3262; x_wconf 77' lang='lat' dir='ltr'>maiore</span> <span class='ocrx_word' id='word_1_321' title='bbox 299 3209 327 3261; x_wconf 78' lang='lat' dir='ltr'><strong><em>A</em></strong></span> <span class='ocrx_word' id='word_1_322' title='bbox 345 3225 358 3262; x_wconf 87' lang='lat' dir='ltr'>e</span> <span class='ocrx_word' id='word_1_323' title='bbox 375 3210 460 3273; x_wconf 62' lang='lat' dir='ltr'>Par„</span> <span class='ocrx_word' id='word_1_324' title='bbox 478 3208 679 3263; x_wconf 84' lang='lat' dir='ltr'>numulissimis</span> <span class='ocrx_word' id='word_1_325' title='bbox 696 3207 739 3271; x_wconf 90' lang='lat' dir='ltr'>L,</span> <span class='ocrx_word' id='word_1_326' title='bbox 764 3206 928 3272; x_wconf 79' lang='lat' dir='ltr'>romulaeis,</span> <span class='ocrx_word' id='word_1_327' title='bbox 951 3207 1072 3259; x_wconf 89' lang='lat' dir='ltr'>numuli·</span> 
     </span>
    </p>
   </div>
   <div class='ocr_carea' id='block_1_21' title="bbox 105 3273 1073 3617">
    <p class='ocr_par' dir='ltr' id='par_1_21' title="bbox 105 3273 1073 3617">
     <span class='ocr_line' id='line_1_39' title="bbox 105 3273 1073 3354; baseline -0.002 -26"><span class='ocrx_word' id='word_1_328' title='bbox 105 3275 186 3329; x_wconf 76' lang='lat' dir='ltr'>sinus</span> <span class='ocrx_word' id='word_1_329' title='bbox 203 3275 248 3330; x_wconf 76' lang='lat' dir='ltr'>uel</span> <span class='ocrx_word' id='word_1_330' title='bbox 267 3276 400 3354; x_wconf 37' lang='lat' dir='ltr'>&#39;similiter&#39;</span> <span class='ocrx_word' id='word_1_331' title='bbox 417 3276 497 3341; x_wconf 75' lang='lat' dir='ltr'>cur,</span> <span class='ocrx_word' id='word_1_332' title='bbox 523 3277 676 3344; x_wconf 82' lang='grc' dir='ltr'><strong><em>Ζιβέλμιος</em></strong></span> <span class='ocrx_word' id='word_1_333' title='bbox 695 3279 720 3329; x_wconf 83' lang='lat' dir='ltr'>ct</span> <span class='ocrx_word' id='word_1_334' title='bbox 757 3275 823 3329; x_wconf 78' lang='lat' dir='ltr'>audo</span> <span class='ocrx_word' id='word_1_335' title='bbox 836 3279 900 3342; x_wconf 77' lang='lat' dir='ltr'>post</span> <span class='ocrx_word' id='word_1_336' title='bbox 916 3273 1073 3353; x_wconf 71' lang='lat' dir='ltr'>⁸Zrus‘lusop</span> 
     </span>
     <span class='ocr_line' id='line_1_40' title="bbox 106 3341 1072 3480; baseline 0 -18"><span class='ocrx_word' id='word_1_337' title='bbox 106 3343 316 3464; x_wconf 54' lang='lat' dir='ltr'>sne-..as-</span> <span class='ocrx_word' id='word_1_338' title='bbox 325 3341 1072 3480; x_wconf 55' lang='lat' dir='ltr'>„aretusae·.sgtr.1t..1us;t.fu</span> 
     </span>
     <span class='ocr_line' id='line_1_41' title="bbox 106 3428 1072 3556; baseline 0 -25"><span class='ocrx_word' id='word_1_339' title='bbox 106 3478 192 3554; x_wconf 73' lang='lat' dir='ltr'>m&#39;oa.</span> <span class='ocrx_word' id='word_1_340' title='bbox 212 3478 229 3532; x_wconf 84' lang='lat' dir='ltr'>u</span> <span class='ocrx_word' id='word_1_341' title='bbox 242 3494 265 3556; x_wconf 65' lang='lat' dir='ltr'>e.</span> <span class='ocrx_word' id='word_1_342' title='bbox 286 3483 311 3534; x_wconf 79' lang='lat' dir='ltr'>a</span> <span class='ocrx_word' id='word_1_343' title='bbox 324 3496 355 3549; x_wconf 73' lang='lat' dir='ltr'>p.</span> <span class='ocrx_word' id='word_1_344' title='bbox 372 3428 478 3547; x_wconf 58' lang='lat' dir='ltr'>sellu·</span> <span class='ocrx_word' id='word_1_345' title='bbox 495 3477 585 3538; x_wconf 72' lang='lat' dir='ltr'>strae.</span> <span class='ocrx_word' id='word_1_346' title='bbox 597 3451 687 3532; x_wconf 79' lang='lat' dir='ltr'>xrir</span> <span class='ocrx_word' id='word_1_347' title='bbox 700 3481 726 3542; x_wconf 84' lang='lat'>4,</span> <span class='ocrx_word' id='word_1_348' title='bbox 745 3480 780 3541; x_wconf 81' lang='lat'>2‚·</span> <span class='ocrx_word' id='word_1_349' title='bbox 797 3480 870 3545; x_wconf 72' lang='lat' dir='ltr'>App.</span> <span class='ocrx_word' id='word_1_350' title='bbox 882 3477 1012 3532; x_wconf 70' lang='lat' dir='ltr'>Matura.</span> <span class='ocrx_word' id='word_1_351' title='bbox 1032 3455 1072 3544; x_wconf 75' lang='lat' dir='ltr'>ei</span> 
     </span>
     <span class='ocr_line' id='line_1_42' title="bbox 105 3544 855 3617; baseline 0.003 -21"><span class='ocrx_word' id='word_1_352' title='bbox 105 3544 165 3598; x_wconf 88' lang='lat' dir='ltr'>fiha</span> <span class='ocrx_word' id='word_1_353' title='bbox 181 3547 271 3617; x_wconf 72' lang='lat' dir='ltr'>traorp</span> <span class='ocrx_word' id='word_1_354' title='bbox 289 3546 359 3600; x_wconf 84' lang='lat' dir='ltr'>LA¹</span> <span class='ocrx_word' id='word_1_355' title='bbox 372 3549 382 3616; x_wconf 80' lang='grc' dir='ltr'>ΙΙ</span> <span class='ocrx_word' id='word_1_356' title='bbox 396 3554 428 3602; x_wconf 82' lang='lat'>23</span> <span class='ocrx_word' id='word_1_357' title='bbox 446 3547 617 3600; x_wconf 88' lang='lat' dir='ltr'>narrandum</span> <span class='ocrx_word' id='word_1_358' title='bbox 635 3548 674 3599; x_wconf 76' lang='grc' dir='ltr'>Α1</span> <span class='ocrx_word' id='word_1_359' title='bbox 687 3547 696 3613; x_wconf 79' lang='grc' dir='ltr'>ΙΙ</span> <span class='ocrx_word' id='word_1_360' title='bbox 708 3547 801 3599; x_wconf 89' lang='lat' dir='ltr'>tamer</span> <span class='ocrx_word' id='word_1_361' title='bbox 818 3546 855 3598; x_wconf 68' lang='grc' dir='ltr'>ΑΙ</span> 
     </span>
    </p>
   </div>
   <div class='ocr_carea' id='block_1_22' title="bbox 0 0 1282 3958">
    <p class='ocr_par' dir='ltr' id='par_1_22' title="bbox 0 0 1282 3958">
     <span class='ocr_line' id='line_1_43' title="bbox 0 0 1282 3958; baseline 0 0"><span class='ocrx_word' id='word_1_362' title='bbox 0 0 1282 3958; x_wconf 95' lang='lat' dir='ltr'> </span> 
     </span>
    </p>
   </div>
  </div>
 </body>
</html>
