2608 3952
206 201 270 268 310
622 197 690 250 mn.
711 195 757 254 vi.

208 353 307 417 sticos
335 351 420 416 circa
440 349 589 434 rapinam
612 350 645 412 et
666 347 816 432 praedam
842 348 1016 430 occupatos
1040 348 1177 429 uideret,

209 458 304 521 quam
326 436 465 500 maxime
487 437 614 518 poterat
635 431 835 496 dissimulata
856 433 935 516 fuga
954 453 988 495 se
1002 435 1179 515 penatibus

209 522 275 586 suis
287 522 482 606 intempesta
495 523 590 584 nocte
605 517 766 585 subduxit.
790 517 879 581 cuius
894 517 1053 581 furtiuum
1069 539 1180 603 egres·

207 629 278 672 sum
300 626 411 671 seruos
433 605 473 669 ab
496 625 533 669 eo
556 602 760 668 uinculorum
784 621 888 684 poena
909 602 1066 666 coercitus
1088 603 1180 668 inex-

182 691 383 776 optabilique
413 689 595 754 litterarum
617 691 696 751 nota
716 707 775 770 per
797 707 953 749 summam
976 687 1040 750 oris
1065 693 1179 753 contu·

206 777 336 840 meliam
359 776 485 840 inustus
507 773 642 838 curiosis
665 771 848 855 speculatus
864 769 967 835 oculis
982 791 1019 835 ac
1034 774 1177 858 uestigia

206 861 269 925 huc
297 864 393 944 atque
422 859 499 922 illuc
520 856 662 922 errantia
684 855 832 921 beniuolo
855 853 962 919 studio
985 855 1176 923 subsecutus

205 945 300 1009 lateri
322 944 521 1008 uoluntarius
543 961 650 1006 comes
673 939 823 1023 adrepsit.
867 960 930 1023 quo
953 940 1082 1024 quidem
1105 947 1177 1008 tam

207 1029 367 1113 exquisito
389 1031 519 1110 tamque
545 1025 680 1109 ancipiti
702 1026 810 1090 officio
833 1024 1103 1108 perfectissimum
1125 1030 1177 1093 in-

92 1115 100 1130 ’
167 1134 193 1173 10
207 1116 392 1196 expectatae
423 1112 552 1195 pietatis
582 1110 745 1175 cumulum
768 1110 965 1193 expleuerat:
1001 1109 1053 1174 his
1076 1113 1176 1194 enim,

206 1218 343 1281 quorum
365 1195 489 1260 felicior
509 1197 544 1259 in
567 1196 661 1259 domo
676 1197 778 1259 status
793 1195 908 1276 fuerat,
931 1194 1021 1259 lucro
1035 1197 1174 1262 intentis

205 1282 290 1364 ipse,
310 1280 393 1344 nihil
415 1302 511 1364 quam
532 1281 646 1344 umbra
669 1283 701 1344 et
723 1281 831 1364 imago
854 1279 1087 1362 suppliciorum
1103 1303 1176 1346 suo·

205 1387 290 1442 rum,
314 1365 489 1430 maximum
511 1387 579 1429 esse
602 1364 853 1428 emolumentum
876 1363 960 1447 eius,
984 1386 1083 1448 aquo
1105 1371 1176 1432 tam

205 1451 348 1536 grauiter
370 1451 503 1535 punitus
525 1452 603 1531 erat,
627 1449 764 1513 salutem
778 1449 942 1529 iudicauit,
966 1469 1101 1533 cumque
1117 1452 1175 1516 ab·

166 1553 192 1593 rs
207 1537 290 1600 unda
311 1535 395 1600 foret
417 1535 497 1599 iram
519 1535 698 1617 remittere,
731 1534 850 1597 adiecit
872 1533 969 1597 ctiam
992 1537 1173 1601 caritatem.

204 1641 265 1684 noc
287 1621 443 1685 hactenus
465 1619 686 1684 beniuolentia
708 1618 875 1701 processit,
898 1617 1011 1682 sedin
1034 1639 1072 1682 ao
1097 1640 1175 1685 con-

205 1705 361 1770 seruando
384 1705 465 1769 mira
486 1726 614 1788 quoque
636 1707 703 1767 arte
726 1724 801 1766 usus
825 1706 888 1767 est:
912 1724 987 1766 nam
1011 1706 1047 1767 ut
1070 1705 1177 1770 sensit

205 1790 339 1872 cupidos
366 1789 667 1874 sanguiniamilites
683 1788 899 1871 superuenire,
915 1788 1022 1852 amoto
1040 1787 1174 1855 domino

204 1894 320 1957 rogum
343 1874 484 1938 extruxit
506 1874 598 1955 eique
620 1874 768 1957 egentem
783 1893 802 1936 a
817 1893 850 1936 se
865 1871 1123 1955 conprehensum
1141 1879 1177 1939 et

166 1975 191 2014 2⁰
205 1959 345 2023 occisum
380 1977 488 2021 senem
517 1957 698 2040 superiacit.
751 1957 1026 2041 interrogantibus
1056 1956 1176 2024 deinde

203 2042 359 2106 militibus
382 2041 515 2105 ubinam
543 2045 628 2105 esset
654 2041 773 2105 Antius
807 2061 939 2105 manum
962 2061 1041 2126 rogo
1064 2042 1175 2108 inten-

202 2128 278 2189 tans
300 2125 346 2188 ibi
367 2125 459 2188 illum
481 2124 564 2190 datis
589 2125 650 2190 sibi
673 2126 871 2191 crudelitatis
893 2127 1029 2210 piaculis
1051 2128 1100 2190 uri
1122 2149 1174 2192 re-

203 2209 343 2293 spondit.
394 2209 470 2293 quia
497 2211 565 2274 ueri
592 2210 709 2274 similia
736 2209 946 2295 loquabatur,
981 2211 1093 2276 habita
1120 2217 1175 2278 est

202 2294 277 2357 uoci
297 2293 387 2358 fides.
424 2316 486 2378 quo
510 2295 619 2360 euenit
639 2299 677 2359 ut
697 2295 818 2360 Antius
840 2299 943 2360 tutam
966 2297 1172 2379 quaerendae

164 2392 189 2433 ²⁵
202 2378 432 2443 incolumitatis
455 2381 658 2444 occasionem
681 2380 916 2464 adsequeretur.

270 2554 285 2602 3
302 2547 331 2600 in
349 2548 519 2617 tempestate
539 2549 618 2602 L¹A¹
633 2548 642 2616 11
654 2547 772 2601 furtiunr
790 2548 871 2601 L¹A¹
885 2550 924 2617 114
942 2565 1038 2603 seruus
1058 2549 1142 2604 L²A²
1158 2552 1170 2620 11

200 2615 359 2669 cohercitus
377 2615 458 2669 L¹A¹
471 2615 482 2684 11
499 2623 514 2671 9
532 2616 596 2670 anci
616 2616 670 2670 itis
688 2616 728 2681 L,
748 2616 868 2684 ancipici
886 2617 923 2669 A1
942 2619 952 2687 11
969 2617 1173 2686 inexpectatae

199 2696 250 2738 uos
268 2700 281 2737 e
298 2685 367 2742 coni.
385 2684 538 2741 Periaoar'r'.
566 2701 601 2739 c.
614 2700 645 2751 p.
660 2686 749 2750 270‚9
762 2689 788 2737 et
799 2687 861 2750 306,
872 2687 917 2748 20,
937 2686 1069 2753 expectat
1100 2685 1174 2751 LA,

200 2752 345 2819 spectatae
360 2752 449 2820 pauci
460 2753 526 2806 dett.
537 2751 634 2817 Halm,
652 2752 812 2820 insperatae
825 2751 930 2806 Gertz*
942 2754 952 2821 11
967 2759 998 2806 10
1009 2751 1043 2807 iis
1087 2753 1144 2806 alm
1159 2756 1171 2823 11

199 2818 323 2937 ᾏῖἓίρεθ]
334 2820 409 2899 'add
429 2836 491 2874 cum
510 2820 550 2872 A²
573 2821 583 2887 1
606 2819 689 2889 nihil]
703 2819 779 2941 gdd.
797 2820 960 2940 pliudddett.
979 2821 1034 2874 met
1051 2835 1124 2876 omn.
1141 2828 1172 2875 et

200 2892 505 3024 taciturus·
521 2887 699 3023 attis]
718 2892 785 3010 rs.
804 2888 1172 3023 tsi-sputans

199 3020 238 3072 Α1
249 3021 261 3089 11
279 3027 310 3076 18
329 3023 432 3091 cupido
449 3023 486 3075 Δί
506 3023 516 3090 ΙΙ
535 3028 565 3075 19
585 3023 718 3089 egentem
747 3021 858 3076 ardenti
875 3022 944 3077 Par.
958 3025 967 3091 11
981 3038 1170 3092 conprensum

198 3087 269 3144 Par.
289 3090 348 3158 1123
367 3090 422 3142 uiri
439 3089 477 3142 Α1
495 3091 505 3157 11
527 3089 670 3144 artatam
723 3089 812 3158 adalp
828 3089 869 3143 ΙΙ
882 3093 945 3156 327,
964 3092 1069 3144 statum
1087 3091 1172 3156 DA,

198 3156 542 3289 fitiprpcffiopllptffatm
563 3159 573 3226 1
594 3163 627 3211 25
649 3157 850 3212 incolomitatis
868 3158 937 3212 LA¹
962 3160 972 3227 11
997 3158 1167 3214 occisionem
