2606 3952
215 203 258 267 64
635 197 704 253 nus.
724 197 760 254 u.

278 355 309 420 5.
347 351 470 418 Relatis
489 349 525 426 Q.
542 350 622 416 Fabi
644 349 791 415 laudibus
814 350 954 416 offerunt
975 373 1010 416 se
1031 351 1186 419 mirificae

217 439 418 504 constantiae
439 437 515 518 uiri,
544 435 600 520 qui
627 435 727 520 legati
755 456 774 499 a
803 440 915 501 senatu
938 435 1114 502 Tarentum
1145 437 1186 502 ad

216 545 267 588 res
293 521 483 608 repetendas
510 521 614 603 missi,
643 540 717 584 oum
743 520 948 605 grauissimas
978 521 1025 586 ibi
1049 520 1186 588 iniurias
1293 515 1294 550 ³

218 608 432 693 accepissent,
464 628 549 670 unus
578 605 674 670 etiam
708 607 802 670 urina
827 626 992 690 respersus
1019 610 1118 689 esset,
1152 608 1188 672 in

191 693 392 776 stheatrnm,
415 695 452 756 ut
473 694 522 756 est
542 688 738 756 consuetudo
755 689 922 770 Graeciae,
945 690 1121 756 introducti
1143 691 1188 756 le·
1293 701 1294 712 ¹

217 781 381 864 gationem
410 776 527 861 quibus
555 777 746 859 acceperant
773 775 879 839 uerbis
904 778 1110 860 peregerunt.
1148 777 1188 841 de

216 864 285 945 his,
308 883 390 948 quae
404 860 491 945 passi
507 863 613 943 erant,
636 859 741 943 questi
755 879 823 924 non
838 863 930 942 sunt,
954 881 995 925 ne
1010 861 1086 945 qnid
1101 861 1189 926 ultra

218 968 255 1012 ac
277 947 466 1011 mandatum
488 946 573 1009 esset
593 944 819 1027 loquerentur,
845 945 1025 1030 insitusque
1046 947 1187 1029 pectori·
1293 981 1294 994 ,

218 1034 277 1096 bus
300 1052 411 1096 eorum
439 1029 563 1113 antiqui
591 1029 689 1093 moris
717 1031 881 1112 respectus
910 1029 1038 1115 dolore,
1067 1031 1189 1115 quiex
1293 1049 1294 1080 1

180 1139 205 1180 ιο
220 1116 416 1182 contumelia
438 1113 648 1198 grauissimus
663 1113 812 1196 sentitur,
836 1114 976 1179 conuelli
990 1135 1056 1179 non
1070 1116 1187 1199 potnit.

217 1202 314 1265 finem
341 1198 488 1283 proiecto
516 1197 724 1262 fruendarum
752 1219 864 1281 opum,
892 1198 1007 1282 quibus
1035 1199 1076 1264 ad
1103 1200 1188 1265 inui-

218 1286 304 1350 diam
324 1284 382 1349 diu
404 1282 640 1362 abundaneras,
663 1282 839 1347 Tarentina
861 1283 993 1368 ciuitas,
1016 1285 1189 1368 quaesisti:

217 1391 293 1434 nam
320 1369 396 1434 dum
428 1366 575 1432 horridae
603 1368 734 1432 uirtutis
763 1367 798 1432 in
833 1389 867 1432 se
895 1368 1002 1452 ipsum
1035 1369 1187 1435 conixum

218 1455 471 1520 stabilimentum
486 1453 592 1517 nitore
608 1451 759 1517 fortunae
773 1453 954 1536 praesentis
969 1453 1083 1520 inflata
1097 1455 1188 1520 fasti·

157 1555 205 1602 'rs
219 1539 305 1604 diosc
328 1539 492 1619 aestimas,
519 1538 554 1602 in
582 1537 802 1621 praeualidum
829 1537 958 1622 imperii
984 1540 1087 1604 nostri
1117 1561 1188 1604 mu·

217 1645 348 1691 oronam
372 1644 466 1689 caeca
488 1626 520 1687 et
541 1643 652 1687 amens
674 1622 814 1687 inruisti.
1136 1641 1142 1658 ·

280 1710 320 1774 6.·
334 1708 396 1774 Sed
412 1711 482 1772 uta
501 1707 577 1771 luxu
598 1707 732 1791 perditis
754 1706 896 1771 moribus
918 1706 959 1771 ad
981 1708 1186 1774 seuerissima
1293 1731 1294 1760 1

217 1796 372 1858 maiorum
395 1793 545 1858 instituta
565 1791 800 1876 transgrediar,
831 1794 928 1856 antea
949 1795 1079 1857 senatus
1102 1793 1189 1858 adsi·
1293 1855 1294 1880 ,

218 1879 314 1942 duam
336 1878 509 1942 stationem
531 1897 570 1942 eo
592 1877 656 1941 loci
678 1876 868 1961 peragebat,
892 1877 945 1960 qui
961 1876 1118 1962 hodieque
1141 1899 1188 1942 se·
1293 1881 1294 1964 l

184 1986 209 2027 ao
221 1962 374 2027 naculum
389 1961 585 2046 appellatur:
607 1982 668 2026 nee
684 1961 873 2045 expectabat
886 1963 924 2024 ut
938 1962 1043 2027 edicto
1060 1965 1188 2027 contra·
1293 1977 1294 2040 t

218 2049 360 2129 heretur,
384 2046 438 2112 sed
453 2045 529 2110 inde
544 2047 662 2112 citatus
676 2045 825 2130 protinus
840 2045 874 2109 in
890 2046 1012 2112 curiam
1026 2048 1188 2129 ueniebat,

219 2133 388 2217 ambiguae
418 2131 521 2196 laudis
549 2131 652 2196 ciuem
681 2130 883 2213 existimans,
913 2132 970 2214 qui
998 2130 1114 2196 debitis
1141 2134 1189 2197 rei

217 2217 365 2302 publicae
388 2215 503 2280 officiis
525 2237 592 2280 non
622 2236 680 2280 sna
707 2218 838 2299 sponte,
867 2215 922 2280 sed
947 2216 1051 2281 iussus
1073 2216 1188 2303 funge-

217 2305 323 2385 retur,
347 2301 422 2386 quia
444 2300 598 2384 quidquid
620 2301 756 2385 imperio
778 2300 906 2385 cogitur
928 2301 1069 2386 exigenti
1084 2303 1188 2388 magis

179 2406 205 2448 aa
221 2408 319 2472 quam
340 2386 517 2472 praestanti
541 2389 707 2469 acceptum
731 2384 878 2450 refertur.

283 2473 314 2536 l.
352 2470 436 2535 Illud
458 2484 585 2555 qnoque
606 2469 761 2535 memoria
782 2469 991 2617 repetendum
1015 2473 1080 2549 est,
1103 2470 1190 2620 quod
1293 2515 1294 2524 ,

219 2555 357 2621 tribunis
380 2555 423 2639 pl.
449 2555 569 2619 intrare
593 2554 714 2622 curiam
736 2575 803 2619 non
831 2553 951 2636 icebat,
975 2559 1052 2619 ante
1075 2576 1116 2619 ua
1129 2577 1187 2620 uas

219 2645 325 2706 autem
348 2639 463 2724 positis
486 2639 646 2704 subselliis
668 2639 796 2704 decreta
822 2642 951 2723 patrum
973 2639 1188 2706 attentissima

287 2866 301 2914 l
327 2859 451 2928 relatisq.
470 2856 530 2913 fabi
546 2859 573 2913 L
591 2864 616 2914 et
634 2860 713 2926 (corr.
732 2856 813 2924 fabii)
831 2858 859 2912 A
879 2857 889 2927 11
911 2863 927 2912 3
949 2859 1120 2927 repetendas
1138 2859 1186 2926 L',
1293 2871 1294 2874 ’

239 2927 356 2982 etendcs
375 2927 434 2980 LA
450 2927 460 2995 11
478 2941 540 2980 com
559 2928 596 3005 L}
607 2925 807 3049 qgranissima
828 2925 883 2979 sibi
900 2926 981 2980 L¹A¹
1002 2927 1012 2994 11
1034 2926 1111 2981 'lhis
1128 2927 1190 2981 LA

235 3012 300 3073 Uar,
317 2995 351 3050 iis
360 2995 471 3117 Holmp
484 2997 595 3062 quassu
639 2996 675 3048 A¹
690 2995 699 3062 l
712 3000 727 3049 8
741 2995 940 3062 eloquerentur
957 2995 996 3074 Al
1008 2995 1129 3117 offan„
1145 2995 1188 3050 in·

218 3063 589 3198 illllttlltsqlll‘lt
612 3061 918 3196 1111111111
931 3061 1189 3200 „t‘lltltrtnilt

220 3204 250 3251 11
271 3176 307 3252 ad
324 3198 472 3278 inuidiam]
496 3171 564 3256 add.
583 3215 648 3267 usq:
671 3212 765 3268 marpo
782 3197 810 3250 A
830 3145 894 3319 ila
913 3198 1044 3276 conixum
1063 3197 1191 3268 Gemmas

220 3269 245 3320 et
262 3265 383 3336 Moduaq
400 3266 440 3319 II
453 3269 513 3331 317,
530 3281 686 3320 connexum
704 3265 764 3319 LA
781 3265 830 3319 Ha
842 3282 869 3319 m
889 3266 899 3334 ΙΙ
921 3272 954 3343 11
976 3265 1067 3321 nitore
1085 3265 1152 3320 LA¹
1174 3267 1187 3335 ll

220 3338 252 3411 19
270 3334 447 3401 peragebant
459 3333 519 3388 LA
532 3334 541 3402 ΙΙ
554 3339 587 3386 22
606 3334 778 3388 existumans
791 3333 859 3388 Par.
873 3336 884 3413 ΙΙ
897 3340 929 3388 13
946 3333 1046 3402 ruslsur
1065 3333 1129 3402 (1111.
1143 3351 1190 3388 eus

219 3399 1190 3546 111111111111111111111111111111

220 3532 320 3586 ualuas
337 3485 374 3585 Al
396 3535 406 3601 ΙΙ
420 3483 460 3589 (ὲὸ
478 3535 606 3589 subseliis
625 3536 716 3603 L¹A¹,
740 3540 773 3590 ut
790 3485 903 3590 iir'cod.
924 3487 1015 3591 Vitio.
1037 3536 1092 3592 Oic.
1112 3536 1190 3591 Pctz.

220 3600 261 3653 11
276 3603 355 3667 2,19
374 3605 397 3654 et
415 3603 527 3668 saepius

1274 3549 1290 3588 δ
