2590 3948
511 123 644 193 ciavl,
662 130 765 191 sr-e.
1078 129 1119 194 33

148 283 341 366 priusquam
364 279 512 345 Athenas
535 277 673 358 deleret,
695 277 946 344 Lacedaemonis
967 280 1120 344 inuaden-
1171 301 1180 308 ’

150 368 212 432 dae
236 365 408 431 consilium
430 363 568 450 agitanti
583 362 771 427 admirabile
786 363 871 429 inter
886 386 997 429 cenam
1012 364 1118 449 prodi·

144 451 243 549 glum
270 450 399 516 incidit:
427 448 571 514 infusum
598 469 737 531 namque
763 451 893 532 paterae
916 449 983 514 eius
1006 451 1120 515 uinum

148 558 186 600 1n
208 535 416 621 sanguinem,
443 555 504 598 nec
533 532 631 597 semel
654 533 710 597 sed
731 533 848 597 iterum
872 537 904 598 et
925 535 1022 599 tertio
1045 556 1119 600 con-

148 642 282 685 uersum
298 623 356 685 est.
384 618 499 703 quade
514 639 549 682 re
565 617 704 682 consulti
719 619 807 702 magi
822 627 1019 684 monuerunt
1034 623 1072 684 ut
1086 639 1146 684 ses

150 706 193 768 ab
209 705 338 789 incepto
352 703 517 788 proposito
534 703 726 767 abstineret:
751 705 783 766 et
801 704 929 788 siquod
945 705 1121 790 uestigium

149 791 187 853 in
209 788 358 854 uaecordi
381 791 511 873 pectore
533 809 646 852 sensus
667 786 789 866 fuisset,
806 813 852 854 *a
866 812 884 852 s
899 793 973 852 ante
989 789 1027 854 de
1042 789 1120 853 Lao-

148 875 228 938 nida
251 878 284 939 et
305 878 354 953 †a
376 894 504 938 caesare
526 871 694 956 Spartanis
716 871 844 938 abunde
866 874 1035 954 monitum.

214 959 244 1022 2.
281 957 388 1022 Midae
410 978 504 1039 uero,
535 957 625 1021 cuius
647 958 782 1041 imperio
798 957 941 1044 Phrygia
962 959 1026 1023 fuit
1047 959 1120 1022 sub-

146 1045 250 1122 iecta,
279 1064 379 1128 puero
408 1042 580 1107 dormienti
606 1042 759 1107 formicae
780 1043 815 1107 in
839 1065 875 1108 os
896 1065 998 1128 grana
1020 1043 1120 1108 tritici
1135 1063 1177 1105 ro*

148 1130 395 1213 congesserunt.
433 1128 621 1211 parentibus
650 1127 765 1192 deinde
792 1129 860 1192 eius
883 1149 993 1193 corsus
1038 1128 1121 1192 rodi·

8 1297 12 1304 μ
82 1295 85 1298 ¹
146 1213 242 1298 giam
271 1213 420 1278 tenderet
449 1211 689 1296 explorantibus
718 1232 855 1297 augures
885 1235 1001 1297 respon
1026 1217 1122 1278 erunt

148 1299 296 1362 omnium
323 1297 415 1362 illum
444 1296 626 1361 mortalium
648 1297 792 1360 futurum
815 1297 1016 1364 ditissimum.
1061 1319 1121 1363 nec

147 1405 237 1447 uana
258 1383 436 1466 praedictio
453 1382 578 1445 extitit:
601 1403 677 1445 nam
692 1381 796 1446 Midas
812 1389 1003 1448 cunctorum
1018 1405 1121 1467 paene

125 1489 265 1552 regum
294 1488 371 1550 opes
401 1465 599 1530 abundantia
628 1467 783 1549 pecuniae
811 1469 983 1533 antecessit
1013 1468 1160 1532 tufan-15

146 1553 297 1636 tiaequae
319 1551 517 1616 incunabula
536 1550 595 1615 uili
610 1550 742 1615 deorum
758 1573 889 1616 munere
905 1553 1024 1617 donata
1040 1575 1121 1618 onu-

149 1639 210 1700 stis
234 1657 312 1700 auro
337 1641 433 1722 atque
457 1638 593 1720 argento
616 1636 704 1722 gazis
726 1637 885 1718 pensauit.

215 1723 245 1786 3.
281 1719 438 1787 Formicis
454 1719 561 1786 Midae
583 1721 651 1785 iure
674 1721 853 1805 meritoque
876 1743 952 1804 apes
974 1721 1121 1786 Platonis

148 1805 374 1890 praetulerim:
396 1806 471 1871 illae
494 1807 580 1870 enim
604 1806 740 1870 caducae
762 1827 801 1872 ao
822 1806 964 1891 fragilis,
987 1807 1050 1872 hae
1073 1828 1121 1870 so·

149 1891 234 1956 lidae
262 1895 295 1956 et
323 1895 472 1956 aeternae
500 1891 665 1955 felicitatis
687 1891 809 1955 indices
835 1892 1026 1976 extiterunt,
1050 1892 1121 1957 dor·
1134 1912 1160 1952 ao

151 1976 282 2040 micntis
304 1976 339 2040 in
363 1977 453 2041 cunis
475 1975 604 2059 paruuli
619 1974 745 2040 labellis
762 1976 825 2040 mel
840 1977 1019 2042 inserendo.
1059 1998 1122 2062 qua

150 2083 187 2125 rc
210 2061 325 2126 audita.
340 2060 563 2146 prodigiorum
580 2061 772 2144 interpretes
789 2061 987 2146 singularem
1003 2062 1121 2146 eloquii

151 2147 350 2210 suauitatem
373 2167 428 2211 ore
452 2146 519 2209 eius
541 2150 763 2209 emanaturam
785 2146 943 2210 dixerunt.
981 2169 1019 2212 ao
1040 2145 1121 2211 mihi

153 2231 283 2314 quidem
307 2230 382 2295 illae
398 2252 475 2314 apes
489 2252 555 2295 non
570 2233 713 2295 montem
728 2229 930 2315 Hymettium
947 2233 1027 2315 tymi
1042 2231 1121 2296 flore

221 2365 472 2420 llacedaemoniss
484 2365 519 2432 L,
538 2364 756 2420 lacaedemoniis
775 2366 834 2432 (sed
851 2367 940 2422 alteru
957 2366 968 2426 i
982 2368 1121 2435 prendat.)

150 2435 332 2501 All2caena
349 2434 378 2487 A
395 2434 404 2502 ΙΙ
421 2440 437 2487 o
454 2433 547 2502 magri
564 2435 594 2502 (n
613 2449 680 2488 erus.
702 2433 774 2502 aad.)
793 2434 1012 2503 Alcfriissent
1029 2434 1121 2501 L1A1‚

146 2507 212 2570 post
229 2503 302 2557 huuc
319 2519 347 2560 u.
370 2501 513 2570 suppleat:
537 2517 638 2555 cauere
683 2501 801 2555 otuisset
822 2503 885 2560 edd.
909 2507 988 2569 cett,
1010 2501 1122 2557 fecisset

152 2569 285 2625 Foertsch
312 2571 333 2623 Ι
351 2574 381 2634 5,
411 2567 591 2623 abstinuisset
616 2518 719 2638 Halm,
747 2569 843 2624 malim
864 2570 1048 2625 retinuissent
1074 2573 1120 2640 (sc.

150 2639 240 2707 scapi)
258 2639 268 2707 ΙΙ
286 2639 352 2691 ante
371 2652 388 2690 a
405 2636 531 2690 Leonida
549 2637 578 2690 et
596 2653 643 2690 ccc
662 2637 690 2758 §a
708 2653 756 2691 ccc
773 2637 873 2760 Halmg
896 2638 955 2692 eius
974 2637 1121 2707 Spartanis

109 2740 114 2746 -
152 2705 267 2759 abunde
285 2705 408 2759 monitus
428 2705 592 2772 Tarentus,
611 2705 660 2758 Ha
672 2721 699 2757 m
717 2705 776 2770 (sed
794 2706 857 2760 debe
873 2711 924 2761 cat
941 2707 1038 2760 saltem
1055 2707 1121 2762 seri·

151 2774 212 2828 bere
231 2775 266 2827 de
280 2771 434 2840 Leonida),
452 2773 563 2838 fuisset,
586 2775 651 2826 ante
675 2771 709 2826 de
728 2772 869 2828 Leonidae
888 2773 1017 2827 crederes
1034 2774 1121 2842 perti-

150 2841 235 2894 nscia
253 2838 367 2894 abunde
384 2839 524 2895 monitum
545 2839 667 2909 Weuscy
679 2845 758 2907 1883,
771 2857 802 2910 p.
815 2845 874 2906 637,
893 2841 1007 2904 fuisset,
1027 2857 1056 2895 se
1080 2841 1121 2894 in·

151 2908 308 2962 tellexisset
331 2909 397 2962 ante
420 2909 455 2962 de
474 2909 504 2963 L.
525 2910 554 2962 et
572 2909 607 2962 de
627 2910 750 2963 caesuris
768 2925 832 2963 suos
852 2909 899 2979 Sp.
918 2909 962 2964 ab.
982 2910 1122 2962 monitum

151 2976 250 3031 Helles
261 2976 397 3046 Philotos.
410 2980 482 3031 1868
493 2993 524 3045 p.
536 2980 599 3041 344,
618 2977 655 3042 cf.
674 2978 759 3032 etiam
776 2977 907 3032 Foertscb
924 2978 971 3031 15
983 2981 1009 3030 ct
1026 2977 1120 3042 111⁶,

151 3045 219 3098 ante
238 3060 255 3098 a
272 3041 358 3097 Leon.
378 3045 411 3097 ut
430 3047 546 3100 caueret
562 3046 716 3113 Spartanos
733 3045 834 3099 Novak
845 3046 884 3113 118
901 3044 1039 3098 monitum
1052 3045 1120 3102 LA.

152 3113 278 3165 monitus
288 3111 354 3168 dett.
366 3112 455 3167 Halm
468 3114 478 3182 ll
498 3119 527 3166 11
542 3129 637 3166 corsus
649 3114 695 3178 ΑΙ,
717 3113 752 3178 ef.
766 3113 880 3170 Luciam.
898 3113 937 3166 ad
949 3113 1034 3166 Iacer.
1048 3111 1126 3165 IIII

151 3183 212 3245 116,
232 3196 366 3258 quorsum
376 3181 425 3246 A²‚
444 3197 563 3248 quorsus
575 3180 712 3249 LHulml
732 3187 763 3236 13
776 3181 965 3234 diutissimum
982 3180 1052 3234 Por.
1066 3181 1075 3248 ΙΙ
1090 3186 1122 3232 14

151 3246 327 3368 praedicatio
347 3247 415 3301 LA¹
431 3251 440 3318 ss
452 3264 543 3317 poene
562 3248 589 3302 L
602 3249 612 3317 ΙΙ
626 3254 657 3301 16
670 3250 712 3302 uti
724 3249 734 3300 i
752 3250 811 3302 LA
824 3249 918 3312 Halm,
937 3264 985 3302 em.
998 3248 1122 3317 Moduip

170 3316 192 3368 Ι
200 3319 252 3370 315
270 3316 279 3383 ΙΙ
298 3315 425 3370 honustis
443 3318 483 3370 A²
501 3318 510 3386 ss
530 3322 562 3370 19
573 3316 621 3370 ille
634 3316 706 3371 L¹A
723 3318 733 3384 ΙΙ
750 3317 865 3386 fragiles
883 3316 964 3369 L¹A¹
983 3317 992 3385 ΙΙ
1011 3323 1121 3384 21par-

152 3383 212 3436 uoli
228 3385 299 3440 Par.
321 3384 331 3451 ΙΙ
352 3388 385 3436 23
406 3387 584 3439 manaturam
601 3385 672 3443 Par,
695 3387 705 3454 ΙΙ
728 3391 761 3437 24
782 3385 937 3452 hymetium
958 3386 1031 3454 tymi
1053 3384 1121 3451 LA,

153 3449 320 3518 Hymettum
338 3449 430 3518 thymi
448 3453 513 3508 dett.
525 3453 626 3517 Halm,
646 3457 676 3507 at
694 3469 722 3506 a.
741 3451 902 3508 Heliconios
921 3453 1007 3508 colles
1025 3452 1121 3519 Μίνω

155 3517 207 3571 Vr
224 3524 278 3577 cat.
290 3523 308 3573 5
319 3520 439 3574 Aetnaei
457 3521 573 3586 montis3
595 3519 642 3574 VI
649 3524 667 3574 9
684 3525 738 3575 est.
751 3523 768 3574 5
785 3519 953 3590 Mycalensis
965 3521 1070 3574 montis

203 3613 264 3654 Van.
278 3614 345 3656 Msxr
