2606 3952
398 205 475 262 cae.
491 205 519 274 1,
537 211 657 272 es-1o.
677 205 718 273 11,
737 211 789 272 er.
1036 206 1076 272 61
1125 153 1131 163 ’

106 380 206 425 cursu
243 362 331 424 aetas
363 358 581 445 ingredientes
613 363 779 424 actuosam
810 359 912 424 uitam
942 358 1078 424 feruoris

105 445 317 510 nutrimentis
352 443 612 529 prosequebatur.
666 463 746 528 quas
780 442 943 524 Athenas,
981 465 1079 592 <guam

107 529 264 613 scholam,
280 549 362 613 quae
376 528 560 613 alienigena
572 527 765 594 studialruic
777 527 970 594 domesticae
1006 528 1078 594 isci-

106 615 219 698 plinae
240 612 470 699 praetulerim?
494 614 570 678 inde
593 613 780 678 criebantur
795 611 930 691 Camilli,
955 612 1078 697 Scipio·

105 720 182 796 nes,
211 697 365 780 Fabricii,
394 697 556 782 Marcelli,
584 697 693 780 Fabii,
723 719 760 762 ao
787 719 829 762 ue
858 697 989 783 singula
1019 697 1105 761 ime

106 783 190 868 persi
212 783 318 848 nostri
344 782 465 848 lumina
485 782 582 848 simul
608 783 824 867 percurrendo
850 783 912 848 sim
939 781 1076 866 longior,

107 867 200 1019 igde,
222 867 372 952 inquam,
401 867 482 933 caeli
504 867 682 933 clarissima
703 889 795 953 pars,
825 865 893 932 diui
918 866 1079 932 fulserunt

139 973 275 1018 aesares.

175 1053 217 1118 II.
255 1056 283 1117 1.
306 1054 398 1120 Adeo
420 1057 528 1119 autem
549 1074 669 1138 magna
692 1054 825 1119 caritate
846 1054 970 1139 patriae
991 1055 1079 1118 tene·
1157 1085 1160 1090 ¹

106 1139 244 1222 bantur,
277 1142 315 1204 ut
347 1159 466 1204 arcana
501 1138 636 1203 consilia
668 1143 797 1224 patrum
828 1139 1079 1222 conscriptorum
1093 1155 1118 1195 ro

109 1223 222 1288 multis
244 1223 380 1288 saeculis
401 1244 497 1288 nemo
512 1227 643 1289 senator
656 1223 885 1289 enuntiauerit.
913 1223 951 1299 Q.
962 1222 1080 1288 Fabius

109 1307 273 1372 Maximus
294 1311 423 1373 tantum
437 1308 549 1391 modo,
573 1312 606 1373 et
627 1309 655 1372 is
676 1309 744 1392 ipse
759 1329 816 1393 per
830 1308 1080 1392 inprudentiam,

111 1393 150 1458 de
179 1393 278 1458 tertio
307 1393 430 1458 Punico
462 1392 546 1458 bello
578 1392 750 1458 indicendo
784 1395 870 1477 quod
902 1397 1019 1458 secreto
1046 1393 1082 1456 in

86 1477 199 1543 ‘ouria
228 1481 298 1542 erat
325 1481 431 1543 actum
455 1478 490 1543 P.
512 1477 628 1544 Crasso
657 1499 710 1542 rus
738 1481 853 1562 petens
881 1479 1012 1543 domum
1033 1497 1081 1541 re

107 1562 251 1627 uertenti
278 1563 313 1627 in
342 1564 459 1628 itinere
488 1564 650 1647 narrauit,
684 1583 806 1627 memor
832 1583 905 1626 eum
938 1563 1080 1627 triennio
1095 1576 1119 1617 1⁵

111 1651 186 1712 ante
216 1650 420 1731 quaestorem
449 1647 586 1728 factum,
620 1647 754 1732 ignarus
783 1647 928 1712 nondum
956 1668 976 1711 a
1006 1667 1080 1711 can·

11 1769 13 1780 =
110 1732 237 1798 scribus
265 1731 301 1797 in
328 1733 472 1798 ordinem
500 1732 698 1798 senatorium
726 1731 896 1815 allectum,
924 1751 987 1816 quo
1017 1751 1081 1795 uuo

93 1816 207 1882 'modo
231 1817 329 1881 etiam
351 1817 407 1901 iis,
436 1818 491 1900 qui
512 1819 578 1882 iam
599 1818 739 1882 honores
764 1819 947 1903 gesserant,
977 1814 1082 1880 aditus

108 1903 145 1966 in
169 1903 294 1966 curiam
315 1902 458 1968 dabatur.
482 1901 538 1966 sed
553 1903 701 1986 quamuis
715 1902 870 1968 honestus
886 1922 973 1966 error
988 1897 1081 1964 Fabii

108 1991 211 2069 esset,
245 1986 451 2057 uehementer
482 1989 592 2052 tamen
625 2009 645 2052 a
672 1987 859 2053 consulibus
888 1986 1120 2071 obiurgatores

107 2075 174 2136 est:
213 2092 389 2156 numquam
425 2073 512 2137 enim
544 2071 813 2156 taciturnitatem,
850 2073 1009 2156 optimum
1042 2091 1079 2135 ac

11 2205 12 2214 ,
106 2155 306 2222 tutissimum
321 2156 649 2222 administrandarum
670 2177 778 2223 rerum
789 2157 971 2237 uinculum,
994 2155 1080 2220 lebe-

108 2241 228 2305 facteri
249 2241 414 2306 uolebant.

96 2369 101 2378 ·
176 2325 281 2410 Ergo,
303 2347 378 2391 eum
392 2326 489 2391 Asiae
511 2348 568 2392 rex
585 2327 746 2394 Eumenes
768 2326 1006 2392 amantissimus
1022 2345 1081 2390 no·

109 2415 196 2475 strae
223 2410 312 2475 urbis
340 2411 460 2476 bellum
486 2433 505 2477 a
527 2411 625 2478 Perse
653 2411 807 2477 aduersus
834 2411 991 2496 populum
1016 2408 1080 2474 Ro·
1094 2429 1120 2468 aa

109 2516 244 2584 manum
266 2496 435 2582 conparari
457 2498 585 2562 senatui
606 2497 804 2578 nuntiasset,
827 2517 893 2560 non
914 2499 989 2560 ante
1007 2493 1082 2560 sciri

110 2647 176 2715 uiri)
194 2648 336 2716 ingeniose
349 2647 432 2702 Gertz
444 2663 475 2715 p.
493 2651 548 2703 264
564 2651 574 2716 ΙΙ
591 2649 645 2702 uiri
661 2650 710 2715 A¹,
731 2647 835 2701 uirium
847 2649 895 2708 A2,
917 2647 1001 2700 uiridi
1013 2647 1081 2702 ceni.

110 2713 237 2782 Lipsius,
255 2715 332 2768 uirili
345 2715 506 2782 Torreninc,
519 2718 595 2770 uitae
611 2716 726 2781 Vahlen,
738 2715 813 2770 Mne.
826 2716 915 2771 Rleen.
924 2716 977 2769 XI
983 2733 1012 2784 p.
1021 2719 1081 2771 591.

109 2783 215 2838 tnelnsa'
231 2797 323 2838 necem
341 2799 375 2838 en
397 2785 625 2852 interpretatione
646 2785 747 2840 anatis
770 2800 855 2840 conen
872 2783 1031 2851 defendor,
1050 2790 1083 2839 nt

114 2850 186 2917 nid,
204 2855 305 2917 ortam,
323 2867 374 2906 nec
389 2853 560 2920 irnprobcnit
576 2852 664 2908 Halm

183 2924 195 2972 1
209 2918 329 2974 feruoris
341 2919 488 2976 Eberhard
501 2925 604 2990 p.156.
626 2922 663 2988 cf.
677 2921 776 2978 Gelblee
789 2924 881 2988 122⁷,
896 2920 956 2987 ipse
974 2921 1082 2984 ardoris

112 2986 296 3053 conteteram,
313 2987 420 3042 fauoris
436 2988 496 3043 LA
513 2989 601 3044 Holrn
613 2990 623 3058 ΙΙ
640 2997 656 3044 ὁ
672 2989 782 3046 fabricii
800 2990 866 3054 (litt.
884 2988 910 3042 ic
928 3005 949 3043 s.
967 2987 986 3042 l.
1005 3005 1039 3044 rn.
1051 2991 1081 3056 2)

112 3056 139 3111 L
152 3057 162 3124 ΙΙ
175 3054 279 3124 singuli
291 3055 373 3134 L¹A¹
422 3063 453 3112 10
465 3057 716 3113 contessoribtum
728 3057 766 3110 Π
778 3059 788 3126 ΙΙ
805 3063 833 3110 11
854 3056 949 3110 nullus
971 3060 1083 3111 senator

107 3125 179 3181 Par.
200 3124 210 3191 ΙΙ
234 3127 264 3201 ¹³.
280 3123 369 3176 tercio
439 3125 449 3202 Ι]
474 3140 552 3203 scaro
575 3125 661 3193 HA,
687 3126 754 3181 cdd.
776 3125 836 3180 seci
859 3126 879 3195 <i
899 3141 961 3179 mar
980 3139 996 3180 ο
1014 3126 1041 3180 A
1068 3125 1079 3194 ΙΙ

110 3196 144 3246 14
159 3191 266 3268 reuerti
282 3190 343 3259 ΠΙ]
364 3197 395 3244 1o
411 3193 565 3246 trienmum
581 3193 619 3246 Β
637 3193 647 3261 ΙΙ
665 3199 699 3272 1⁶.
714 3194 828 3274 ignarus
840 3193 928 3294 L²1et
967 3197 1012 3248 nt.
1029 3193 1083 3248 mei

110 3273 382 3405 tranunt
399 3259 669 3386 Aeilttstplt’
690 3262 881 3384 ditet&
895 3261 1083 3385 luntzel

115 3395 128 3466 ΙΙ
150 3401 181 3450 18
198 3411 223 3448 rs
234 3392 327 3463 13¹A1,
345 3394 389 3448 tus
402 3396 480 3450 [Μ’
492 3397 502 3465 ΙΙ
515 3400 643 3467 gesserat
688 3396 751 3518 le
765 3403 796 3451 19
809 3398 887 3452 curia
898 3398 956 3452 LA
969 3398 978 3466 ΙΙ
992 3405 1024 3451 20
1040 3399 1082 3452 tu-

112 3479 179 3518 men
193 3462 242 3527 A',
266 3463 439 3518 tementes*
460 3481 517 3519 roe.
536 3466 703 3520 9-101tn.
755 3504 761 3531 ,
785 3466 923 3522 temese*
938 3468 966 3520 A
985 3465 997 3535 ΙΙ
1017 3471 1050 3520 25
1067 3483 1084 3520 a

11 3567 29 3628 ,-
112 3547 206 3666 &aaz
222 3530 368 3652 srmiicrm
389 3548 457 3602 rnrg.
475 3536 539 3590 rn‚1
558 3532 585 3585 L
605 3535 615 3601 ΙΙ
636 3537 669 3586 26
689 3532 846 3588 nontiasset
862 3535 897 3588 L¹
917 3536 927 3603 ll
944 3534 1014 3588 seire
1032 3550 1083 3603 po·
