2590 3948
352 176 427 236 ΟΑΡ,
446 176 481 244 ΙΙ,
499 177 562 231 Ext.
581 176 751 244 §1-4,111‚
774 181 876 242 §1—4.
1058 181 1097 244 17

191 338 221 395 2.
234 337 358 394 Lutatius
371 337 466 410 Cerco,
483 338 530 412 qui
547 337 664 412 primum
676 335 804 394 Punicum
820 337 921 395 bellum
937 338 1064 412 confecit,
1081 339 1180 400 aPar.

123 431 224 480 senatu
250 420 406 497 prohibitus
433 431 475 478 est
502 429 593 478 sortes
622 420 759 477 Fortunae
788 421 978 480 Praenestinae
1005 423 1095 480 adlre:

125 507 254 581 auspiciis
277 507 350 564 enim
364 508 471 580 patriis,
494 523 549 564 non
572 505 732 580 alienigenis
755 507 961 580 rempublicam
984 507 1096 565 admini-

124 593 207 648 strari
228 589 381 648 iudicabant
405 599 545 666 oportere.

191 675 219 733 3.
231 675 278 732 Cn.
294 675 436 732 Cornelius
444 675 568 751 Hispalae
580 682 693 749 praetor
705 675 865 748 peregrinus
874 675 908 734 ll.
916 675 1021 751 Popilio
1029 675 1095 734 Lae·
1108 691 1122 732 o

124 769 189 818 nate
210 759 240 818 L.
256 759 402 834 Calpurnio
420 777 491 817 coss.
514 759 604 817 edicto
618 758 767 815 Chaldaeos
790 760 855 816 eitra
873 759 1006 818 decimum
1025 760 1096 817 diem

125 844 201 902 abire
223 862 256 902 ex
278 845 346 902 urbe
369 853 452 919 atque
469 843 546 902 ltalia
567 845 657 915 iussit,
679 842 786 902 leuibus
809 852 838 900 et
858 846 958 919 ineptis
979 846 1096 919 ingeniis

124 928 216 985 fallaci
245 929 365 986 siderum
394 930 620 1004 interpretatione
648 936 840 1002 quaestuosum
867 929 1012 987 mendaciis
1039 931 1096 986 suis

125 1013 269 1087 caliginem
291 1015 443 1072 inicientes.
479 1013 549 1070 idem
571 1013 702 1088 ludaeos,
733 1015 780 1088 qui
803 1012 895 1070 Sabaei
918 1013 989 1071 louis
1021 1013 1097 1070 cultu

123 1098 260 1154 Romanos
283 1096 395 1155 inlicere
415 1115 505 1156 mores
528 1100 735 1170 cenationem,
762 1106 888 1172 repetere
914 1098 1010 1156 domos
1032 1115 1096 1156 suas
1110 1113 1136 1154 to

125 1184 229 1257 coegit.

190 1267 219 1324 4.
231 1267 261 1323 L.
276 1267 405 1324 Aemilius
419 1266 519 1324 Paulus
535 1267 643 1337 consul,
658 1285 720 1326 cum
730 1276 841 1326 senatus
855 1267 932 1326 leidis
949 1276 977 1326 et
988 1267 1097 1342 Serapis

124 1351 188 1408 lana
216 1351 346 1409 diruenda
374 1353 541 1421 censuisset,
571 1368 658 1426 eaque
685 1369 765 1410 nemo
797 1350 926 1428 opificum
956 1352 1097 1427 adtingere

124 1435 255 1509 auderet,
283 1438 373 1510 posita
401 1444 540 1511 praetenta
567 1453 691 1494 securem
720 1438 833 1512 arripuit
859 1437 1008 1512 templique
1037 1439 1096 1493 eius

124 1519 233 1578 loribus
255 1519 363 1578 inllirit.
1110 1536 1136 1578 15

192 1714 221 1776 2.
232 1712 371 1772 Lutatium
379 1715 536 1789 Cerdonem,
552 1714 736 1772 coniectorem
748 1715 828 1789 primi
836 1714 929 1771 Punici
939 1713 1015 1786 belli,
1027 1713 1095 1771 lama
1106 1718 1181 1788 Nep.

123 1800 216 1858 extitit
231 1797 303 1856 uelle
318 1800 350 1856 ad
367 1799 567 1857 Praenestinam
584 1798 732 1857 Fortunam
751 1795 774 1868 †
796 1808 885 1855 sortes
906 1799 1014 1856 mittere
1039 1800 1096 1856 siue

124 1884 270 1959 colligere.
315 1885 369 1942 hoc
397 1886 509 1958 cognito
537 1892 648 1942 senatus
677 1881 793 1940 inhibuit
820 1884 936 1940 extraria
964 1899 1096 1958 responsa

123 1967 150 2040 †
171 1968 361 2027 consultorum
383 1969 505 2043 disquiri.
549 1971 654 2025 iussum
677 1967 774 2042 legatis
797 1976 839 2024 est
860 1968 1046 2043 sedilibusque
1069 1970 1097 2024 in

124 2056 179 2111 hoc
202 2054 305 2126 missis,
330 2062 379 2128 ut,
409 2056 432 2110 si
455 2053 652 2125 consuluisset,
682 2053 715 2108 ad
739 2053 900 2128 supplicium
920 2054 1029 2111 llomam
1053 2069 1135 2114 reso

123 2139 282 2199 duceretur.
321 2138 439 2213 denique
464 2138 531 2196 adeo
553 2136 657 2213 proluit
679 2135 797 2211 lactum,
825 2146 855 2194 nt
882 2139 944 2194 exin
970 2145 1043 2194 certa
1070 2139 1097 2194 ei

122 2222 245 2280 Romana
267 2222 386 2297 auspicia
406 2221 522 2279 luerint:
545 2239 606 2278 nam
630 2220 662 2278 ab
685 2221 813 2279 altaribus
835 2224 930 2297 patriis
954 2221 1096 2297 proiectus

121 2309 242 2380 Aegates
265 2307 484 2382 opulentissimas
504 2306 606 2364 insulas
629 2307 657 2364 in
683 2316 831 2383 conspectu
853 2307 1023 2382 Carthaginis
1047 2323 1097 2382 po·

123 2391 236 2467 palatus
259 2400 310 2448 est.

196 2619 209 2666 l
234 2612 320 2691 (lesco
332 2627 406 2692 natos,
425 2627 506 2667 cereo
524 2613 551 2666 P
567 2613 579 2682 ll
591 2617 619 2691 '2'
630 2612 719 2667 sorus
742 2642 774 2652 -
794 2618 827 2667 to
845 2615 926 2668 erant
948 2617 1051 2692 wioni,
1066 2613 1099 2667 aba

125 2701 146 2736 α
168 2682 178 2750 ΙΙ
196 2688 211 2736 3
233 2680 423 2762 ehgemgrso
441 2682 450 2751 ΙΙ
468 2687 483 2736 5
501 2680 638 2759 pomprlro
656 2680 766 2760 hllss
784 2680 915 2736 chaldeos
932 2682 961 2735 P
974 2702 992 2735 α
1004 2682 1015 2751 ll
1028 2682 1098 2765 arira

124 2747 1067 2886 i·..itti.t.tt.tr.ti⁰l›ih.¹ttttititiiitli.tdai²⁰¹
1084 2750 1096 2817 Ι

196 2955 227 3005 16
245 2950 409 3004 Lutenlium
436 2951 576 3006 circonem
594 2951 628 3006 N
645 2952 655 3020 ΙΙ
678 2956 709 3006 lt
731 2951 931 3006 Praenestinae
955 2951 1096 3005 Fortunae

125 3018 192 3073 Mai
212 3017 346 3098 Foertscit
361 3019 414 3072 14
435 3020 444 3089 ΙΙ
465 3021 592 3085 mittere,
620 3020 711 3074 sortes
737 3019 787 3096 qui
814 3018 982 3089 colligereni
1001 3017 1099 3084 Halm,

123 3085 651 3233 {taditiilittlittitll
672 3087 1018 3234 {traillffbli‘lilli
1032 3083 1099 3206 ti:

125 3239 138 3275 s
169 3224 264 3276 torum
282 3221 322 3290 N,
351 3222 458 3276 consult
476 3223 555 3280 Rom.
586 3221 669 3280 Gertz
692 3225 802 3292 12298,
830 3222 926 3276 molam
949 3237 967 3274 a
984 3219 1098 3275 consule

124 3289 499 3358 RombinheecNHalm,
513 3307 560 3345 em.
573 3289 779 3362 cananaeus]
794 3289 927 3367 eiNllet
942 3289 1018 3368 facio
1042 3289 1097 3367 ale.

126 3374 189 3414 cwm
201 3359 325 3436 effeaioem
342 3359 384 3413 iic
396 3364 476 3425 esset)
491 3358 596 3428 Geniali
609 3376 643 3414 ex
657 3355 814 3423 ineerteN,
852 3374 883 3437 ro
902 3358 1016 3411 rncerbs
1059 3372 1099 3420 ce,

126 3442 161 3480 ex
178 3427 296 3480 incertus
314 3426 409 3488 Halm,
429 3443 477 3482 em.
498 3425 580 3482 Gertz
598 3427 616 3481 i.
635 3445 669 3493 u,
687 3425 816 3482 Iiberbusr
853 3441 885 3478 aas
902 3424 997 3480 Herm.
1019 3423 1102 3478 VIII

124 3497 160 3547 94
184 3499 209 3548 et
233 3493 293 3550 coll.
337 3497 405 3559 .18,
422 3497 459 3550 24
479 3495 580 3565 Stangl
597 3497 607 3564 ΙΙ
626 3495 653 3550 ei
677 3496 707 3548 ct
731 3509 801 3547 rom.
827 3493 909 3548 Gertz
929 3494 988 3562 {122
1010 3490 1100 3562 petris

9 3571 19 3584 '
127 3561 402 3630 NliaegaasN

181 3655 320 3697 Venilisx.
930 3648 945 3695 2
