<?xml version="1.0" encoding="UTF-8"?>
<!DOCTYPE html PUBLIC "-//W3C//DTD XHTML 1.0 Transitional//EN"
    "http://www.w3.org/TR/xhtml1/DTD/xhtml1-transitional.dtd">
<html xmlns="http://www.w3.org/1999/xhtml" xml:lang="en" lang="en">
 <head>
  <title>
</title>
<meta http-equiv="Content-Type" content="text/html;charset=utf-8" />
  <meta name='ocr-system' content='tesseract 3.04.00' />
  <meta name='ocr-capabilities' content='ocr_page ocr_carea ocr_par ocr_line ocrx_word'/>
</head>
<body>
  <div class='ocr_page' id='page_1' title='image "./valeriimaximifa00nepogoog_0174.png"; bbox 0 0 2606 3952; ppageno 0'>
   <div class='ocr_carea' id='block_1_1' title="bbox 472 207 1135 278">
    <p class='ocr_par' dir='ltr' id='par_1_1' title="bbox 472 207 1135 278">
     <span class='ocr_line' id='line_1_1' title="bbox 472 207 1135 278; baseline 0.024 -16"><span class='ocrx_word' id='word_1_1' title='bbox 472 207 550 263; x_wconf 74' lang='lat' dir='ltr'><strong>one.</strong></span> <span class='ocrx_word' id='word_1_2' title='bbox 568 207 621 276; x_wconf 88' lang='lat'>111,</span> <span class='ocrx_word' id='word_1_3' title='bbox 639 207 702 262; x_wconf 77' lang='lat' dir='ltr'><strong>nxt.</strong></span> <span class='ocrx_word' id='word_1_4' title='bbox 721 211 827 275; x_wconf 72' lang='lat' dir='ltr'><strong>sa-o.</strong></span> <span class='ocrx_word' id='word_1_5' title='bbox 1074 210 1135 278; x_wconf 88' lang='lat'><strong>133</strong></span> 
     </span>
    </p>
   </div>
   <div class='ocr_carea' id='block_1_2' title="bbox 165 360 1179 2734">
    <p class='ocr_par' dir='ltr' id='par_1_2' title="bbox 165 360 1176 1548">
     <span class='ocr_line' id='line_1_2' title="bbox 168 360 1135 447; baseline 0 -20"><span class='ocrx_word' id='word_1_6' title='bbox 168 362 200 427; x_wconf 91' lang='lat' dir='ltr'><strong>ui</strong></span> <span class='ocrx_word' id='word_1_7' title='bbox 227 360 368 426; x_wconf 80' lang='lat' dir='ltr'><strong>inhiberi</strong></span> <span class='ocrx_word' id='word_1_8' title='bbox 395 365 506 447; x_wconf 90' lang='lat' dir='ltr'><strong>posset</strong></span> <span class='ocrx_word' id='word_1_9' title='bbox 536 381 599 447; x_wconf 90' lang='lat' dir='ltr'><strong>qno</strong></span> <span class='ocrx_word' id='word_1_10' title='bbox 625 360 733 426; x_wconf 90' lang='lat' dir='ltr'><strong>minus</strong></span> <span class='ocrx_word' id='word_1_11' title='bbox 763 382 836 425; x_wconf 89' lang='lat' dir='ltr'><strong>eum</strong></span> <span class='ocrx_word' id='word_1_12' title='bbox 864 362 1135 428; x_wconf 85' lang='lat' dir='ltr'><strong>amarissimorum</strong></span> 
     </span>
     <span class='ocr_line' id='line_1_3' title="bbox 166 445 1136 531; baseline 0 -19"><span class='ocrx_word' id='word_1_13' title='bbox 166 446 408 512; x_wconf 88' lang='lat' dir='ltr'><strong>maledictorum</strong></span> <span class='ocrx_word' id='word_1_14' title='bbox 430 445 617 511; x_wconf 87' lang='lat' dir='ltr'><strong>uerberibus</strong></span> <span class='ocrx_word' id='word_1_15' title='bbox 640 446 779 510; x_wconf 86' lang='lat' dir='ltr'><strong>inuicem</strong></span> <span class='ocrx_word' id='word_1_16' title='bbox 801 446 871 530; x_wconf 85' lang='lat' dir='ltr'><strong>ipsc</strong></span> <span class='ocrx_word' id='word_1_17' title='bbox 893 450 1071 531; x_wconf 85' lang='lat' dir='ltr'><strong>torqueret,</strong></span> <span class='ocrx_word' id='word_1_18' title='bbox 1095 447 1136 512; x_wconf 86' lang='lat' dir='ltr'><strong>ad</strong></span> 
     </span>
     <span class='ocr_line' id='line_1_4' title="bbox 166 530 1135 616; baseline 0.001 -20"><span class='ocrx_word' id='word_1_19' title='bbox 166 532 317 596; x_wconf 90' lang='lat' dir='ltr'><strong>ultimum</strong></span> <span class='ocrx_word' id='word_1_20' title='bbox 339 530 592 614; x_wconf 76' lang='lat' dir='ltr'><strong>amputationem</strong></span> <span class='ocrx_word' id='word_1_21' title='bbox 621 531 753 616; x_wconf 79' lang='lat' dir='ltr'><strong>linguae</strong></span> <span class='ocrx_word' id='word_1_22' title='bbox 775 531 938 595; x_wconf 86' lang='lat' dir='ltr'><strong>minitanti</strong></span> <span class='ocrx_word' id='word_1_23' title='bbox 962 539 1041 597; x_wconf 87' lang='lat' dir='ltr'><strong>‘nou</strong></span> <span class='ocrx_word' id='word_1_24' title='bbox 1062 533 1135 598; x_wconf 88' lang='lat' dir='ltr'><strong>erit&#39;</strong></span> 
     </span>
     <span class='ocr_line' id='line_1_5' title="bbox 166 614 1136 701; baseline -0.001 -20"><span class='ocrx_word' id='word_1_25' title='bbox 166 617 287 701; x_wconf 91' lang='lat' dir='ltr'><strong>iuquit,</strong></span> <span class='ocrx_word' id='word_1_26' title='bbox 311 615 506 680; x_wconf 81' lang='lat' dir='ltr'><strong>‘effeminate</strong></span> <span class='ocrx_word' id='word_1_27' title='bbox 527 615 723 699; x_wconf 75' lang='lat' dir='ltr'><strong>adulescens,</strong></span> <span class='ocrx_word' id='word_1_28' title='bbox 745 614 825 682; x_wconf 88' lang='lat' dir='ltr'><strong>haec</strong></span> <span class='ocrx_word' id='word_1_29' title='bbox 838 637 963 700; x_wconf 90' lang='lat' dir='ltr'><strong>quoque</strong></span> <span class='ocrx_word' id='word_1_30' title='bbox 978 638 1053 701; x_wconf 87' lang='lat' dir='ltr'><strong>pars</strong></span> <span class='ocrx_word' id='word_1_31' title='bbox 1068 637 1136 682; x_wconf 92' lang='lat' dir='ltr'><strong>cor·</strong></span> 
     </span>
     <span class='ocr_line' id='line_1_6' title="bbox 165 699 1162 786; baseline -0.003 -20"><span class='ocrx_word' id='word_1_32' title='bbox 165 702 253 786; x_wconf 87' lang='lat' dir='ltr'><strong>poris</strong></span> <span class='ocrx_word' id='word_1_33' title='bbox 275 700 339 765; x_wconf 85' lang='lat' dir='ltr'><strong>mci</strong></span> <span class='ocrx_word' id='word_1_34' title='bbox 356 702 431 764; x_wconf 86' lang='lat' dir='ltr'><strong>tuae</strong></span> <span class='ocrx_word' id='word_1_35' title='bbox 451 699 617 780; x_wconf 89' lang='lat' dir='ltr'><strong>dicionis&#39;‚</strong></span> <span class='ocrx_word' id='word_1_36' title='bbox 642 700 854 784; x_wconf 71' lang='lat' dir='ltr'><strong>protinusque</strong></span> <span class='ocrx_word' id='word_1_37' title='bbox 869 701 1019 765; x_wconf 87' lang='lat' dir='ltr'><strong>dentibus</strong></span> <span class='ocrx_word' id='word_1_38' title='bbox 1033 701 1162 766; x_wconf 79' lang='lat' dir='ltr'><strong>abaci-e</strong></span> 
     </span>
     <span class='ocr_line' id='line_1_7' title="bbox 167 784 1137 886; baseline 0 -36"><span class='ocrx_word' id='word_1_39' title='bbox 167 807 235 850; x_wconf 88' lang='lat' dir='ltr'><strong>sam</strong></span> <span class='ocrx_word' id='word_1_40' title='bbox 255 789 291 884; x_wconf 79' lang='lat' dir='ltr'><strong>et</strong></span> <span class='ocrx_word' id='word_1_41' title='bbox 309 784 600 850; x_wconf 79' lang='lat' dir='ltr'><strong>conmanducatam</strong></span> <span class='ocrx_word' id='word_1_42' title='bbox 614 785 760 884; x_wconf 79' lang='lat' dir='ltr'><strong>linguam</strong></span> <span class='ocrx_word' id='word_1_43' title='bbox 775 785 810 849; x_wconf 92' lang='lat' dir='ltr'><strong>in</strong></span> <span class='ocrx_word' id='word_1_44' title='bbox 825 806 861 850; x_wconf 88' lang='lat' dir='ltr'><strong>os</strong></span> <span class='ocrx_word' id='word_1_45' title='bbox 876 786 944 884; x_wconf 79' lang='lat' dir='ltr'><strong>eius</strong></span> <span class='ocrx_word' id='word_1_46' title='bbox 959 786 1008 886; x_wconf 76' lang='lat' dir='ltr'><strong>ira</strong></span> <span class='ocrx_word' id='word_1_47' title='bbox 1021 789 1137 883; x_wconf 86' lang='lat' dir='ltr'><strong>patens</strong></span> 
     </span>
     <span class='ocr_line' id='line_1_8' title="bbox 166 869 1136 1052; baseline -0.001 -33"><span class='ocrx_word' id='word_1_48' title='bbox 166 873 287 1020; x_wconf 65' lang='lat' dir='ltr'><strong>strat·</strong></span> <span class='ocrx_word' id='word_1_49' title='bbox 301 869 682 1052; x_wconf 60' lang='lat' dir='ltr'><strong>attrectat</strong></span> <span class='ocrx_word' id='word_1_50' title='bbox 697 870 1048 1052; x_wconf 37' lang='lat' dir='ltr'><strong>statuentur</strong></span> <span class='ocrx_word' id='word_1_51' title='bbox 1061 870 1136 1020; x_wconf 72' lang='lat' dir='ltr'><strong>tt</strong></span> 
     </span>
     <span class='ocr_line' id='line_1_9' title="bbox 166 1038 1136 1122; baseline -0.002 -17"><span class='ocrx_word' id='word_1_52' title='bbox 166 1044 270 1105; x_wconf 88' lang='lat' dir='ltr'><strong>terrae</strong></span> <span class='ocrx_word' id='word_1_53' title='bbox 295 1038 535 1121; x_wconf 87' lang='lat' dir='ltr'><strong>coudrcroncm,</strong></span> <span class='ocrx_word' id='word_1_54' title='bbox 558 1038 705 1104; x_wconf 79' lang='lat' dir='ltr'><strong>habitum</strong></span> <span class='ocrx_word' id='word_1_55' title='bbox 726 1060 838 1118; x_wconf 88' lang='lat' dir='ltr'><strong>mans,</strong></span> <span class='ocrx_word' id='word_1_56' title='bbox 862 1039 1004 1104; x_wconf 87' lang='lat' dir='ltr'><strong>siderum</strong></span> <span class='ocrx_word' id='word_1_57' title='bbox 1018 1044 1136 1122; x_wconf 90' lang='lat' dir='ltr'><strong>motus,</strong></span> 
     </span>
     <span class='ocr_line' id='line_1_10' title="bbox 166 1122 1176 1210; baseline -0.004 -21"><span class='ocrx_word' id='word_1_58' title='bbox 166 1125 268 1189; x_wconf 89' lang='lat' dir='ltr'><strong>totius</strong></span> <span class='ocrx_word' id='word_1_59' title='bbox 290 1122 427 1210; x_wconf 89' lang='lat' dir='ltr'><strong>denique</strong></span> <span class='ocrx_word' id='word_1_60' title='bbox 448 1124 560 1189; x_wconf 91' lang='lat' dir='ltr'><strong>mundi</strong></span> <span class='ocrx_word' id='word_1_61' title='bbox 581 1127 732 1189; x_wconf 86' lang='lat' dir='ltr'><strong>naturam</strong></span> <span class='ocrx_word' id='word_1_62' title='bbox 760 1125 1008 1208; x_wconf 86' lang='lat' dir='ltr'><strong>prudentissime</strong></span> <span class='ocrx_word' id='word_1_63' title='bbox 1036 1128 1069 1189; x_wconf 89' lang='lat' dir='ltr'><strong>et</strong></span> <span class='ocrx_word' id='word_1_64' title='bbox 1090 1125 1137 1189; x_wconf 86' lang='lat' dir='ltr'><strong>fa·</strong></span> <span class='ocrx_word' id='word_1_65' title='bbox 1151 1144 1176 1185; x_wconf 80' lang='grc' dir='ltr'><strong>ιο</strong></span> 
     </span>
     <span class='ocr_line' id='line_1_11' title="bbox 169 1208 1138 1295; baseline 0 -21"><span class='ocrx_word' id='word_1_66' title='bbox 169 1208 363 1274; x_wconf 79' lang='lat' dir='ltr'><strong>candissime</strong></span> <span class='ocrx_word' id='word_1_67' title='bbox 379 1209 548 1293; x_wconf 87' lang='lat' dir='ltr'><strong>expromit.</strong></span> <span class='ocrx_word' id='word_1_68' title='bbox 576 1230 680 1293; x_wconf 87' lang='lat' dir='ltr'><strong>paene</strong></span> <span class='ocrx_word' id='word_1_69' title='bbox 703 1212 814 1274; x_wconf 88' lang='lat' dir='ltr'><strong>tamen</strong></span> <span class='ocrx_word' id='word_1_70' title='bbox 836 1210 953 1276; x_wconf 86' lang='lat' dir='ltr'><strong>occidit</strong></span> <span class='ocrx_word' id='word_1_71' title='bbox 967 1209 1138 1295; x_wconf 80' lang='lat' dir='ltr'><strong>gloriosius</strong></span> 
     </span>
     <span class='ocr_line' id='line_1_12' title="bbox 167 1293 1138 1378; baseline 0.001 -20"><span class='ocrx_word' id='word_1_72' title='bbox 167 1315 264 1377; x_wconf 88' lang='lat' dir='ltr'><strong>quarn</strong></span> <span class='ocrx_word' id='word_1_73' title='bbox 286 1293 410 1378; x_wconf 79' lang='lat' dir='ltr'><strong>uiguit,</strong></span> <span class='ocrx_word' id='word_1_74' title='bbox 440 1294 516 1378; x_wconf 89' lang='lat' dir='ltr'><strong>quia</strong></span> <span class='ocrx_word' id='word_1_75' title='bbox 538 1297 605 1358; x_wconf 86' lang='lat' dir='ltr'><strong>tarn</strong></span> <span class='ocrx_word' id='word_1_76' title='bbox 633 1293 712 1358; x_wconf 85' lang='lat' dir='ltr'><strong>forti</strong></span> <span class='ocrx_word' id='word_1_77' title='bbox 732 1294 796 1357; x_wconf 90' lang='lat' dir='ltr'><strong>fine</strong></span> <span class='ocrx_word' id='word_1_78' title='bbox 823 1294 993 1359; x_wconf 80' lang='lat' dir='ltr'><strong>inlustrem</strong></span> <span class='ocrx_word' id='word_1_79' title='bbox 1015 1294 1138 1378; x_wconf 87' lang='lat' dir='ltr'><strong>profes·</strong></span> 
     </span>
     <span class='ocr_line' id='line_1_13' title="bbox 169 1378 1138 1463; baseline 0 -20"><span class='ocrx_word' id='word_1_80' title='bbox 169 1379 268 1444; x_wconf 85' lang='lat' dir='ltr'><strong>sionis</strong></span> <span class='ocrx_word' id='word_1_81' title='bbox 283 1383 390 1444; x_wconf 88' lang='lat' dir='ltr'><strong>actum</strong></span> <span class='ocrx_word' id='word_1_82' title='bbox 406 1379 630 1462; x_wconf 82' lang='lat' dir='ltr'><strong>conprobauit,</strong></span> <span class='ocrx_word' id='word_1_83' title='bbox 654 1378 904 1463; x_wconf 81' lang='lat' dir='ltr'><strong>Anaxarchique</strong></span> <span class='ocrx_word' id='word_1_84' title='bbox 920 1383 941 1458; x_wconf 86' lang='lat'>†</span> <span class='ocrx_word' id='word_1_85' title='bbox 955 1400 1022 1443; x_wconf 92' lang='lat' dir='ltr'><strong>non</strong></span> <span class='ocrx_word' id='word_1_86' title='bbox 1037 1379 1138 1444; x_wconf 90' lang='lat' dir='ltr'><strong>uitam</strong></span> 
     </span>
     <span class='ocr_line' id='line_1_14' title="bbox 167 1461 1037 1548; baseline 0.001 -21"><span class='ocrx_word' id='word_1_87' title='bbox 167 1461 263 1527; x_wconf 89' lang='lat' dir='ltr'><strong>modo</strong></span> <span class='ocrx_word' id='word_1_88' title='bbox 287 1463 442 1548; x_wconf 86' lang='lat' dir='ltr'><strong>deseruit,</strong></span> <span class='ocrx_word' id='word_1_89' title='bbox 466 1465 522 1527; x_wconf 88' lang='lat' dir='ltr'><strong>sed</strong></span> <span class='ocrx_word' id='word_1_90' title='bbox 543 1467 678 1528; x_wconf 88' lang='lat' dir='ltr'><strong>mortem</strong></span> <span class='ocrx_word' id='word_1_91' title='bbox 700 1461 839 1528; x_wconf 85' lang='lat' dir='ltr'><strong>reddidit</strong></span> <span class='ocrx_word' id='word_1_92' title='bbox 861 1463 1037 1528; x_wconf 86' lang='lat' dir='ltr'><strong>clariorem.</strong></span> 
     </span>
    </p>

    <p class='ocr_par' dir='ltr' id='par_1_3' title="bbox 168 1532 1179 2479">
     <span class='ocr_line' id='line_1_15' title="bbox 231 1532 1177 1632; baseline 0 -20"><span class='ocrx_word' id='word_1_93' title='bbox 231 1547 262 1613; x_wconf 83' lang='lat'><strong>5.</strong></span> <span class='ocrx_word' id='word_1_94' title='bbox 301 1547 340 1612; x_wconf 92' lang='lat' dir='ltr'><strong>In</strong></span> <span class='ocrx_word' id='word_1_95' title='bbox 363 1546 530 1612; x_wconf 83' lang='lat' dir='ltr'><strong>Theodoto</strong></span> <span class='ocrx_word' id='word_1_96' title='bbox 558 1569 684 1632; x_wconf 90' lang='lat' dir='ltr'><strong>quoque</strong></span> <span class='ocrx_word' id='word_1_97' title='bbox 711 1532 782 1612; x_wconf 81' lang='lat' dir='ltr'><strong>uiro</strong></span> <span class='ocrx_word' id='word_1_98' title='bbox 809 1548 1001 1632; x_wconf 79' lang='lat' dir='ltr'><strong>grauissimo</strong></span> <span class='ocrx_word' id='word_1_99' title='bbox 1024 1545 1177 1612; x_wconf 78' lang='lat' dir='ltr'><strong>Hiero-1⁵</strong></span> 
     </span>
     <span class='ocr_line' id='line_1_16' title="bbox 168 1631 1139 1717; baseline 0 -19"><span class='ocrx_word' id='word_1_100' title='bbox 168 1654 284 1717; x_wconf 84' lang='lat' dir='ltr'><strong>nymus</strong></span> <span class='ocrx_word' id='word_1_101' title='bbox 312 1636 470 1714; x_wconf 86' lang='lat' dir='ltr'><strong>tyrannus</strong></span> <span class='ocrx_word' id='word_1_102' title='bbox 496 1635 655 1698; x_wconf 87' lang='lat' dir='ltr'><strong>tortorum</strong></span> <span class='ocrx_word' id='word_1_103' title='bbox 681 1653 796 1697; x_wconf 88' lang='lat' dir='ltr'><strong>manus</strong></span> <span class='ocrx_word' id='word_1_104' title='bbox 823 1631 943 1696; x_wconf 84' lang='lat' dir='ltr'><strong>frustra</strong></span> <span class='ocrx_word' id='word_1_105' title='bbox 969 1632 1030 1696; x_wconf 89' lang='lat' dir='ltr'><strong>fati</strong></span> <span class='ocrx_word' id='word_1_106' title='bbox 1054 1632 1139 1698; x_wconf 87' lang='lat' dir='ltr'><strong>anit:</strong></span> 
     </span>
     <span class='ocr_line' id='line_1_17' title="bbox 171 1654 1138 1866; baseline -0.002 -84"><span class='ocrx_word' id='word_1_107' title='bbox 171 1718 261 1866; x_wconf 89' lang='lat' dir='ltr'><strong>lrupit</strong></span> <span class='ocrx_word' id='word_1_108' title='bbox 273 1718 369 1815; x_wconf 30' lang='lat' dir='ltr'><strong>‘enim</strong></span> <span class='ocrx_word' id='word_1_109' title='bbox 385 1718 528 1866; x_wconf 61' lang='lat' dir='ltr'><strong>upiqheqa‚</strong></span> <span class='ocrx_word' id='word_1_110' title='bbox 550 1715 695 1815; x_wconf 77' lang='lat' dir='ltr'><strong>fidiculas</strong></span> <span class='ocrx_word' id='word_1_111' title='bbox 709 1716 841 1865; x_wconf 69' lang='lat' dir='ltr'><strong>laxafqit,</strong></span> <span class='ocrx_word' id='word_1_112' title='bbox 864 1716 961 1865; x_wconf 56' lang='lat' dir='ltr'><strong>soluiq</strong></span> <span class='ocrx_word' id='word_1_113' title='bbox 982 1654 1138 1865; x_wconf 61' lang='lat' dir='ltr'><strong>epddquqn,</strong></span> 
     </span>
     <span class='ocr_line' id='line_1_18' title="bbox 184 1821 1140 1868; baseline -0.002 -1"><span class='ocrx_word' id='word_1_114' title='bbox 184 1823 343 1868; x_wconf 88' lang='lat' dir='ltr'><strong>ammrnas</strong></span> <span class='ocrx_word' id='word_1_115' title='bbox 365 1822 403 1866; x_wconf 85' lang='lat' dir='ltr'><strong>ex</strong></span> <span class='ocrx_word' id='word_1_116' title='bbox 454 1824 486 1865; x_wconf 88' lang='lat' dir='ltr'><strong>xr</strong></span> <span class='ocrx_word' id='word_1_117' title='bbox 545 1823 612 1866; x_wconf 86' lang='lat' dir='ltr'><strong>nus</strong></span> <span class='ocrx_word' id='word_1_118' title='bbox 656 1822 770 1866; x_wconf 89' lang='lat' dir='ltr'><strong>uarne</strong></span> <span class='ocrx_word' id='word_1_119' title='bbox 809 1821 879 1866; x_wconf 87' lang='lat' dir='ltr'><strong>cere</strong></span> <span class='ocrx_word' id='word_1_120' title='bbox 924 1822 994 1866; x_wconf 86' lang='lat' dir='ltr'><strong>our</strong></span> <span class='ocrx_word' id='word_1_121' title='bbox 1034 1823 1055 1865; x_wconf 90' lang='lat' dir='ltr'><strong>u</strong></span> <span class='ocrx_word' id='word_1_122' title='bbox 1128 1837 1140 1852; x_wconf 90' lang='lat'><em>-</em></span> 
     </span>
     <span class='ocr_line' id='line_1_19' title="bbox 172 1823 1138 1971; baseline -0.004 -19"><span class='ocrx_word' id='word_1_123' title='bbox 172 1886 344 1953; x_wconf 87' lang='lat' dir='ltr'><strong>raunicidii</strong></span> <span class='ocrx_word' id='word_1_124' title='bbox 368 1887 512 1951; x_wconf 91' lang='lat' dir='ltr'><strong>conscios</strong></span> <span class='ocrx_word' id='word_1_125' title='bbox 522 1823 701 1952; x_wconf 65' lang='lat' dir='ltr'><strong>Iindicadct.</strong></span> <span class='ocrx_word' id='word_1_126' title='bbox 735 1887 814 1971; x_wconf 90' lang='lat' dir='ltr'><strong>quin</strong></span> <span class='ocrx_word' id='word_1_127' title='bbox 837 1823 935 1950; x_wconf 55' lang='lat' dir='ltr'><strong>etialdr</strong></span> <span class='ocrx_word' id='word_1_128' title='bbox 956 1823 1138 1967; x_wconf 72' lang='lat' dir='ltr'><strong>satellitedd,</strong></span> 
     </span>
     <span class='ocr_line' id='line_1_20' title="bbox 173 1971 1178 2057; baseline -0.005 -21"><span class='ocrx_word' id='word_1_129' title='bbox 173 1973 209 2038; x_wconf 90' lang='lat' dir='ltr'><strong>in</strong></span> <span class='ocrx_word' id='word_1_130' title='bbox 231 1991 295 2056; x_wconf 92' lang='lat' dir='ltr'><strong>quo</strong></span> <span class='ocrx_word' id='word_1_131' title='bbox 310 1971 411 2036; x_wconf 89' lang='lat' dir='ltr'><strong>totius</strong></span> <span class='ocrx_word' id='word_1_132' title='bbox 427 1971 656 2036; x_wconf 89' lang='lat' dir='ltr'><strong>dominationis</strong></span> <span class='ocrx_word' id='word_1_133' title='bbox 671 1992 795 2035; x_wconf 88' lang='lat' dir='ltr'><strong>summa</strong></span> <span class='ocrx_word' id='word_1_134' title='bbox 811 1971 902 2057; x_wconf 85' lang='lat' dir='ltr'><strong>quasi</strong></span> <span class='ocrx_word' id='word_1_135' title='bbox 918 1971 1057 2054; x_wconf 87' lang='lat' dir='ltr'><strong>quodam</strong></span> <span class='ocrx_word' id='word_1_136' title='bbox 1073 1991 1140 2035; x_wconf 86' lang='lat' dir='ltr'><strong>ear·</strong></span> <span class='ocrx_word' id='word_1_137' title='bbox 1153 1988 1178 2028; x_wconf 85' lang='lat' dir='ltr'><strong>so</strong></span> 
     </span>
     <span class='ocr_line' id='line_1_21' title="bbox 171 2054 1141 2140; baseline -0.001 -19"><span class='ocrx_word' id='word_1_138' title='bbox 171 2057 245 2121; x_wconf 90' lang='lat' dir='ltr'><strong>diue</strong></span> <span class='ocrx_word' id='word_1_139' title='bbox 267 2056 465 2140; x_wconf 87' lang='lat' dir='ltr'><strong>uersabatur,</strong></span> <span class='ocrx_word' id='word_1_140' title='bbox 488 2055 572 2120; x_wconf 85' lang='lat' dir='ltr'><strong>falsa</strong></span> <span class='ocrx_word' id='word_1_141' title='bbox 587 2054 812 2120; x_wconf 86' lang='lat' dir='ltr'><strong>criminatione</strong></span> <span class='ocrx_word' id='word_1_142' title='bbox 827 2054 1026 2140; x_wconf 85' lang='lat' dir='ltr'><strong>inquinando</strong></span> <span class='ocrx_word' id='word_1_143' title='bbox 1041 2055 1141 2120; x_wconf 91' lang='lat' dir='ltr'><strong>fidum</strong></span> 
     </span>
     <span class='ocr_line' id='line_1_22' title="bbox 170 2139 1139 2225; baseline -0.002 -19"><span class='ocrx_word' id='word_1_144' title='bbox 170 2141 265 2206; x_wconf 87' lang='lat' dir='ltr'><strong>lateri</strong></span> <span class='ocrx_word' id='word_1_145' title='bbox 288 2142 356 2206; x_wconf 91' lang='lat' dir='ltr'><strong>eius</strong></span> <span class='ocrx_word' id='word_1_146' title='bbox 379 2139 544 2207; x_wconf 86' lang='lat' dir='ltr'><strong>custodem</strong></span> <span class='ocrx_word' id='word_1_147' title='bbox 573 2140 692 2225; x_wconf 88' lang='lat' dir='ltr'><strong>eripuit</strong></span> <span class='ocrx_word' id='word_1_148' title='bbox 718 2140 937 2224; x_wconf 87' lang='lat' dir='ltr'><strong>beneficioque</strong></span> <span class='ocrx_word' id='word_1_149' title='bbox 965 2141 1139 2224; x_wconf 89' lang='lat' dir='ltr'><strong>patientiae</strong></span> 
     </span>
     <span class='ocr_line' id='line_1_23' title="bbox 169 2224 1140 2308; baseline -0.004 -17"><span class='ocrx_word' id='word_1_150' title='bbox 169 2246 237 2291; x_wconf 92' lang='lat' dir='ltr'><strong>non</strong></span> <span class='ocrx_word' id='word_1_151' title='bbox 260 2226 362 2290; x_wconf 88' lang='lat' dir='ltr'><strong>solum</strong></span> <span class='ocrx_word' id='word_1_152' title='bbox 386 2247 466 2308; x_wconf 89' lang='lat' dir='ltr'><strong>quae</strong></span> <span class='ocrx_word' id='word_1_153' title='bbox 489 2225 614 2290; x_wconf 86' lang='lat' dir='ltr'><strong>occulta</strong></span> <span class='ocrx_word' id='word_1_154' title='bbox 627 2225 759 2290; x_wconf 85' lang='lat' dir='ltr'><strong>fuerunt</strong></span> <span class='ocrx_word' id='word_1_155' title='bbox 773 2225 871 2308; x_wconf 83' lang='lat' dir='ltr'><strong>texit,</strong></span> <span class='ocrx_word' id='word_1_156' title='bbox 893 2224 947 2290; x_wconf 91' lang='lat' dir='ltr'><strong>sed</strong></span> <span class='ocrx_word' id='word_1_157' title='bbox 963 2226 1062 2290; x_wconf 89' lang='lat' dir='ltr'><strong>ctiam</strong></span> <span class='ocrx_word' id='word_1_158' title='bbox 1075 2229 1140 2290; x_wconf 89' lang='lat' dir='ltr'><strong>tor·</strong></span> 
     </span>
     <span class='ocr_line' id='line_1_24' title="bbox 169 2308 1142 2395; baseline -0.003 -20"><span class='ocrx_word' id='word_1_159' title='bbox 169 2314 279 2375; x_wconf 83' lang='lat' dir='ltr'><strong>menta</strong></span> <span class='ocrx_word' id='word_1_160' title='bbox 300 2331 359 2375; x_wconf 86' lang='lat' dir='ltr'><strong>sua</strong></span> <span class='ocrx_word' id='word_1_161' title='bbox 380 2310 467 2374; x_wconf 88' lang='lat' dir='ltr'><strong>ultus</strong></span> <span class='ocrx_word' id='word_1_162' title='bbox 490 2314 547 2378; x_wconf 91' lang='lat' dir='ltr'><strong>est.</strong></span> <span class='ocrx_word' id='word_1_163' title='bbox 592 2310 707 2395; x_wconf 90' lang='lat' dir='ltr'><strong>quibus</strong></span> <span class='ocrx_word' id='word_1_164' title='bbox 729 2308 961 2393; x_wconf 85' lang='lat' dir='ltr'><strong>Hieronymus,</strong></span> <span class='ocrx_word' id='word_1_165' title='bbox 984 2308 1060 2373; x_wconf 91' lang='lat' dir='ltr'><strong>dum</strong></span> <span class='ocrx_word' id='word_1_166' title='bbox 1081 2309 1142 2373; x_wconf 90' lang='lat' dir='ltr'><strong>ini-</strong></span> 
     </span>
     <span class='ocr_line' id='line_1_25' title="bbox 170 2394 1179 2479; baseline -0.004 -19"><span class='ocrx_word' id='word_1_167' title='bbox 170 2395 290 2460; x_wconf 90' lang='lat' dir='ltr'><strong>micum</strong></span> <span class='ocrx_word' id='word_1_168' title='bbox 313 2394 427 2479; x_wconf 86' lang='lat' dir='ltr'><strong>cupide</strong></span> <span class='ocrx_word' id='word_1_169' title='bbox 448 2394 586 2477; x_wconf 84' lang='lat' dir='ltr'><strong>lacerat,</strong></span> <span class='ocrx_word' id='word_1_170' title='bbox 611 2395 748 2459; x_wconf 88' lang='lat' dir='ltr'><strong>amicum</strong></span> <span class='ocrx_word' id='word_1_171' title='bbox 770 2396 890 2458; x_wconf 89' lang='lat' dir='ltr'><strong>temere</strong></span> <span class='ocrx_word' id='word_1_172' title='bbox 913 2394 1061 2478; x_wconf 84' lang='lat' dir='ltr'><strong>perdidit.</strong></span> <span class='ocrx_word' id='word_1_173' title='bbox 1153 2407 1179 2449; x_wconf 75' lang='lat'><strong>2⁵</strong></span> 
     </span>
    </p>

    <p class='ocr_par' dir='ltr' id='par_1_4' title="bbox 169 2477 1142 2734">
     <span class='ocr_line' id='line_1_26' title="bbox 234 2477 1141 2563; baseline -0.003 -18"><span class='ocrx_word' id='word_1_174' title='bbox 234 2480 263 2545; x_wconf 91' lang='lat'><strong>6.</strong></span> <span class='ocrx_word' id='word_1_175' title='bbox 292 2478 390 2563; x_wconf 85' lang='lat' dir='ltr'><strong>Apud</strong></span> <span class='ocrx_word' id='word_1_176' title='bbox 403 2478 501 2544; x_wconf 90' lang='lat' dir='ltr'><strong>Indos</strong></span> <span class='ocrx_word' id='word_1_177' title='bbox 524 2499 600 2543; x_wconf 89' lang='lat' dir='ltr'><strong>uero</strong></span> <span class='ocrx_word' id='word_1_178' title='bbox 622 2478 799 2563; x_wconf 89' lang='lat' dir='ltr'><strong>patientiae</strong></span> <span class='ocrx_word' id='word_1_179' title='bbox 814 2478 981 2543; x_wconf 88' lang='lat' dir='ltr'><strong>meditatio</strong></span> <span class='ocrx_word' id='word_1_180' title='bbox 1004 2483 1070 2543; x_wconf 84' lang='lat' dir='ltr'><strong>tam</strong></span> <span class='ocrx_word' id='word_1_181' title='bbox 1087 2477 1141 2542; x_wconf 93' lang='lat' dir='ltr'><strong>ob-</strong></span> 
     </span>
     <span class='ocr_line' id='line_1_27' title="bbox 170 2563 1141 2648; baseline -0.003 -19"><span class='ocrx_word' id='word_1_182' title='bbox 170 2565 289 2630; x_wconf 86' lang='lat' dir='ltr'><strong>stinate</strong></span> <span class='ocrx_word' id='word_1_183' title='bbox 319 2565 467 2648; x_wconf 86' lang='lat' dir='ltr'><strong>usurpari</strong></span> <span class='ocrx_word' id='word_1_184' title='bbox 498 2564 652 2648; x_wconf 87' lang='lat' dir='ltr'><strong>creditur,</strong></span> <span class='ocrx_word' id='word_1_185' title='bbox 687 2567 723 2628; x_wconf 89' lang='lat' dir='ltr'><strong>ut</strong></span> <span class='ocrx_word' id='word_1_186' title='bbox 753 2563 819 2627; x_wconf 88' lang='lat' dir='ltr'><strong>siut</strong></span> <span class='ocrx_word' id='word_1_187' title='bbox 847 2563 901 2647; x_wconf 90' lang='lat' dir='ltr'><strong>qui</strong></span> <span class='ocrx_word' id='word_1_188' title='bbox 929 2583 1023 2627; x_wconf 91' lang='lat' dir='ltr'><strong>omne</strong></span> <span class='ocrx_word' id='word_1_189' title='bbox 1055 2563 1141 2627; x_wconf 88' lang='lat' dir='ltr'><strong>uitae</strong></span> 
     </span>
     <span class='ocr_line' id='line_1_28' title="bbox 169 2647 1142 2734; baseline -0.003 -20"><span class='ocrx_word' id='word_1_190' title='bbox 169 2654 295 2732; x_wconf 90' lang='lat' dir='ltr'><strong>tempus</strong></span> <span class='ocrx_word' id='word_1_191' title='bbox 322 2647 402 2712; x_wconf 91' lang='lat' dir='ltr'><strong>nudi</strong></span> <span class='ocrx_word' id='word_1_192' title='bbox 431 2649 576 2734; x_wconf 86' lang='lat' dir='ltr'><strong>exigant,</strong></span> <span class='ocrx_word' id='word_1_193' title='bbox 603 2648 699 2712; x_wconf 92' lang='lat' dir='ltr'><strong>modo</strong></span> <span class='ocrx_word' id='word_1_194' title='bbox 721 2647 859 2714; x_wconf 76' lang='lat' dir='ltr'><strong>Caucasi</strong></span> <span class='ocrx_word' id='word_1_195' title='bbox 887 2648 1007 2712; x_wconf 87' lang='lat' dir='ltr'><strong>montis</strong></span> <span class='ocrx_word' id='word_1_196' title='bbox 1035 2648 1142 2732; x_wconf 86' lang='lat' dir='ltr'><strong>gelido</strong></span> 
     </span>
    </p>
   </div>
   <div class='ocr_carea' id='block_1_3' title="bbox 169 2798 1143 3683">
    <p class='ocr_par' dir='ltr' id='par_1_5' title="bbox 169 2798 1143 3683">
     <span class='ocr_line' id='line_1_29' title="bbox 177 2798 1143 2867; baseline -0.003 -13"><span class='ocrx_word' id='word_1_197' title='bbox 177 2799 280 2854; x_wconf 87' lang='lat' dir='ltr'><strong><em>VIIII</em></strong></span> <span class='ocrx_word' id='word_1_198' title='bbox 293 2803 335 2855; x_wconf 86' lang='lat'><strong>59.</strong></span> <span class='ocrx_word' id='word_1_199' title='bbox 365 2800 444 2857; x_wconf 76' lang='lat' dir='ltr'><strong>Prot.</strong></span> <span class='ocrx_word' id='word_1_200' title='bbox 464 2799 497 2854; x_wconf 83' lang='lat' dir='ltr'><strong>de</strong></span> <span class='ocrx_word' id='word_1_201' title='bbox 515 2800 581 2854; x_wconf 76' lang='lat' dir='ltr'><strong>oiri.</strong></span> <span class='ocrx_word' id='word_1_202' title='bbox 599 2800 695 2854; x_wconf 82' lang='lat' dir='ltr'><strong>moral.</strong></span> <span class='ocrx_word' id='word_1_203' title='bbox 709 2814 740 2867; x_wconf 82' lang='lat' dir='ltr'><strong>p.</strong></span> <span class='ocrx_word' id='word_1_204' title='bbox 759 2800 811 2853; x_wconf 66' lang='grc'><strong>449</strong></span> <span class='ocrx_word' id='word_1_205' title='bbox 823 2798 859 2859; x_wconf 77' lang='lat' dir='ltr'><strong>F,</strong></span> <span class='ocrx_word' id='word_1_206' title='bbox 880 2799 891 2866; x_wconf 80' lang='grc' dir='ltr'><strong>ΙΙ</strong></span> <span class='ocrx_word' id='word_1_207' title='bbox 911 2799 1092 2865; x_wconf 88' lang='lat' dir='ltr'><strong>torqueretur</strong></span> <span class='ocrx_word' id='word_1_208' title='bbox 1108 2827 1143 2838; x_wconf 94' lang='lat'>-</span> 
     </span>
     <span class='ocr_line' id='line_1_30' title="bbox 171 2865 1128 2946; baseline -0.003 -25"><span class='ocrx_word' id='word_1_209' title='bbox 171 2884 228 2937; x_wconf 90' lang='lat' dir='ltr'><strong>quo</strong></span> <span class='ocrx_word' id='word_1_210' title='bbox 247 2869 287 2920; x_wconf 91' lang='lat' dir='ltr'><strong>mi</strong></span> <span class='ocrx_word' id='word_1_211' title='bbox 304 2881 366 2946; x_wconf 65' lang='lat' dir='ltr'><strong>cyra,</strong></span> <span class='ocrx_word' id='word_1_212' title='bbox 384 2867 433 2923; x_wconf 81' lang='lat' dir='ltr'><strong>sed</strong></span> <span class='ocrx_word' id='word_1_213' title='bbox 450 2868 482 2921; x_wconf 79' lang='lat' dir='ltr'><strong>tn</strong></span> <span class='ocrx_word' id='word_1_214' title='bbox 499 2882 567 2937; x_wconf 74' lang='lat' dir='ltr'><strong>mrp.</strong></span> <span class='ocrx_word' id='word_1_215' title='bbox 585 2867 676 2946; x_wconf 76' lang='lat' dir='ltr'><strong>suppl.</strong></span> <span class='ocrx_word' id='word_1_216' title='bbox 695 2871 761 2945; x_wconf 66' lang='lat' dir='ltr'><strong>nal</strong></span> <span class='ocrx_word' id='word_1_217' title='bbox 779 2865 807 2919; x_wconf 95' lang='lat' dir='ltr'><strong><em>L</em></strong></span> <span class='ocrx_word' id='word_1_218' title='bbox 824 2933 854 2944; x_wconf 94' lang='lat'><strong>..</strong></span> <span class='ocrx_word' id='word_1_219' title='bbox 896 2933 902 2943; x_wconf 32' lang='lat'>¹</span> <span class='ocrx_word' id='word_1_220' title='bbox 1121 2931 1128 2942; x_wconf 91' lang='lat'><strong>.</strong></span> 
     </span>
     <span class='ocr_line' id='line_1_31' title="bbox 223 2931 1143 3072; baseline -0.003 -15.163"><span class='ocrx_word' id='word_1_221' title='bbox 170 2936 487 3070; x_wconf 55' lang='lat' dir='ltr'><strong>arraona</strong></span> <span class='ocrx_word' id='word_1_222' title='bbox 499 2935 538 3072; x_wconf 77' lang='lat' dir='ltr'><strong>t</strong></span> <span class='ocrx_word' id='word_1_223' title='bbox 551 2933 1018 3069; x_wconf 44' lang='lat' dir='ltr'><strong>”erasistratuslr</strong></span> <span class='ocrx_word' id='word_1_224' title='bbox 1030 2931 1143 3064; x_wconf 70' lang='lat' dir='ltr'><strong>aaa</strong></span> 
     </span>
     <span class='ocr_line' id='line_1_32' title="bbox 170 3067 1143 3191; baseline -0.005 -66"><span class='ocrx_word' id='word_1_225' title='bbox 170 3071 198 3125; x_wconf 99' lang='lat' dir='ltr'><strong><em>L</em></strong></span> <span class='ocrx_word' id='word_1_226' title='bbox 210 3072 220 3139; x_wconf 93' lang='grc' dir='ltr'><strong>ΙΙ</strong></span> <span class='ocrx_word' id='word_1_227' title='bbox 235 3077 263 3124; x_wconf 84' lang='grc'><strong>11</strong></span> <span class='ocrx_word' id='word_1_228' title='bbox 285 3069 459 3142; x_wconf 85' lang='lat' dir='ltr'><strong>exprompsit</strong></span> <span class='ocrx_word' id='word_1_229' title='bbox 470 3071 509 3124; x_wconf 61' lang='grc' dir='ltr'><strong>Αε</strong></span> <span class='ocrx_word' id='word_1_230' title='bbox 522 3071 577 3191; x_wconf 66' lang='lat' dir='ltr'><strong>qlss</strong></span> <span class='ocrx_word' id='word_1_231' title='bbox 596 3086 652 3123; x_wconf 91' lang='lat' dir='ltr'><strong>uon</strong></span> <span class='ocrx_word' id='word_1_232' title='bbox 670 3070 760 3123; x_wconf 87' lang='lat' dir='ltr'><strong>uitam</strong></span> <span class='ocrx_word' id='word_1_233' title='bbox 778 3069 862 3123; x_wconf 90' lang='lat' dir='ltr'><strong>modo</strong></span> <span class='ocrx_word' id='word_1_234' title='bbox 874 3083 932 3122; x_wconf 92' lang='lat' dir='ltr'><strong>nou</strong></span> <span class='ocrx_word' id='word_1_235' title='bbox 944 3067 1008 3146; x_wconf 77' lang='lat' dir='ltr'><strong>¹des.</strong></span> <span class='ocrx_word' id='word_1_236' title='bbox 1020 3067 1143 3144; x_wconf 75' lang='lat' dir='ltr'><strong>Piphiqc</strong></span> 
     </span>
     <span class='ocr_line' id='line_1_33' title="bbox 170 3135 1142 3208; baseline -0.007 -15"><span class='ocrx_word' id='word_1_237' title='bbox 170 3143 196 3193; x_wconf 81' lang='lat' dir='ltr'><strong>et</strong></span> <span class='ocrx_word' id='word_1_238' title='bbox 214 3139 279 3196; x_wconf 82' lang='lat' dir='ltr'><strong>dett.</strong></span> <span class='ocrx_word' id='word_1_239' title='bbox 293 3140 394 3208; x_wconf 77' lang='lat' dir='ltr'><strong>pauci,</strong></span> <span class='ocrx_word' id='word_1_240' title='bbox 418 3153 475 3194; x_wconf 92' lang='lat' dir='ltr'><strong>non</strong></span> <span class='ocrx_word' id='word_1_241' title='bbox 493 3139 524 3191; x_wconf 89' lang='lat' dir='ltr'><strong>ui</strong></span> <span class='ocrx_word' id='word_1_242' title='bbox 538 3153 584 3191; x_wconf 90' lang='lat' dir='ltr'><strong>am</strong></span> <span class='ocrx_word' id='word_1_243' title='bbox 602 3153 634 3192; x_wconf 90' lang='lat' dir='ltr'><strong>eo</strong></span> <span class='ocrx_word' id='word_1_244' title='bbox 653 3137 737 3192; x_wconf 89' lang='lat' dir='ltr'><strong>modo</strong></span> <span class='ocrx_word' id='word_1_245' title='bbox 755 3137 813 3195; x_wconf 88' lang='lat' dir='ltr'><strong>des.</strong></span> <span class='ocrx_word' id='word_1_246' title='bbox 831 3135 997 3204; x_wconf 72' lang='lat' dir='ltr'><strong>Torrentur,</strong></span> <span class='ocrx_word' id='word_1_247' title='bbox 1023 3149 1080 3188; x_wconf 91' lang='lat' dir='ltr'><strong>non</strong></span> <span class='ocrx_word' id='word_1_248' title='bbox 1097 3151 1142 3187; x_wconf 91' lang='lat' dir='ltr'><strong>ur-</strong></span> 
     </span>
     <span class='ocr_line' id='line_1_34' title="bbox 169 3202 1143 3274; baseline -0.005 -14"><span class='ocrx_word' id='word_1_249' title='bbox 169 3209 229 3260; x_wconf 85' lang='lat' dir='ltr'><strong>tam</strong></span> <span class='ocrx_word' id='word_1_250' title='bbox 242 3205 298 3264; x_wconf 89' lang='lat' dir='ltr'><strong>des.</strong></span> <span class='ocrx_word' id='word_1_251' title='bbox 310 3206 486 3274; x_wconf 71' lang='lat' dir='ltr'><strong>Perizonius,</strong></span> <span class='ocrx_word' id='word_1_252' title='bbox 500 3207 588 3259; x_wconf 86' lang='lat' dir='ltr'><strong>uitam</strong></span> <span class='ocrx_word' id='word_1_253' title='bbox 600 3221 656 3268; x_wconf 80' lang='lat' dir='ltr'><strong>non</strong></span> <span class='ocrx_word' id='word_1_254' title='bbox 669 3205 725 3259; x_wconf 89' lang='lat' dir='ltr'><strong>des.</strong></span> <span class='ocrx_word' id='word_1_255' title='bbox 735 3203 911 3274; x_wconf 57' lang='lat' dir='ltr'><strong>Macares]</strong></span> <span class='ocrx_word' id='word_1_256' title='bbox 912 3206 972 3271; x_wconf 88' lang='lat'><strong><em>319,</em></strong></span> <span class='ocrx_word' id='word_1_257' title='bbox 984 3219 1041 3257; x_wconf 92' lang='lat' dir='ltr'><strong>nou</strong></span> <span class='ocrx_word' id='word_1_258' title='bbox 1053 3202 1143 3256; x_wconf 87' lang='lat' dir='ltr'><strong>uitam</strong></span> 
     </span>
     <span class='ocr_line' id='line_1_35' title="bbox 169 3268 1143 3338; baseline -0.004 -10"><span class='ocrx_word' id='word_1_259' title='bbox 169 3273 255 3328; x_wconf 88' lang='lat' dir='ltr'><strong>modo</strong></span> <span class='ocrx_word' id='word_1_260' title='bbox 273 3274 421 3329; x_wconf 88' lang='lat' dir='ltr'><strong>decorauit</strong></span> <span class='ocrx_word' id='word_1_261' title='bbox 436 3273 570 3328; x_wconf 79' lang='lat' dir='ltr'><strong>Fccrtect</strong></span> <span class='ocrx_word' id='word_1_262' title='bbox 586 3273 627 3326; x_wconf 96' lang='grc' dir='ltr'><strong>ΙΙ</strong></span> <span class='ocrx_word' id='word_1_263' title='bbox 640 3277 682 3338; x_wconf 86' lang='lat'><strong>17,</strong></span> <span class='ocrx_word' id='word_1_264' title='bbox 703 3287 761 3328; x_wconf 92' lang='lat' dir='ltr'><strong>non</strong></span> <span class='ocrx_word' id='word_1_265' title='bbox 783 3273 861 3326; x_wconf 86' lang='lat' dir='ltr'><strong>uitae</strong></span> <span class='ocrx_word' id='word_1_266' title='bbox 884 3270 969 3324; x_wconf 92' lang='lat' dir='ltr'><strong>modo</strong></span> <span class='ocrx_word' id='word_1_267' title='bbox 988 3268 1143 3324; x_wconf 88' lang='lat' dir='ltr'><strong>deseruiuit</strong></span> 
     </span>
     <span class='ocr_line' id='line_1_36' title="bbox 169 3338 1142 3410; baseline -0.005 -14"><span class='ocrx_word' id='word_1_268' title='bbox 169 3341 276 3396; x_wconf 80' lang='lat' dir='ltr'><strong>Blocm</strong></span> <span class='ocrx_word' id='word_1_269' title='bbox 289 3357 320 3410; x_wconf 83' lang='lat' dir='ltr'><strong>p.</strong></span> <span class='ocrx_word' id='word_1_270' title='bbox 335 3345 377 3408; x_wconf 81' lang='lat'><strong>37,</strong></span> <span class='ocrx_word' id='word_1_271' title='bbox 394 3357 452 3396; x_wconf 92' lang='lat' dir='ltr'><strong>non</strong></span> <span class='ocrx_word' id='word_1_272' title='bbox 469 3341 559 3394; x_wconf 84' lang='lat' dir='ltr'><strong>uitam</strong></span> <span class='ocrx_word' id='word_1_273' title='bbox 576 3339 661 3394; x_wconf 90' lang='lat' dir='ltr'><strong>modo</strong></span> <span class='ocrx_word' id='word_1_274' title='bbox 676 3338 801 3395; x_wconf 88' lang='lat' dir='ltr'><strong>adseruit</strong></span> <span class='ocrx_word' id='word_1_275' title='bbox 820 3341 864 3406; x_wconf 63' lang='grc' dir='ltr'><strong>(ε</strong></span> <span class='ocrx_word' id='word_1_276' title='bbox 881 3339 959 3393; x_wconf 77' lang='lat' dir='ltr'><strong>citos</strong></span> <span class='ocrx_word' id='word_1_277' title='bbox 975 3338 1008 3393; x_wconf 80' lang='lat' dir='ltr'><strong>di</strong></span> <span class='ocrx_word' id='word_1_278' title='bbox 1046 3339 1142 3392; x_wconf 83' lang='lat' dir='ltr'><strong>itatem</strong></span> 
     </span>
     <span class='ocr_line' id='line_1_37' title="bbox 170 3405 1141 3478; baseline -0.004 -14"><span class='ocrx_word' id='word_1_279' title='bbox 170 3414 264 3464; x_wconf 75' lang='lat' dir='ltr'><strong>tutata</strong></span> <span class='ocrx_word' id='word_1_280' title='bbox 286 3411 338 3476; x_wconf 81' lang='lat' dir='ltr'><strong>eat)</strong></span> <span class='ocrx_word' id='word_1_281' title='bbox 358 3409 405 3464; x_wconf 79' lang='lat' dir='ltr'><strong>orl</strong></span> <span class='ocrx_word' id='word_1_282' title='bbox 425 3423 482 3462; x_wconf 90' lang='lat' dir='ltr'><strong>nou</strong></span> <span class='ocrx_word' id='word_1_283' title='bbox 505 3409 583 3462; x_wconf 86' lang='lat' dir='ltr'><strong>uitae</strong></span> <span class='ocrx_word' id='word_1_284' title='bbox 605 3407 690 3462; x_wconf 88' lang='lat' dir='ltr'><strong>modo</strong></span> <span class='ocrx_word' id='word_1_285' title='bbox 713 3407 820 3476; x_wconf 86' lang='lat' dir='ltr'><strong>de&lt;cus</strong></span> <span class='ocrx_word' id='word_1_286' title='bbox 838 3405 986 3478; x_wconf 86' lang='lat' dir='ltr'><strong>ad)seruit</strong></span> <span class='ocrx_word' id='word_1_287' title='bbox 1030 3405 1107 3460; x_wconf 71' lang='lat' dir='ltr'><strong>erte*</strong></span> <span class='ocrx_word' id='word_1_288' title='bbox 1128 3407 1141 3475; x_wconf 77' lang='lat' dir='ltr'><strong>ll</strong></span> 
     </span>
     <span class='ocr_line' id='line_1_38' title="bbox 172 3473 1142 3554; baseline -0.004 -23"><span class='ocrx_word' id='word_1_289' title='bbox 172 3483 204 3532; x_wconf 81' lang='lat' dir='ltr'><strong>lt</strong></span> <span class='ocrx_word' id='word_1_290' title='bbox 222 3483 249 3532; x_wconf 85' lang='lat' dir='ltr'><strong>et</strong></span> <span class='ocrx_word' id='word_1_291' title='bbox 265 3483 299 3532; x_wconf 77' lang='lat'><strong>24</strong></span> <span class='ocrx_word' id='word_1_292' title='bbox 315 3477 489 3532; x_wconf 86' lang='lat' dir='ltr'><strong>hieronimus</strong></span> <span class='ocrx_word' id='word_1_293' title='bbox 502 3476 561 3530; x_wconf 91' lang='lat' dir='ltr'><strong>LA</strong></span> <span class='ocrx_word' id='word_1_294' title='bbox 573 3477 583 3545; x_wconf 75' lang='lat' dir='ltr'><strong>l</strong></span> <span class='ocrx_word' id='word_1_295' title='bbox 598 3482 628 3530; x_wconf 82' lang='grc'><strong>17</strong></span> <span class='ocrx_word' id='word_1_296' title='bbox 640 3474 755 3529; x_wconf 87' lang='lat' dir='ltr'><strong>fidicula</strong></span> <span class='ocrx_word' id='word_1_297' title='bbox 766 3474 826 3529; x_wconf 90' lang='lat' dir='ltr'><strong>LA</strong></span> <span class='ocrx_word' id='word_1_298' title='bbox 838 3476 849 3554; x_wconf 73' lang='grc' dir='ltr'><strong>ΙΙ</strong></span> <span class='ocrx_word' id='word_1_299' title='bbox 861 3480 894 3529; x_wconf 82' lang='lat'><strong>20</strong></span> <span class='ocrx_word' id='word_1_300' title='bbox 906 3490 946 3528; x_wconf 80' lang='lat' dir='ltr'><strong>aa</strong></span> <span class='ocrx_word' id='word_1_301' title='bbox 956 3473 986 3528; x_wconf 89' lang='lat' dir='ltr'><strong>in</strong></span> <span class='ocrx_word' id='word_1_302' title='bbox 998 3473 1142 3543; x_wconf 81' lang='lat' dir='ltr'><strong>quodam?</strong></span> 
     </span>
     <span class='ocr_line' id='line_1_39' title="bbox 173 3541 1140 3664; baseline -0.003 -66"><span class='ocrx_word' id='word_1_303' title='bbox 173 3546 184 3614; x_wconf 77' lang='lat' dir='ltr'><strong>ll</strong></span> <span class='ocrx_word' id='word_1_304' title='bbox 196 3551 229 3601; x_wconf 80' lang='lat'><strong>26</strong></span> <span class='ocrx_word' id='word_1_305' title='bbox 241 3543 343 3599; x_wconf 91' lang='lat' dir='ltr'><strong>hindos</strong></span> <span class='ocrx_word' id='word_1_306' title='bbox 355 3545 414 3599; x_wconf 89' lang='lat' dir='ltr'><strong>LA</strong></span> <span class='ocrx_word' id='word_1_307' title='bbox 426 3547 436 3615; x_wconf 80' lang='grc' dir='ltr'><strong>ΙΙ</strong></span> <span class='ocrx_word' id='word_1_308' title='bbox 449 3549 481 3598; x_wconf 76' lang='grc'><strong>27</strong></span> <span class='ocrx_word' id='word_1_309' title='bbox 495 3545 571 3598; x_wconf 86' lang='lat' dir='ltr'><strong>omui</strong></span> <span class='ocrx_word' id='word_1_310' title='bbox 583 3543 654 3621; x_wconf 88' lang='lat' dir='ltr'><strong>L¹A</strong></span> <span class='ocrx_word' id='word_1_311' title='bbox 666 3544 721 3664; x_wconf 63' lang='grc' dir='ltr'><strong>1Ψὸ</strong></span> <span class='ocrx_word' id='word_1_312' title='bbox 733 3542 802 3596; x_wconf 91' lang='lat' dir='ltr'><strong>nudi</strong></span> <span class='ocrx_word' id='word_1_313' title='bbox 815 3542 879 3611; x_wconf 71' lang='lat' dir='ltr'><strong>(tart.</strong></span> <span class='ocrx_word' id='word_1_314' title='bbox 898 3542 949 3623; x_wconf 81' lang='lat' dir='ltr'><strong>udi</strong></span> <span class='ocrx_word' id='word_1_315' title='bbox 960 3543 992 3596; x_wconf 78' lang='lat' dir='ltr'><strong>in</strong></span> <span class='ocrx_word' id='word_1_316' title='bbox 1003 3544 1073 3610; x_wconf 82' lang='lat' dir='ltr'><strong>rac.)</strong></span> <span class='ocrx_word' id='word_1_317' title='bbox 1086 3542 1114 3595; x_wconf 90' lang='lat' dir='ltr'><strong><em>A</em></strong></span> <span class='ocrx_word' id='word_1_318' title='bbox 1128 3541 1140 3611; x_wconf 75' lang='lat' dir='ltr'><strong>ll</strong></span> 
     </span>
     <span class='ocr_line' id='line_1_40' title="bbox 171 3609 1111 3683; baseline -0.002 -17"><span class='ocrx_word' id='word_1_319' title='bbox 171 3612 265 3683; x_wconf 82' lang='lat' dir='ltr'><strong>gelido</strong></span> <span class='ocrx_word' id='word_1_320' title='bbox 284 3612 312 3667; x_wconf 91' lang='lat' dir='ltr'><strong><em>L</em></strong></span> <span class='ocrx_word' id='word_1_321' title='bbox 329 3617 355 3670; x_wconf 81' lang='lat' dir='ltr'><strong>et</strong></span> <span class='ocrx_word' id='word_1_322' title='bbox 373 3613 434 3672; x_wconf 81' lang='lat' dir='ltr'><strong>dett</strong></span> <span class='ocrx_word' id='word_1_323' title='bbox 455 3612 562 3682; x_wconf 76' lang='lat' dir='ltr'><strong>pleriq,</strong></span> <span class='ocrx_word' id='word_1_324' title='bbox 579 3611 671 3681; x_wconf 81' lang='lat' dir='ltr'><strong>glacra</strong></span> <span class='ocrx_word' id='word_1_325' title='bbox 711 3616 792 3678; x_wconf 79' lang='lat' dir='ltr'><strong>(corr.</strong></span> <span class='ocrx_word' id='word_1_326' title='bbox 811 3626 825 3667; x_wconf 83' lang='lat' dir='ltr'><strong>a</strong></span> <span class='ocrx_word' id='word_1_327' title='bbox 842 3609 1111 3682; x_wconf 78' lang='lat' dir='ltr'><strong>glad10)A²Holm</strong></span> 
     </span>
    </p>
   </div>
   <div class='ocr_carea' id='block_1_4' title="bbox 0 0 1311 3952">
    <p class='ocr_par' dir='ltr' id='par_1_6' title="bbox 0 0 1311 3952">
     <span class='ocr_line' id='line_1_41' title="bbox 0 0 1311 3952; baseline 0 0"><span class='ocrx_word' id='word_1_328' title='bbox 0 0 1311 3952; x_wconf 95' lang='lat' dir='ltr'><strong> </strong></span> 
     </span>
    </p>
   </div>
  </div>
 </body>
</html>
