2606 3952
206 174 268 238 100
631 168 697 221 urs.
716 168 749 223 11.
835 187 837 192 ·

206 324 335 409 argenti
356 325 389 387 et
411 320 604 389 inuidiosum
626 319 724 385 fuisse
747 341 879 386 censum
902 324 934 385 et
955 323 1100 406 inopium
1121 322 1177 388 he·

206 410 276 474 beri
300 405 621 489 contemptissimum.

271 493 301 558 5.
324 491 370 556 M.
388 496 494 555 autem
510 490 674 554 Antonius
690 492 723 554 et
737 489 773 552 b.
789 489 924 554 Flaccus
947 511 1094 556 censores
1110 489 1177 556 Du·
1291 527 1292 542 1

208 578 336 644 renium
358 580 472 642 senatu
494 578 676 656 mouerunt,
700 574 785 657 quod
805 575 911 722 lupam
933 574 973 639 de
995 576 1178 641 coercendis

180 662 427 728 soonuiuiorum
456 659 636 744 sumptibus
664 660 763 723 latum
794 660 837 723 tri
860 681 943 723 unus
970 660 1058 743 plebi
1086 662 1178 725 abro-

206 750 350 833 gauerat.
387 745 524 810 mirifica
545 747 640 808 notae
664 765 772 808 causa:
795 765 891 828 quam
914 743 1000 808 enim
1020 745 1180 828 inpuden-

206 839 256 898 ter
277 831 439 896 Duronius
461 832 565 893 rostra
592 828 780 893 conscendit
801 828 858 892 illa
880 827 1040 893 dicturus:
1074 830 1179 896 ‘freni

207 920 284 982 suut
305 915 416 980 iniecti
439 914 542 997 uobis,
566 913 715 995 Quirites,
738 912 828 978 nullo
851 914 946 978 modo
962 915 1177 998 perpetiendi.
1292 925 1293 930 ’

207 1000 332 1085 alligati
354 1003 387 1063 et
408 998 575 1063 constricti
598 998 673 1062 estis
701 1018 809 1061 amaro
840 998 969 1062 uinculo
997 999 1178 1066 seruitutis:

169 1085 259 1150 rolex
282 1085 368 1149 enim
390 1083 456 1148 late
479 1085 537 1165 est,
560 1103 642 1165 quae
665 1103 723 1146 uos
746 1102 815 1146 esse
836 1082 924 1167 frugi
947 1083 1045 1148 iubet.
1083 1084 1178 1149 abro·
1291 1133 1293 1144 .

207 1190 321 1255 gemus
344 1167 445 1252 igitur
466 1167 550 1232 istud
574 1167 719 1230 horridae
735 1167 905 1231 uetustatis
921 1167 1070 1252 rubigine
1092 1168 1179 1233 obsi·

207 1258 278 1318 tum
300 1252 488 1336 imperium:
511 1251 630 1315 etenim
653 1250 731 1334 quid
745 1273 826 1334 opus
842 1251 1001 1335 libertate,
1024 1253 1051 1317 si
1067 1253 1177 1319 uolen-

208 1337 294 1401 tibus
316 1337 394 1402 luxu
416 1336 521 1420 perire
542 1356 608 1400 uon
630 1335 747 1399 licetl’
850 1421 890 1433 ..
999 1422 1006 1434 ·
1079 1421 1085 1434 ¹

172 1419 1179 1602 ‚⁵11titttttttlttttfftttttrtttttttti

210 1590 341 1657 lationis
369 1591 477 1655 animo
506 1589 674 1687 disardeus.
719 1587 873 1686 Claudius
895 1588 982 1687 llere
1005 1591 1179 1675 Liuiusque

208 1675 381 1758 Salinator,
404 1674 536 1740 secuud1
551 1673 666 1738 Pumer
688 1673 765 1737 belh
780 1674 978 1757 temporibus
993 1676 1178 1742 firmissime

210 1761 256 1825 rei
278 1760 426 1844 publicae
448 1759 566 1842 latera,
595 1779 691 1842 quam
714 1757 900 1822 destrictam
922 1760 1018 1824 simul
1044 1763 1181 1845 egerunt
1294 1755 1295 1770 ¹

208 1846 391 1909 censuram!
425 1865 501 1908 nam
525 1865 598 1907 oum
622 1844 765 1926 equitum
787 1843 949 1908 centurias
971 1865 1179 1930 recognosce·

170 1932 282 1994 rorent
304 1933 337 1993 et
358 1929 420 2013 ipsi
443 1932 575 2012 propter
595 1929 694 1992 robur
715 1927 831 1994 aetatis
847 1929 944 1993 etiam
959 1951 1045 1994 nune
1068 1951 1179 1994 eorum

208 2018 318 2079 esseut
339 2034 356 2077 e
378 2034 524 2096 numero,
548 2016 584 2077 ut
606 2016 655 2077 est
676 2012 715 2076 ad
731 2011 868 2077 Polliam
890 2018 1024 2078 uentum
1047 2015 1179 2093 tribum,

208 2117 324 2182 praeco
346 2096 429 2162 lecto
437 2098 583 2162 'nomine
599 2097 790 2162 Salinatoris
814 2097 977 2162 citandum
998 2119 1101 2165 necue
1117 2099 1180 2164 sibi

210 2185 294 2247 esset
314 2181 498 2248 haesitauit.
543 2183 629 2266 quod
651 2181 708 2246 ubi
730 2182 891 2246 intellexit
910 2181 1008 2267 Nero,
1031 2189 1065 2248 et
1086 2184 1180 2250 citeri

199 2267 370 2351 collegam
392 2271 425 2330 et
447 2289 562 2350 equum
584 2267 723 2331 uendere
746 2268 848 2346 iussit,
873 2268 949 2351 quia
963 2269 1076 2353 populi
1096 2268 1181 2334 iudi·

174 2367 199 2410 ca
213 2353 261 2416 cio
284 2350 454 2415 damnatus
474 2354 569 2416 esset.
615 2349 776 2416 Salinator
797 2372 923 2436 quoque
947 2353 1057 2417 eadem
1080 2354 1180 2418 anim-

209 2436 400 2501 aduersione
429 2435 592 2500 Neronem
619 2440 808 2518 persecutus
840 2441 888 2502 est
917 2436 1041 2503 adiecta
1075 2459 1181 2522 eausa,

210 2521 295 2604 quod
323 2542 390 2585 non
419 2520 544 2584 sincera
570 2519 633 2583 fide
667 2541 776 2585 secum
805 2522 839 2585 in
868 2523 1006 2605 gratiam
1034 2523 1180 2588 redisset.

210 2604 326 2688 quibus
348 2605 427 2669 uiris
449 2605 477 2668 si
499 2605 571 2702 quis
594 2604 778 2668 caelestium
800 2607 1013 2704 significasset
1035 2608 1181 2672 futurum

210 2692 247 2753 ut
280 2709 388 2753 eorum
422 2708 554 2773 sanguis
587 2689 772 2754 inlustrium
805 2691 982 2776 rmaginum
1016 2693 1097 2756 serie
1128 2693 1182 2757 de·
1295 2741 1296 2762 r

173 2793 198 2834 co
213 2774 325 2840 ductus
344 2775 379 2838 in
403 2777 510 2837 ertum
533 2773 681 2838 salutaris
704 2775 861 2858 principis
876 2777 981 2840 nostri
997 2777 1181 2857 conflueret,

279 2950 295 2997 3
313 2941 476 2996 durionium
494 2941 616 3063 MA*
634 2945 764 2998 senatum
781 2946 820 2997 A1
832 2946 842 3013 l
855 2943 890 2998 de
908 2959 959 2999 ora.
977 2946 1046 3000 Par.
1059 2947 1069 3014 l
1082 2959 1183 3000 coser-

213 3009 309 3064 cendis
328 3010 359 3076 (h
377 3025 448 3064 eras.
467 3010 538 3075 aid.)
607 3012 617 3079 ΙΙ
639 3016 654 3064 5
673 3012 883 3083 abrogaueruut
899 3013 979 3066 Ρσιτ.Ι
998 3013 1009 3080 lt
1030 3019 1045 3067 9
1064 3013 1119 3067 alle
1141 3014 1184 3068 ati

213 3077 295 3130 L¹A¹
316 3078 328 3154 fl
352 3083 382 3132 13
401 3078 489 3145 periri
506 3078 533 3131 A
549 3079 615 3266 ΙΨ
632 3080 731 3157 iugum
749 3079 862 3148 aequali
879 3081 952 3202 Rp
969 3081 1091 3134 uirtutes
1140 3083 1147 3118 ¹
1164 3083 1181 3204 p}

215 3150 248 3198 15
267 3145 432 3222 societatem
449 3145 530 3226 L¹A¹
584 3148 742 3226 mstrrctum
762 3148 834 3216 LA,
859 3163 907 3202 cm.
954 3147 1048 3269 idusp
1071 3153 1101 3202 16
1121 3165 1145 3203 c.
1176 3193 1182 3206 .

214 3226 300 3264 nasro
325 3212 342 3265 l.
367 3211 469 3282 1ulrusq
488 3215 515 3281 (q
523 3234 537 3292 3,
577 3215 586 3281 )
610 3215 745 3269 salmator
763 3215 822 3292 LA
846 3216 855 3282 ΙΙ
882 3221 913 3270 18
937 3215 1033 3270 drstnc
1047 3232 1092 3270 um
1109 3216 1149 3270 A¹
1170 3217 1183 3288 Η

212 3283 248 3396 {i
258 3278 452 3416 prriliiiimLLSll
464 3282 679 3419 iterilplblffiildt
689 3283 1157 3420 &pappepppssrppppnpssepo
1173 3383 1184 3394 ·

212 3410 270 3463 lam
283 3410 319 3462 L¹
333 3413 343 3480 u
360 3418 393 3465 25
405 3428 513 3483 quorq.
527 3416 567 3482 A,
586 3432 712 3484 quosque
725 3417 751 3470 L
764 3419 781 3494 1Ιὶ
787 3423 820 3471 28
838 3418 941 3497 quibus
953 3449 983 3458 -
997 3419 1186 3489 significasset

213 3491 265 3529 orn.
283 3477 323 3543 L,
342 3479 392 3557 sed
407 3483 497 3560 suppl.
515 3488 538 3536 1.
557 3499 592 3540 m.
610 3499 678 3604 carp.
697 3483 724 3536 L
736 3485 783 3564 lsi
800 3487 873 3553 quis]
894 3487 977 3566 quib:
996 3487 1023 3540 L
1035 3488 1045 3556 ss
1058 3493 1092 3542 30
1109 3489 1184 3543 salu·

214 3545 305 3597 tarem
322 3544 496 3614 Perizonius,
515 3555 545 3604 at
561 3567 587 3608 u.
607 3550 652 3604 VI
669 3551 732 3606 113
743 3568 783 3606 cu.
801 3553 811 3620 ΙΙ
829 3557 930 3608 noetus
948 3555 974 3608 L
993 3560 1019 3608 ct
1036 3572 1048 3607 s
1066 3571 1135 3611 cras.
1155 3556 1185 3611 A
