2562 3950
345 166 414 222 ms.
429 167 463 222 v.
486 165 563 222 cAP.
574 172 597 235 1,
610 171 702 222 s-11.
729 167 793 226 Est.
807 175 881 226 1-e.
1026 171 1090 238 523

184 322 282 399 Scipio
296 322 454 385 Africanus
469 324 616 401 posterior
630 328 802 404 expugnata
817 325 995 406 Carthagine
1011 330 1088 389 circa
1105 337 1122 387 6

25 431 28 470 :
110 408 258 468 ciuitates
274 407 393 469 Siciliae
415 408 531 470 litteras
546 408 637 482 misit,
662 413 696 470 ut
712 414 887 472 ornamenta
901 413 1085 488 templorum

112 511 242 554 suornm
264 512 282 553 a
302 493 412 554 Poenis
433 496 520 570 rapta
541 513 595 570 per
616 494 732 572 legatos
755 495 965 572 reciperarent.
1048 523 1051 532 λ

25 633 27 642 ,
180 578 216 638 L.
244 577 371 652 Paulus,
404 596 472 638 cum
500 578 612 640 Persen
645 580 731 660 parui
760 580 904 656 temporis
933 585 1121 664 momentoe

24 691 28 728 ς
81 665 238 738 coaptum
269 662 307 723 ad
335 681 366 724 se
388 663 497 724 adduci
519 663 663 738 audisset,
686 664 817 725 occurrit
837 664 866 724 ei
888 665 1088 742 conatumqu‘e

24 789 26 810 f
112 746 154 805 ad
177 765 278 824 genua
298 747 495 823 procumbere
517 748 639 808 dextera
658 767 749 808 manu
763 748 915 809 adleuauit
929 757 960 808 et
975 749 1087 810 honore

24 863 26 898 ς
111 849 240 891 mensae
265 831 391 909 dignum
413 832 533 908 putauit
555 834 586 893 et
607 832 695 892 lateri
718 851 772 894 sno
786 833 955 910 proximum
970 834 1003 894 in
1018 852 1088 895 con-

24 955 42 982 ,-
114 914 185 974 silio
208 915 310 975 sedere
332 915 430 976 iussit.

23 1061 25 1070 ,
180 998 235 1060 Cn.
262 1000 423 1076 Pompeius
452 999 610 1076 Tigranem
642 1017 748 1078 regem
780 1001 812 1062 in
828 1006 1000 1080 vconspectu
1032 1010 1120 1063 suos

70 1097 99 1138 ro
117 1082 234 1144 diutius
266 1086 361 1145 iacere
394 1084 558 1161 supplicem
590 1102 653 1145 uon
680 1088 726 1146 est
753 1104 860 1163 passus
886 1090 917 1148 et
939 1087 1085 1162 diadema,

23 1209 24 1214 η
110 1168 195 1245 quod
216 1169 374 1246 abiecerat,
396 1169 486 1244 capiti
507 1169 650 1245 reposuit.

179 1251 211 1313 Ο.
235 1253 344 1313 Caesar
365 1251 488 1314 Catonis
509 1257 605 1314 morte
632 1254 734 1314 audita
755 1257 786 1314 et
808 1274 839 1315 se
861 1254 943 1316 illius
964 1256 1079 1334 gloriae
1099 1264 1132 1314 10

111 1336 248 1397 inuidere
276 1341 307 1397 et
332 1337 420 1396 illum
445 1355 516 1398 suas
543 1338 687 1399 inuidisse
715 1338 791 1398 dixit
817 1344 844 1400 ct
864 1340 1079 1416 patrimonium

22 1465 23 1498 3
113 1419 180 1480 eius
202 1420 305 1482 liberis
326 1420 474 1482 incolume
497 1423 638 1482 seruauit.
776 1483 780 1492 ,

70 1516 99 1560 rs
178 1505 219 1565 M.
242 1506 391 1584 Antonius
419 1506 459 1568 M.
481 1505 570 1578 Bruti
598 1524 704 1582 corpus
730 1505 838 1566 liberto
861 1525 914 1568 suo
937 1509 1081 1584 sepelien-
1101 1517 1133 1566 ιι

112 1588 187 1648 dum
209 1588 308 1668 dedit,
330 1607 449 1666 qnoque
470 1590 643 1651 honoratius
666 1594 863 1667 cremaretur,
886 1591 1080 1667 paludamen-

111 1676 181 1733 tum
200 1693 288 1735 snnm
310 1675 380 1735 inici
402 1692 481 1752 rogo
499 1675 602 1734 iussit:
624 1693 751 1751 cumque
772 1675 971 1751 interceptum
993 1677 1078 1752 palu·

112 1757 287 1820 dementum
310 1778 328 1818 a
348 1759 457 1820 liberto
479 1759 678 1836 conperisset,
707 1758 921 1820 animaduertit
942 1761 975 1819 in
997 1780 1076 1821 eum.

175 1843 347 1904 Alexander
361 1844 482 1904 Macedo
503 1845 536 1904 in
551 1843 624 1904 Asia
646 1844 776 1920 quodam
797 1844 863 1904 looo
877 1843 971 1904 niuali
993 1848 1066 1906 tem·
1080 1849 1135 1890 Μ

71 1941 99 1982 so
111 1929 230 2004 pestate
253 1946 412 2006 oppressus
433 1928 517 1988 senio
531 1928 591 1988 iam
605 1946 731 2006 grauem
745 1925 938 1988 Macedonem
952 1929 1080 1990 militem
1100 1907 1113 1952 ¹

112 2011 206 2072 nimio
230 2013 342 2089 frigore
365 2015 535 2089 stupentem
549 2013 583 2072 in
596 2013 768 2088 propinqua
783 2013 847 2089 igni
863 2013 932 2073 sede
947 2013 1080 2074 residens

112 2097 230 2173 aspexit
255 2099 286 2156 et
308 2097 445 2172 protinus
467 2097 499 2156 in
521 2115 606 2156 suam
628 2096 729 2157 sedem
752 2097 928 2157 conlocauit.

176 2181 352 2241 Pisistratus
367 2180 597 2241 Atheniensium
611 2184 768 2258 tyrannus,
792 2199 860 2241 cum
874 2181 967 2243 filiam
993 2200 1076 2243 suam
1096 2191 1111 2238 2

112 2263 286 2324 adulescens
312 2283 412 2326 amore
441 2269 593 2342 correptus
622 2267 654 2324 in
675 2265 796 2341 publico
819 2266 969 2328 osculatus
991 2270 1079 2343 esset,

76 2349 254 2408 cohortante
276 2367 368 2408 uxore
390 2353 426 2409 ut
446 2350 478 2408 in
493 2349 630 2410 iuuenem
646 2349 901 2410 animaduerteret
915 2353 1080 2427 respondit,

115 2434 152 2493 ‘si
173 2450 238 2506 eos,
262 2434 313 2509 qni
333 2451 389 2494 nos
413 2435 533 2507 amant,
555 2433 810 2510 interfecerimus,
834 2434 907 2510 quid
929 2436 971 2495 eis
993 2435 1082 2495 facie·

114 2536 189 2594 mus,
213 2516 321 2594 quibus
344 2517 411 2578 odio
434 2515 576 2578 sumus'l’
592 2549 634 2562 -
656 2518 740 2578 Idem
762 2518 963 2595 aPhrasippo
985 2519 1081 2580 amico

55 2607 57 2612 '
114 2602 193 2662 inter
220 2619 323 2662 cenem
352 2602 487 2663 conuicio
510 2601 665 2662 lacessitus
692 2603 802 2662 tscmt:
835 2606 991 2662 exeuntem
1014 2621 1082 2664 con-

115 2687 196 2747 uiuio
234 2705 301 2746 cum
333 2686 523 2746 familiariter
556 2687 715 2761 retineret,
749 2686 801 2745 ille
822 2687 1016 2746 temulentiae
1038 2687 1082 2747 in·
1185 2743 1195 2760 Ι

78 2785 103 2827 eo
116 2774 186 2847 peto
209 2773 329 2831 enectus
351 2787 385 2830 os
407 2771 471 2831 eius
493 2773 583 2846 sputo
605 2770 757 2847 respersit.
788 2767 908 2846 porter'o
925 2770 974 2830 die
990 2771 1082 2832 Thra·

117 2856 233 2932 sippum
255 2855 435 2932 supplicium
456 2855 626 2916 uoluntaria
647 2858 743 2915 morte
765 2856 883 2933 exigere
900 2871 964 2916 ose
979 2857 1081 2916 uolen-

119 2943 178 2999 tem
200 2940 237 2999 ab
259 2941 378 3017 incepto
399 2940 563 3000 reuocauit.

176 3024 324 3101 Pyrrhus,
351 3043 419 3084 cum
441 3024 573 3084 audisset
593 3024 626 3083 in
646 3025 785 3084 conuiuio
813 3043 831 3084 a
854 3021 1024 3084 Tarentinis
1047 3043 1078 3084 se
1097 3033 1113 3081 3

117 3109 290 3182 laceratum,
321 3109 476 3170 arcessitos
498 3127 601 3169 eornm
624 3109 784 3186 quosdam,
806 3107 858 3184 qui
879 3107 1079 3170 interfuerant

179 3210 197 3259 4
213 3203 298 3274 pauci
315 3204 379 3260 Mai
390 3205 429 3273 llo
446 3221 487 3259 aa
501 3203 635 3261 serctcnd.
654 3203 798 3274 captiuum
817 3219 852 3258 ex
869 3217 937 3274 rege
955 3203 992 3258 ad
1009 3197 1058 3259 se?
1071 3205 1079 3272 ll

285 3271 765 3395 praenecessa-
781 3269 1081 3407 susurres

116 3354 179 3464 ἲεοᾶθ
214 3412 248 3461 30
266 3409 380 3462 enectus
399 3379 500 3464 Gemi*
518 3423 532 3463 c
548 3383 616 3472 iaz,
637 3380 745 3462 euictus
763 3406 822 3464 cod.
840 3405 951 3485 Halmii
964 3413 995 3462 31
1015 3422 1032 3461 a
1050 3422 1079 3461 ee

117 3474 293 3602 {egss‘cggd'
314 3475 423 3544 omer,
451 3489 501 3532 om.
519 3473 577 3532 eod.
595 3473 683 3532 Holus
706 3476 716 3545 11
740 3481 773 3534 34
791 3475 938 3531 arcessitos
955 3489 1013 3542 reos,
1038 3491 1082 3529 ar·
1181 3553 1185 3562 Ι
