2606 3952
184 219 187 224 ·
215 216 258 280 66
640 212 706 270 aia,
726 212 763 266 11.

215 368 266 432 his
289 388 368 432 auus
390 365 543 432 Numitor
564 386 620 430 rex
644 365 842 430 Albanorum
865 385 902 428 eo
925 365 1010 444 loco,
1034 365 1090 430 ubi
1112 366 1186 430 edu-

216 453 280 518 cati
309 455 415 534 erant,
450 451 562 515 urbem
594 451 730 514 condere
762 449 951 532 permiserat
982 450 1041 514 sub
1075 455 1186 516 monte

216 537 376 616 Palatino,
393 538 521 600 hortatu
534 535 679 599 Faustuli
694 533 876 598 educatoris
891 534 950 616 sui,
967 555 1061 617 quem
1075 533 1185 600 Euan·

216 622 271 686 der
298 624 398 686 Arcas
430 623 688 696 consecrauerat,
720 619 806 696 facto
834 618 990 683 sacrificio
1021 619 1206 704 caesisque¹

191 706 322 790 acapris
344 705 510 788 epularum
531 703 697 768 hilaritate
720 725 758 768 ac
780 704 858 766 uino
874 703 1013 788 largiore
1028 706 1185 787 prouecti,

216 791 319 855 diuisa
340 789 494 873 pastorali
515 788 625 870 turba,
660 788 756 852 cincti
778 787 889 852 obuios
911 788 1049 871 pellibus
1072 791 1186 855 immo·
1295 799 1296 818 ¹

216 876 356 940 latarum
377 873 553 937 hostiarum
576 872 719 938 iocantes
747 873 942 956 petiuerunt.
987 874 1077 937 cuius
1104 874 1185 938 hila-

214 960 322 1024 ritatis
350 958 505 1023 memoria
532 979 640 1022 annuo
670 958 805 1022 circuitu
831 957 984 1021 feriarum
1017 959 1185 1041 repetitur.
1294 973 1296 1038 j

216 1045 379 1109 trabeatos
402 1063 478 1107 uero
501 1044 625 1127 equites
647 1043 753 1106 idibus
774 1042 865 1106 Iuliis
884 1041 921 1117 Q.
939 1041 1057 1106 Fabius
1079 1046 1186 1108 trans·

177 1150 202 1190 ro
215 1129 293 1193 uehi
314 1127 466 1192 instituit.
503 1128 587 1192 idem
611 1147 724 1192 censor
746 1148 818 1191 cum
841 1127 878 1191 P.
894 1125 994 1191 Decio
1016 1128 1186 1193 seditionis

214 1212 374 1277 finiendae
394 1213 511 1297 gratia,
536 1233 632 1296 quam
647 1212 777 1276 comitia
791 1212 826 1276 in
841 1210 1014 1275 humillimi
1030 1213 1185 1296 cuiusque

214 1301 407 1382 potestatem
436 1296 565 1362 redacta
597 1299 827 1378 accenderant,
861 1316 988 1361 omnem
1022 1296 1185 1362 forensem

215 1383 343 1446 turbam
375 1383 409 1444 in
442 1385 595 1465 quattuor
626 1383 850 1446 tantummodo
883 1381 986 1445 tribus
1006 1381 1186 1480 ,discripsit

176 1573 201 1613 1,
215 1466 1186 1636 latinitatutilitati?dirlltlgll

214 1637 361 1701 minatus
384 1640 442 1700 est.

277 1721 336 1792 ΙΙΙ.
363 1725 390 1785 l.
413 1720 588 1784 Laudanda
602 1720 700 1784 etiam
714 1720 827 1803 populi
842 1719 1035 1784 uerecundia
1050 1723 1109 1803 est,
1125 1722 1182 1804 qui

214 1806 342 1892 inpigre
369 1827 403 1870 se
430 1804 594 1870 laboribus
623 1809 657 1868 et
683 1804 834 1888 periculis
862 1803 996 1868 militiae
1019 1803 1184 1870 offerendo

214 1889 311 1954 dabat
332 1911 463 1974 operam
484 1911 526 1954 ne
548 1889 795 1974 imperatoribus
817 1889 921 1972 capite
944 1908 1056 1952 censos
1081 1910 1185 1953 sacra·
1295 1909 1296 1927 ¹

175 1977 322 2038 cemento
350 1996 466 2058 rogare
494 1977 578 2040 esset
607 1995 750 2052 necesse,
780 1994 916 2058 quorum
944 1972 1045 2038 nimia
1071 1974 1184 2058 inopia

214 2063 363 2142 suspecta
386 2065 469 2142 erat,
499 2060 634 2143 ideoque
663 2058 715 2123 his
736 2058 865 2142 publica
893 2079 983 2121 arma
1010 2079 1075 2122 non
1100 2079 1184 2123 com-

213 2143 395 2209 mittebant.
440 2145 494 2209 sed
522 2145 607 2209 hanc
634 2143 757 2208 diutina
776 2143 984 2227 usurpatione
1009 2141 1184 2208 formatam

215 2228 480 2293 consuetudinem
496 2229 532 2294 u.
549 2229 671 2294 Marius
693 2229 797 2311 capite
819 2248 950 2292 censum
972 2227 1110 2312 legendo
1125 2229 1185 2292 mi-

215 2313 306 2376 litem
334 2313 479 2397 abrupit,
508 2315 588 2379 ciuis
616 2314 737 2398 alioqui
764 2312 972 2398 magnificus,
1008 2313 1064 2377 sed
1091 2314 1183 2377 noui·

283 2522 296 2568 1
321 2515 364 2568 his
386 2515 458 2582 LA,
482 2515 515 2569 iis
537 2515 625 2570 Halm
645 2517 656 2585 l
677 2521 693 2569 3
716 2516 831 2570 hortatu
848 2544 877 2554 -
891 2514 935 2568 sui
956 2515 1073 2569 inclusit
1095 2513 1181 2569 Halm

212 2599 274 2638 carn
292 2582 439 2649 Turranio,
454 2589 518 2650 post
529 2583 619 2638 Remo
631 2583 792 2637 collocanda
810 2599 879 2638 cena
892 2583 997 2636 Blanm
1012 2598 1042 2650 p.
1056 2585 1098 2648 33,
1113 2588 1178 2650 post

214 2653 428 2704 consecrauerat
445 2651 472 2707 I.
489 2649 540 2706 Fr.
556 2651 729 2718 Gramina,
751 2651 854 2706 obsera.
872 2650 1006 2713 111118,
1030 2649 1104 2718 qnod
1117 2665 1184 2718 pro·
1294 2663 1295 2670 ¹

213 2719 259 2773 bal
272 2717 356 2773 Gertz
387 2761 392 2773 .
405 2721 467 2784 265,
484 2719 554 2772 mill
561 2725 625 2786 post
643 2718 756 2772 educati
768 2719 858 2784 erant,
870 2718 1000 2786 ponenda
1012 2717 1148 2772 uidentur
1167 2719 1181 2789 11

212 2788 334 2864 tArcas
395 2787 513 2840 enardus
529 2786 547 2864 l,
564 2803 600 2852 c.,
625 2786 700 2856 argis
712 2786 822 2908 LApyt
840 2785 1005 2866 aepularum
1024 2786 1114 2907 Αῑὲθ
1133 2786 1181 2840 ob·

213 2870 275 2908 uros
298 2854 326 2907 B
345 2859 371 2910 et
390 2869 459 2909 corr.
480 2855 579 2908 obuias
600 2854 640 2920 L,
666 2867 755 2908 osores
807 2893 814 2920 ,
838 2870 929 2908 onrms
949 2867 1045 2922 marae
1096 2859 1185 2922 ,post

213 2922 340 2977 iocantes
361 2923 394 2977 ln
414 2937 469 2976 rae.
490 2938 524 2975 m.
542 2925 559 2976 3
575 2922 615 2988 A,
641 2927 829 2990 transponerent
850 2921 950 2976 obuios
996 2925 1037 2976 ost
1058 2922 1184 2976 iocantes

212 2995 278 3044 nell.
291 2990 365 3053 edd,
389 2989 487 3044 obuios
505 2989 590 3044 cincti
607 2995 685 3056 recte,
702 2990 734 3044 ni
749 2989 843 3056 fallor,
863 2990 934 3044 conl.
973 2989 1114 3055 orrenius,
1134 2989 1182 3044 ob·
1286 3015 1295 3042 ι

212 3058 274 3111 ui'os
290 3057 376 3112 cincti
392 3056 483 3110 ouinis
499 3057 535 3112 B.
548 3057 614 3112 Keil
631 3059 641 3127 ΙΙ
659 3064 674 3112 7
692 3057 817 3112 hostiam
834 3057 861 3110 A
873 3057 884 3126 l
895 3057 1022 3112 iocantes
1038 3057 1071 3111 a'n
1086 3073 1142 3114 ras.
1155 3058 1184 3111 A
1294 3079 1295 3084 ¹

215 3126 227 3195 l}
248 3126 413 3194 petiuerunt
424 3124 497 3192 Bc,
518 3126 691 3180 metiuerunt
703 3125 742 3192 L,
763 3125 921 3196 gestierunt
933 3126 966 3179 in
979 3140 1034 3179 ras.
1046 3141 1082 3178 rn.
1095 3127 1114 3179 2
1125 3126 1153 3178 A
1168 3125 1181 3194 ll

213 3193 291 3314 tiuclp'
307 3194 373 3262 (alc)
386 3193 414 3247 A
426 3194 436 3261 ΙΙ
448 3194 593 3263 transuegi
604 3194 641 3246 A¹
656 3195 665 3261 l
681 3199 710 3247 11
723 3210 808 3315 quam
820 3194 899 3262 Par,
920 3193 986 3263 quia
998 3192 1057 3246 LA
1069 3195 1079 3260 l
1094 3199 1125 3246 12
1138 3208 1183 3246 ac·

214 3277 266 3316 oen
287 3262 374 3316 ebant
399 3262 469 3319 Par.
501 3262 510 3329 ΙΙ
539 3267 570 3315 13
597 3261 733 3330 descripsi
772 3261 836 3314 LA
853 3261 924 3316 Par.
953 3277 1001 3318 em.
1022 3259 1181 3328 Eberhard,

213 3328 308 3383 Herm.
325 3329 409 3383 VIII
419 3332 486 3392 101,
505 3333 530 3383 et
543 3329 647 3383 Gens*
665 3331 720 3398 1114
738 3328 896 3398 adpellauit
910 3330 981 3383 Par.
998 3329 1008 3398 l
1026 3333 1058 3382 lt
1076 3326 1182 3397 alioqui

212 3396 242 3449 in
255 3395 392 3464 L¹A1118
410 3412 455 3451 ses
471 3395 498 3449 L
516 3398 526 3464 l
545 3401 575 3450 19
593 3411 681 3464 opera
698 3413 732 3451 ne
750 3397 936 3466 inperatorib3
949 3397 977 3450 A
989 3397 999 3466 l
1012 3411 1109 3450 censos
1128 3399 1183 3464 (ec-

213 3468 289 3518 trem.
310 3463 364 3517 litt.
384 3465 417 3516 in
435 3466 502 3531 ras.)
519 3464 559 3530 L,
587 3479 686 3518 censor
706 3464 743 3517 ΔΙ
765 3465 775 3534 l
796 3470 828 3517 21
850 3464 1101 3519 committebantur
1121 3465 1181 3520 adul.

213 3529 365 3585 nonnullae
380 3535 445 3584 cett.
465 3537 545 3597 recte,
560 3533 593 3586 ni
609 3531 761 3601 sallentini
779 3531 918 3585 firmatam
935 3533 975 3586 A²
986 3531 1087 3594 Halm,
1106 3536 1137 3585 cl
1153 3548 1182 3585 n.

216 3597 272 3656 (lle,
290 3596 371 3648 acad.
383 3597 436 3649 15.
449 3600 487 3651 20
499 3599 509 3665 ΙΙ
522 3606 554 3653 23
565 3599 688 3667 legendo
705 3599 762 3665 (sed
774 3615 790 3653 ο
802 3615 838 3656 m.
850 3601 870 3653 2
882 3615 915 3654 cc
927 3605 945 3654 ῐι
958 3615 1026 3654 corr.
1038 3599 1110 3666 nid.)
1123 3598 1182 3652 LA
