2550 3958
346 154 414 211 Lm.
426 154 447 209 Ι.
479 153 556 212 cAP.
576 161 600 224 a,
620 155 794 210 Exco-10.
979 159 1041 224 483

55 313 95 372 in
121 311 240 372 somnis
262 312 346 388 Atyn
368 311 462 371 filium
485 312 565 372 ferro
588 313 646 372 sibi
668 315 812 389 ereptum.
850 315 950 390 itaque
973 334 1040 376 cum

55 397 244 456 adseruaret
270 397 426 473 iuuenem,
460 397 569 456 accidit
596 399 631 456 ut
658 398 789 474 ingentis
823 399 1040 475 magnitudinis

56 501 142 557 aper
159 479 282 557 Olympi
304 482 415 541 montis
438 482 519 540 culta
540 482 643 540 crebra
665 499 731 542 cum
753 484 918 558 agrestium
940 488 1040 562 strage

58 568 215 626 uastaret.
260 566 433 641 impetrauit
461 584 532 642 ergo
560 585 578 625 a
606 564 714 626 Croeso
745 566 824 626 filius
852 571 886 627 ut
913 568 951 628 ad
973 587 1041 628 eum

23 665 40 706 5
62 649 306 726 opprimandum
320 651 501 722 mitteretur,
526 654 636 710 etcum
652 651 713 710 acri
728 651 828 711 studio
844 653 1039 713 interficiendi

60 751 155 794 suem
185 753 285 794 omnes
314 739 413 794 essent
440 735 563 806 intenti,
592 735 729 811 pertinax
759 754 843 796 casus
866 736 1040 797 inminentis

59 819 218 879 uiolentia
237 819 370 879 lanceam
392 818 537 894 petendae
559 820 638 879 ferae
660 821 758 897 gratia
773 821 910 880 emissam
924 822 957 881 in
972 841 1040 882 eum

61 903 208 964 detorsit.

132 987 219 1047 Intra
232 988 385 1064 priuatum
399 1005 430 1048 se
441 987 577 1048 habitum
592 989 688 1049 adhuc
698 990 843 1066 Dionysio
858 991 1038 1063 continente,
1058 1003 1073 1052 6

15 1091 47 1130 10
64 1073 213 1132 Himerae
236 1074 379 1148 quaedam
402 1091 463 1132 non
486 1073 604 1132 obscuri
618 1075 737 1149 generis
751 1076 859 1134 mulier
873 1075 1039 1135 ascendisse

63 1157 126 1217 sibi
157 1158 271 1217 caelum
299 1157 365 1216 uisa
392 1160 439 1216 est
465 1159 495 1216 et
521 1157 564 1216 ibi
598 1159 785 1234 conspexisse
817 1160 1039 1235 praeualentem

63 1243 170 1302 uirum
191 1241 263 1300 flaui
285 1241 407 1319 coloris,
430 1241 604 1318 lentiginosi
619 1244 693 1314 oris,
714 1244 817 1304 ferreis
839 1245 951 1304 catenis
974 1245 1038 1302 nin-

64 1329 167 1400 ctum,
200 1325 282 1385 Iouis
310 1325 387 1386 solio
415 1325 603 1402 pedibusque
625 1328 800 1388 subiectum.
844 1329 949 1387 eadem
972 1347 1038 1388 oum

15 1463 17 1470 .
63 1412 285 1486 interrogasset
313 1410 450 1486 quisnam
477 1415 568 1487 esset,
601 1412 777 1487 cognouisse
801 1412 919 1472 Siciliae
947 1415 1038 1487 atque

15 1489 50 1553 'rs
66 1494 177 1553 Italiae
200 1494 298 1553 dirum
321 1494 426 1553 fatum.
459 1494 560 1570 itaque
581 1495 772 1571 postmodum
787 1496 949 1573 Dionysius
971 1495 1038 1572 pul-

15 1575 16 1596 ³
67 1596 119 1638 sus
144 1577 299 1654 Syracusis
321 1597 388 1638 cum
411 1577 564 1638 Himeram
585 1581 725 1655 petisset,
747 1580 870 1640 muliere
890 1580 1038 1640 clamante

15 1719 16 1736 ,
66 1662 125 1721 hac
147 1663 250 1722 eadem
272 1681 309 1722 ne
331 1663 521 1739 reciperetur,
537 1667 556 1733 †
573 1683 648 1740 quae
670 1665 788 1724 uiderat
810 1665 968 1740 somnium,
992 1683 1036 1724 re·

15 1739 17 1812 f
68 1750 174 1823 ceptus
196 1747 387 1824 tyrannidem
409 1748 549 1807 exercuit.

15 1829 17 1908 J
49 1845 54 1852 ·
134 1832 232 1891 Mater
253 1833 407 1909 Dionysii,
436 1849 502 1892 cum
529 1852 598 1892 eum
625 1832 721 1892 adhuc
748 1835 832 1892 utero
861 1833 1071 1908 conceptumn

15 1917 54 1988 ,no
70 1916 208 1993 haberet,
238 1935 342 1993 parere
364 1917 428 1976 uisa
449 1918 497 1976 est
519 1917 695 1993 satyriscum
717 1918 916 1992 consultoque
938 1917 1037 1993 prodi·

69 2002 187 2078 giorum
209 2001 373 2078 interprete
394 2001 592 2060 clarissimum
614 2021 683 2062 oum
704 2001 767 2061 fore
789 2003 940 2079 cognouit.

15 2083 17 2092 ’
132 2086 285 2146 Hamilcar
306 2084 366 2144 dux
389 2083 687 2162 Carthaginiensium,
711 2105 780 2146 cum
801 2087 963 2163 Syracusas
986 2086 1071 2146 oh-8

16 2167 17 2234 J
71 2168 194 2242 sideret,
216 2188 270 2246 per
292 2187 428 2229 somnum
451 2170 605 2230 exaudisse
627 2171 710 2230 uisus
725 2175 771 2232 est
784 2189 883 2232 ccccm
897 2171 1036 2232 nuntian-

16 2247 18 2318 Ϊ
70 2256 134 2312 tem
149 2254 225 2313 ‘cras
241 2253 395 2330 Syracusis
412 2255 555 2314 cenabis'.
585 2255 686 2331 itaque
709 2254 805 2316 laetus
828 2274 879 2332 spe
894 2257 1037 2316 uictoriae

16 2339 58 2396 lac
73 2337 242 2413 inruptione
265 2338 345 2398 lacta
368 2337 638 2415 Syracusanorum,
662 2341 838 2417 expugnatis
861 2342 965 2401 castris
982 2340 1035 2417 Sy-

16 2427 17 2488 ]
72 2439 189 2481 racusas
211 2423 330 2481 uinctus
352 2423 515 2496 perductus
537 2426 593 2482 est.

16 2493 17 2514 ¹
135 2506 304 2565 Alcibiades
320 2507 520 2566 miserabilem
534 2508 648 2566 exitum
664 2525 750 2566 suum
766 2508 874 2568 dicitur
888 2511 1035 2568 nocturna
1053 2520 1069 2568 9

16 2593 17 2602 ’
73 2592 200 2667 imagine
222 2591 419 2666 praecidisse:
448 2609 507 2666 quo
530 2591 609 2650 enim
630 2592 723 2667 pallio
745 2593 855 2652 amicae
877 2610 947 2652 suae
968 2592 1034 2652 dor-

16 2735 17 2748 ,
73 2676 165 2734 miens
187 2679 324 2750 opertum
348 2693 380 2734 se
395 2676 525 2747 uiderat,
549 2675 652 2734 eodem
667 2676 842 2737 interfectus
858 2679 888 2737 et
902 2677 1033 2752 insepul-

16 2764 119 2826 jactus
137 2760 234 2820 iacens
256 2762 409 2820 contectus
430 2763 484 2819 est.

16 2905 17 2910 ,
135 2843 199 2904 Duo
227 2845 389 2904 familiares
416 2844 547 2903 Arcades
575 2843 634 2902 iter
661 2863 720 2904 una
746 2844 885 2905 facientes
912 2845 1034 2921 Megara
1053 2855 1085 2905 10

16 2931 17 2938 ’
75 2932 229 3002 uenerunt,
259 2948 387 3004 quorum
410 2929 485 2988 alter
507 2947 538 2988 se
561 2929 598 2986 ad
620 2927 769 3005 hospitem
791 2929 936 3004 contulit,
959 2929 1035 2990 alter

16 3083 17 3092 χ
75 3013 106 3071 in
132 3013 282 3072 tabernam
310 3014 494 3073 meritoriam
522 3013 661 3073 deuartit.
705 3015 745 3091 is,
773 3015 825 3090 qui
851 3014 882 3073 in
903 3013 1034 3089 hospitio

142 3198 152 3245 l
171 3204 267 3260 acyn*
282 3208 317 3252 m.
330 3197 346 3246 1
359 3193 397 3261 {12
416 3192 598 3247 adseueraret
614 3197 679 3248 m.1
697 3194 706 3262 ΙΙ
725 3199 740 3247 t
759 3194 789 3247 et
805 3193 874 3259 ced,
893 3194 936 3246 aet
953 3198 1032 3260 recte,

16 3257 17 3264 '
77 3265 107 3317 ut
122 3260 187 3327 uid,
205 3260 293 3315 Halm
311 3277 325 3316 c
341 3262 412 3319 coci.
430 3260 671 3330 Kellerbaucrill'l
688 3260 841 3315 uiolentiae
859 3260 917 3316 cod.
936 3261 1032 3324 Halm,

78 3345 121 3385 cra.
133 3327 251 3399 Madrctp
264 3329 274 3397 ΙΙ
288 3334 319 3383 10
337 3328 446 3382 himera
458 3328 526 3394 cod,
544 3327 698 3383 Himeraea
708 3328 804 3395 Halm,
824 3327 957 3383 Himerae
975 3343 1032 3388 oca.

78 3397 111 3463 cf.
131 3396 188 3452 Vct.
209 3398 219 3466 ΙΙ
243 3402 274 3451 ll
293 3397 385 3464 adque
403 3401 466 3451 m.1
487 3397 498 3465 {l
520 3403 550 3450 ll
569 3413 641 3466 qnae
660 3397 770 3450 uiderat
787 3396 925 3450 somnium
937 3397 1034 3496 plesse

78 3465 133 3521 oid.
148 3465 273 3531 Halmio,
304 3466 360 3534 qni
381 3464 494 3519 uiderat
509 3481 563 3586 per
586 3480 715 3518 somnum
737 3478 787 3518 reos
809 3468 834 3519 et
853 3463 960 3520 Gesta.
1010 3465 1032 3532 f.

82 3531 136 3587 Vol.
147 3532 156 3600 ll
169 3540 200 3588 23
218 3548 317 3586 uocem
335 3532 466 3600 suppleret
484 3547 497 3586 c
534 3531 579 3599 ol,
597 3547 647 3587 om.
668 3532 726 3589 cod.
740 3532 828 3587 Halm

824 3617 880 3673 31*
920 3620 922 3624 '
