2540 3950
474 201 690 262 de-Xl4·

99 360 179 421 censi
201 360 298 436 capite
320 360 487 420 militarent
508 379 542 421 ac
563 359 728 437 periculose
750 359 788 421 aa
802 360 1062 422 committerentur
1070 373 1202 416 venun.

99 464 181 504 arma
208 445 261 520 qui
289 445 405 505 tributa
432 445 517 506 node
543 446 718 522 penderent.
756 445 870 521 primus
893 444 929 506 G.
952 446 1065 508 Marius

97 529 196 607 capite
219 546 322 590 censos
344 531 376 589 in
399 532 620 590 recrementum
640 529 771 607 rogauit.

163 615 214 674 22.
250 614 315 674 Fisi
343 615 456 674 uirtute
477 614 604 674 Romani
631 614 695 673 sine
724 613 849 675 artificio
871 614 1062 676 dimicabant.
1081 624 1132 686 3,2

73 699 202 775 sitaque
228 697 263 758 P.
285 699 400 759 Rutilio
428 701 460 758 et
486 698 545 762 Gn.
568 698 670 758 Mallio
699 717 796 759 conss.
818 718 836 758 e
857 699 929 758 ludo
951 699 1065 776 gladia-

46 831 51 838 .
97 784 176 843 torio
199 783 334 844 doctores
356 784 492 844 accersiti
514 785 600 858 sunt,
633 785 666 844 ut
687 782 798 843 inferre
820 784 898 844 ictus
920 802 954 844 ao
976 782 1064 846 decli-

97 887 168 928 nare
189 869 402 948 monstrarent,
424 868 587 944 adiutaque
609 870 656 928 est
676 867 801 928 artificio
823 868 977 929 fortitudo.

357 1037 410 1097 XI.
447 1036 501 1096 DE
526 1035 807 1098 SPEOTAOVLIS.

164 1140 193 1198 1.
231 1139 361 1199 Messala
388 1156 493 1198 censor
518 1139 634 1215 primus
660 1139 813 1199 theatrum
840 1138 953 1200 Romae
981 1138 1062 1199 fecit.
1081 1148 1147 1212 4,2.

61 1226 223 1284 maenalus
246 1222 379 1284 decreuit
399 1242 438 1282 ne
460 1223 598 1284 sedentes
620 1223 707 1284 ludos
729 1225 909 1301 spectarent,
932 1223 996 1284 siue
1018 1243 1067 1282 ur-

78 1302 169 1367 'bani
191 1309 255 1367 sine
276 1307 424 1384 quiteria
447 1325 464 1366 e
485 1308 568 1367 mille
590 1308 727 1384 passibus
749 1308 897 1383 abessent,
920 1327 958 1369 ue
981 1308 1066 1368 forti-

98 1392 171 1451 tudo
193 1392 389 1452 mollesceret.

164 1478 193 1536 2.
217 1475 400 1536 Indiscretus
422 1496 441 1539 a
463 1480 568 1537 senatu
590 1476 719 1553 populus
739 1476 1134 1553 perannosnnv111in4,3

100 1561 280 1638 spectaculis
302 1561 371 1620 fuit.
415 1561 529 1621 Atilius
550 1563 652 1638 itaque
675 1559 818 1621 Serranus
840 1564 872 1621 et
892 1561 928 1623 L.
951 1559 1068 1621 Scribo-

58 1659 85 1702 1c
101 1647 171 1706 nius
187 1644 306 1718 aediles,
330 1665 399 1705 cum
413 1646 598 1724 Megalensia
612 1647 745 1722 ederent,
767 1651 937 1720 separaum
951 1646 1068 1706 senatui

99 1732 200 1790 locum
223 1730 380 1790 dederunt.
414 1731 496 1806 quod
517 1733 602 1807 prius
625 1732 720 1790 lacere
743 1733 867 1790 conatus
890 1730 989 1807 Scipio
1012 1731 1068 1804 est,

102 1814 154 1876 sed
175 1814 320 1893 populum
343 1815 431 1875 laesit
452 1818 586 1876 nouitate
607 1816 769 1892 praecepti.

166 1901 195 1959 3.
230 1899 353 1960 Praetor
380 1900 525 1960 circenses
553 1901 723 1975 spectacula
749 1899 877 1962 Romae.
892 1899 1068 1976 aliquandiu
1085 1912 1136 1975 4,4

103 1984 189 2043 nulla
211 1987 311 2058 erant,
335 1985 386 2045 sed
407 1985 520 2062 populo
541 1985 714 2060 pestilentia
734 1984 890 2044 laborante
911 1985 943 2043 in
965 1984 1069 2045 laudes

63 2080 91 2121 20
104 2068 229 2128 deorum
251 2070 382 2128 carmina
403 2070 599 2144 incomposita
620 2069 789 2146 conscripta
811 2072 891 2128 sunt.
935 2069 1069 2129 adiectae

97 2153 241 2212 Etruscae
269 2153 442 2213 saltationes
470 2171 545 2230 eque
572 2153 696 2213 Etruria
716 2154 877 2214 accersitus
899 2154 1013 2227 ludius,
1035 2154 1068 2214 id

98 2239 144 2296 est
164 2237 303 2312 princeps
331 2239 533 2318 scenicorum,
562 2239 613 2314 qui
635 2237 751 2299 Histrio
774 2239 952 2313 uocabatur,
981 2239 1068 2315 isque

98 2321 130 2380 et
151 2323 236 2380 motu
259 2322 394 2396 corporis
416 2325 448 2381 et
463 2340 537 2382 sono
552 2323 634 2383 uocis
649 2321 716 2382 rudi
731 2323 877 2401 populum
892 2324 1066 2384 delectauit.

99 2405 132 2464 in
160 2406 244 2464 cuius
271 2404 415 2466 honorem
444 2405 531 2467 istius
553 2407 637 2466 modi
658 2407 788 2468 artifices
811 2408 972 2469 histriones
995 2408 1067 2468 dieti

59 2501 86 2543 2⁶
100 2491 181 2550 sunt.
219 2509 236 2548 a
257 2490 340 2550 ludio
363 2492 459 2550 tracta
481 2495 527 2551 ast
540 2490 640 2551 dictio
661 2490 810 2551 ludorum.

162 2575 194 2632 4.
216 2574 356 2634 Atellano
379 2593 467 2636 scena
489 2576 539 2635 uel
561 2577 673 2636 comica
695 2577 797 2635 fabula
819 2577 856 2636 ab
873 2575 958 2637 Oscis
972 2575 1066 2636 accita
1083 2591 1135 2654 aa

98 2659 156 2738 est,
180 2659 286 2719 ceteris
308 2660 440 2720 seuerior
462 2662 493 2720 et
514 2659 607 2738 digna
628 2662 778 2737 grauitate
792 2679 924 2723 romana.
952 2664 1066 2722 etcum

167 2845 179 2892 1
200 2839 260 2894 ensi
280 2839 293 2909 ΙΙ
313 2845 328 2893 2
346 2839 425 2894 nulla
441 2840 488 2896 uel
504 2855 561 2894 non
650 2842 667 2895 l.
688 2840 783 2896 Olariet
799 2843 809 2910 11
826 2847 843 2894 4
860 2841 1068 2896 dimiceuorant

97 2905 234 2974 meum(
261 2907 392 2976 replerit
431 2907 594 2974 aumerle*
628 2916 689 2979 op.
708 2908 778 2963 rollo
798 2911 828 2963 et
844 2927 883 2980 gu
900 2908 997 2964 mallio
1010 2910 1020 2978 ΙΙ
1035 2915 1065 2963 11

95 2975 164 3030 loris
183 2991 200 3029 a
241 2977 318 3031 erte·
336 2975 396 3032 coll.
448 2977 514 3031 edu.
532 2989 649 3046 promen.
666 2975 688 3048 ἕ
698 2978 774 3032 2341)
790 2983 859 3043 not..
878 2977 980 3032 aforis
998 2977 1065 3040 cod..

97 3059 114 3098 a
131 3043 222 3113 portis
240 3043 422 3098 Kellerbauer
434 3045 444 3113 ΙΙ
460 3051 489 3099 13
507 3044 607 3124 populi
618 3045 668 3113 qni
680 3060 732 3115 par
744 3046 754 3114 ΙΙ
768 3050 800 3099 15
819 3045 919 3100 aedilis
931 3046 941 3114 ΙΙ
953 3060 1066 3142 separa·

95 3113 158 3164 tum
175 3124 238 3178 coe,
256 3127 307 3166 om.
325 3111 384 3167 cod.
401 3111 504 3178 Halm,
527 3112 681 3166 discretum
697 3114 878 3182 amplecteret
897 3112 980 3167 Gerre
1010 3113 1067 3180 1117

95 3179 254 3233 nouitatem
272 3179 419 3249 praecepit
440 3179 515 3246 eod,
542 3197 589 3236 on.
607 3180 708 3248 Halm,
735 3196 776 3235 aa
791 3181 920 3235 nouitate
937 3179 1066 3250 incepti?

97 3246 202 3302 Gens*
244 3252 276 3303 18
294 3247 419 3302 circense
436 3248 546 3304 rnaualt
566 3247 675 3306 (ledat
702 3247 739 3314 es.
762 3248 822 3303 Vel.
839 3250 849 3318 ΙΙ
866 3255 900 3304 2ο
916 3248 1061 3317 incompo·

95 3315 151 3370 sita
167 3314 211 3370 Ke
223 3315 350 3370 terum
372 3331 386 3370 e
406 3315 481 3382 Vae,
504 3316 651 3384 incompta
672 3317 730 3370 cod.
749 3315 837 3372 Halm
861 3317 871 3385 ΙΙ
895 3322 928 3370 22
946 3316 1065 3370 historio

96 3383 238 3438 uocabant
254 3381 354 3452 hiaque
367 3385 377 3452 l
390 3389 423 3438 23
443 3399 513 3439 sona
525 3384 535 3453 ΙΙ
547 3385 646 3438 rodem
659 3385 726 3449 cod,
740 3399 788 3439 em.
801 3383 889 3439 Helm
901 3386 911 3452 fl
924 3389 957 3438 24
974 3383 1066 3438 hiato·

96 3452 189 3507 rienes
201 3452 211 3520 ΙΙ
224 3456 257 3507 25
277 3451 292 3506 ὅ
311 3451 398 3507 dictio
418 3451 528 3508 Gertz&
561 3453 597 3516 ef.
612 3455 737 3520 p.70,1‚
756 3467 827 3522 quae
843 3469 893 3508 aa.
911 3452 1005 3521 inepte
1022 3451 1066 3506 ἰπ-

95 3524 265 3588 terpretetur
283 3523 322 3575 eet
339 3518 422 3588 Nep,
441 3519 528 3574 editio
540 3520 598 3574 cod.
610 3519 697 3576 Halm
709 3522 720 3600 [Ι
732 3525 766 3574 26
783 3521 832 3576 uel
843 3521 951 3576 comica
967 3519 1066 3576 fabula

97 3588 187 3658 elosae
197 3588 259 3646 uid.
271 3587 401 3646 Gentio*
414 3592 423 3658 ΙΙ
437 3587 550 3644 stabula
562 3590 572 3658 ῃ
584 3593 618 3643 27
634 3589 735 3646 ceteris
752 3590 821 3659 coel,
838 3587 953 3646 Graecis
964 3589 1066 3647 Gme‘
