2604 3960
430 171 507 228 OAP.
525 173 591 240 1111,
611 179 729 241 §c-ro.
1005 177 1063 241 191

15 379 16 382 ,
92 330 127 391 et
149 347 232 390 unus
254 325 289 389 in
311 345 388 409 agro
404 322 541 390 Veiente
562 326 682 391 fundus
704 327 810 393 minns
825 329 944 393 multos
965 328 1064 394 culto·

91 432 146 475 res
177 409 360 474 desiderans
388 430 485 493 quam
513 410 660 476 dominos
686 411 826 476 babebat
853 413 950 496 inque
981 414 1064 479 circo

92 495 235 561 maximo
259 498 292 558 et
313 493 472 559 Flaminio
496 497 673 579 spectaculi
694 496 794 562 locus.
854 519 913 561 uae
936 499 1064 580 quidem

92 583 165 645 loca
187 580 229 644 ob
250 580 402 644 uirtutem
424 577 552 661 publice
574 580 694 645 donata
715 581 842 664 posside
865 587 932 646 ant.

159 664 188 729 9.
225 661 348 728 Eadem
378 683 458 746 gens
485 663 612 729 nullum
640 668 714 730 ante
736 667 913 750 scripulum
937 687 974 730 ar
997 667 1089 734 entis

92 749 210 848 habuit
237 769 333 831 quam
361 747 480 845 Paulus
504 747 600 814 Perse
628 749 753 814 deuicto
777 749 813 826 Q.
837 750 931 849 Aelio
988 751 1063 814 ube·

92 835 1062 1017 recrearenturpraetentarent

91 1001 1061 1172 reattractusterruerunt}
1074 1116 1099 1155 ι

91 1171 228 1249 fundum
251 1191 346 1254 quem
368 1191 468 1235 unnm
490 1171 680 1256 reliquerat,
703 1174 853 1252 uenisset,
878 1172 962 1238 unde
984 1194 1064 1238 uxor

94 1256 161 1322 eius
185 1255 290 1320 dotem
312 1255 469 1338 reciperet
483 1277 550 1321 non
564 1258 733 1322 extitisset.
759 1258 859 1322 animi
873 1258 1016 1322 uirorum
1031 1261 1064 1321 et

91 1339 285 1405 feminarum
319 1338 476 1424 uigebant
510 1340 546 1404 in
579 1341 726 1423 ciuitate,
764 1362 934 1489 eorumque
969 1342 1063 1407 bonis

92 1425 260 1509 dignitatis
283 1425 465 1488 aestimatio
488 1425 611 1489 cunctis
633 1426 666 1489 in
692 1426 791 1490 rebus
805 1447 879 1514 ,pon
903 1427 1060 1490 erebatur.

91 1509 171 1574 haec
185 1509 320 1593 imperia
335 1508 561 1593 conciliabant,
582 1511 661 1575 haec
676 1510 854 1595 iungebant
868 1510 1058 1586 adfinitates,
1075 1537 1099 1575 ιι

91 1594 172 1658 haec
194 1593 332 1677 infore,
354 1594 435 1657 haec
456 1593 542 1658 intra
564 1594 706 1677 priuatos
728 1595 866 1680 parietes
888 1595 1061 1677 plurimum

90 1681 255 1763 poterant:
280 1678 404 1762 patriae
426 1678 512 1742 enim
535 1699 602 1743 rem
622 1700 706 1744 unns
743 1680 864 1764 uisque,
887 1699 954 1742 non
970 1699 1061 1742 suam

91 1782 208 1861 augere
230 1760 426 1858 properabat
452 1784 637 1847 pauperque
666 1764 700 1827 in
721 1701 821 1828 iruna
848 1784 944 1847 quam
970 1763 1060 1827 diues

90 1869 126 1912 m
148 1867 288 1931 paupere
309 1847 444 1943 imperio
459 1848 580 1946 uersari
595 1847 745 1912 malebat.
779 1851 873 1996 suffire
896 1846 971 1912 huic
993 1851 1060 1911 tam

89 1932 254 2017 praeclaro
290 1935 454 2015 proposito
487 1932 543 1996 rlla
577 1953 697 1997 merces
731 1932 827 1997 redde
849 1936 937 2014 atur,
975 1931 1057 2015 quod
1072 1957 1099 1998 ao

90 2017 175 2081 nihil
198 2037 323 2094 eorum,
355 2037 437 2099 quae
460 2017 573 2080 uirtuti
595 2016 768 2094 debentur,
797 2037 901 2081 emere
923 2016 1061 2100 pecunia

91 2101 226 2250 licebalt,
256 2100 449 2184 inopiaeque
471 2101 655 2166 inlustrium
677 2103 821 2167 uirorum
842 2101 971 2185 publice
993 2122 1061 2166 suc·

93 2207 183 2252 curre
207 2189 288 2250 atur.

156 2271 204 2334 10.
233 2268 362 2353 Itaque,
386 2290 459 2333 curn
473 2269 611 2334 secundo
626 2269 749 2334 Punico
771 2269 856 2335 bello
877 2269 934 2339 Gn.
949 2268 1059 2353 Scipio

90 2377 129 2420 ex
152 2351 310 2438 Hispania
338 2353 465 2418 senatui
494 2354 674 2438 scripsisset
700 2358 814 2438 petens
841 2358 877 2419 ut
904 2356 967 2419 sibi
988 2376 1058 2420 suc·
1074 2381 1098 2421 ac

92 2460 199 2505 sessor
221 2440 417 2520 mitteretur,
441 2438 514 2522 quia
536 2438 636 2503 filiam
660 2439 821 2522 uirginem
843 2439 971 2504 adultae
993 2440 1058 2503 iam

91 2523 206 2589 aetatis
228 2523 374 2602 haberet,
397 2544 501 2607 neque
517 2524 546 2588 ei
563 2524 632 2588 sine
648 2545 681 2588 se
701 2524 757 2589 dos
780 2524 922 2607 expediri
938 2527 1058 2607 posset,

159 2749 172 2797 1
192 2741 312 2812 negante
325 2742 407 2795 L¹A¹
419 2743 429 2810 u
442 2741 545 2796 fundus
558 2757 643 2812 many.
656 2744 697 2809 A,
716 2741 768 2796 ‚fn
788 2742 847 2796 LA
859 2744 869 2811 fl
886 2741 975 2794 multo
988 2740 1027 2793 A²
1046 2743 1049 2808 l

88 2818 104 2866 2
123 2809 182 2878 inq.
201 2809 275 2864 circo
293 2810 342 2878 (sic
358 2811 419 2864 aaa
434 2810 495 2864 ulla
512 2809 610 2877 litura)
625 2809 696 2875 LA,
714 2809 743 2862 in
756 2809 829 2864 circo
841 2827 878 2862 m.
893 2811 922 2863 et
933 2808 952 2864 f.
963 2823 1058 2876 urarpo

86 2879 128 2942 A,
147 2877 221 2946 qood
237 2877 278 2931 sic
294 2878 327 2932 ia
345 2879 404 2933 cccl.
422 2877 506 2932 scribi
522 2882 601 2932 ratus
617 2878 720 2944 recepit
733 2877 821 2932 Halm
834 2879 873 2945 114
889 2877 967 2929 locus
981 2875 1059 2941 LA¹‚

87 2963 129 3002 cn
140 2946 204 3000 loca
221 2944 273 3000 iis?
294 2946 304 3014 l
325 2945 429 3000 uirtute
447 2943 578 3026 publicae
591 2945 650 2999 LA
671 2947 681 3014 ΙΙ
702 2951 717 2999 5
736 2947 766 2999 et
784 2951 798 2999 '1
817 2942 928 3014 argenti
939 2943 967 2996 L
985 2943 1059 3004 dett..

88 3013 151 3068 anri
168 3014 201 3068 in
217 3029 272 3068 rue.
288 3014 378 3080 paceo
395 3027 500 3067 macore
517 3013 557 3079 A,
580 3013 645 3070 cdd.
665 3029 696 3067 ar
718 3012 785 3067 antri
805 3012 853 3066 sed
872 3028 899 3064 u.
932 3028 951 3064 c.
970 3026 992 3064 e.
1012 3027 1059 3064 ue-

86 3084 145 3145 tus)
164 3081 235 3136 aurci
252 3081 280 3134 h.
299 3096 393 3149 morpo
410 3080 438 3134 A
456 3097 470 3135 e
487 3081 565 3146 Par..
585 3086 614 3135 at
631 3097 659 3134 a.
678 3030 756 3136 Pica
775 3096 805 3138 n.
820 3079 846 3134 b.
858 3077 920 3132 XX
968 3077 1007 3131 ΙΙ
1017 3082 1059 3143 11,

86 3152 142 3205 142
161 3150 274 3205 etPlrct.
289 3149 366 3203 Aem.
379 3149 465 3205 Paul.
478 3151 516 3203 28
527 3149 566 3216 116
583 3148 659 3202 uicto
671 3149 741 3203 Pur.
753 3149 763 3217 ΙΙ
777 3153 791 3202 '1
810 3147 935 3214 quinque
953 3145 1057 3215 pondo]

88 3217 156 3272 add.
178 3215 199 3270 I.
217 3216 248 3270 P.
266 3215 292 3270 V
313 3217 400 3270 librae
422 3230 516 3285 marpo
535 3219 563 3270 A
580 3232 594 3271 c
610 3217 680 3271 Par.
705 3216 715 3284 ΙΙ
738 3220 755 3268 8
778 3216 805 3269 ei
827 3219 947 3283 nuptum
969 3213 1059 3277 L²A²‚
1161 3275 1166 3282 ,

88 3284 226 3354 enuptum
244 3285 291 3350 L1,
320 3285 455 3353 enuptam
472 3283 510 3336 A¹
534 3285 544 3353 u
568 3290 584 3338 9
602 3283 751 3352 pecuniam
774 3284 813 3352 (ιιι
827 3283 966 3351 panno.)
986 3281 1012 3334 L
1035 3286 1060 3334 et

87 3367 166 3419 orca,
186 3357 219 3408 ut
235 3353 304 3417 aid,
323 3353 364 3417 A,
387 3350 453 3406 add.
471 3351 560 3406 ieiune
580 3367 645 3421 pec;
666 3351 726 3420 (sic)
744 3365 839 3421 marpo
856 3351 884 3404 A
904 3351 914 3419 ΙΙ
932 3355 962 3404 11
982 3349 1059 3403 ueni-

86 3421 279 3490 issetA21118
298 3419 404 3474 diuitae
422 3420 460 3472 A¹
473 3419 483 3487 ΙΙ
498 3425 528 3474 19
546 3435 701 3488 pauperem
720 3418 801 3472 L¹A¹
820 3419 829 3487 ll
847 3424 880 3471 20
918 3417 1058 3486 raeporito

86 3494 195 3559 typopr.
218 3503 309 3544 errore
330 3487 417 3566 Ilalm
441 3488 451 3556 ΙΙ
474 3493 507 3540 22
529 3485 625 3566 inopia
653 3502 725 3554 quae
749 3487 787 3540 A¹
812 3488 821 3555 ll
845 3435 958 3556 publice
980 3486 1019 3539 A¹
1043 3485 1058 3554 ll

87 3565 121 3613 25
140 3557 252 3612 senatui
271 3555 328 3626 (sed
345 3573 355 3608 1
372 3571 407 3610 m.
425 3559 445 3609 2
462 3554 527 3610 add.
546 3554 617 3622 aad.)
635 3556 663 3608 A
675 3556 685 3622 ΙΙ
698 3557 730 3608 ut
746 3570 781 3609 ur.
800 3560 825 3608 1.
842 3568 863 3608 a
881 3553 899 3608 l.
919 3553 946 3606 L
