2606 3958
16 3597 31 3616 .
146 3563 223 3616 ocius

469 169 548 226 oar.
566 168 647 236 vui,
666 147 682 235 ς
700 176 775 226 a-s.
1047 172 1111 238 365

139 323 273 408 capitali
300 323 434 388 crimine
464 326 645 402 accuratus,
674 323 856 408 praeteritis
884 324 1048 389 aduocatis
1077 328 1110 391 et

139 408 286 494 patronis
309 409 375 472 suis
397 407 502 472 solum
515 407 666 472 heredem
688 407 829 492 reliquit.
867 408 1020 474 nimirum
1035 430 1109 475 con·

139 494 296 559 sternatio
323 494 483 577 quaedam
510 493 655 558 animum
686 492 754 556 eius
780 496 1002 558 transuersum
1024 495 1106 580 egit:

139 578 263 644 amauit
285 579 372 643 enim
394 577 504 642 sordes
528 599 601 642 suas
617 582 650 643 et
672 576 784 642 dilexit
804 577 948 662 pericula
970 581 1002 643 et
1024 579 1111 643 dam·

139 664 306 728 cabonem
334 662 418 727 uotis
453 663 624 746 expetinit',
658 665 822 727 auctorem
855 661 970 728 harum
1003 680 1137 728 rerums

141 747 379 832 beniuolentia,
401 767 459 829 pro
484 747 640 812 aleatores
663 747 736 812 odio
758 748 929 812 insecutus.

204 833 235 897 8.
258 831 295 897 Τ.
312 831 432 896 Barrus
453 768 592 896 lleutulc
614 829 796 917 Spintheri,
818 832 909 897 cuius
931 832 1111 897 amantissi-

141 939 227 982 mum
251 917 393 981 animum
415 914 736 1000 liberalissimamque
760 917 934 982 amicitiam
957 919 1109 996 senserat,

141 1001 298 1066 decedens
331 1001 446 1066 anulos
474 1023 548 1066 suos
582 999 714 1085 perinde
748 1005 843 1085 atque
877 1001 972 1066 unico
1001 1001 1110 1066 heredi

139 1085 291 1170 tradidit,
322 1107 416 1170 quem
438 1085 529 1150 nulla
552 1087 703 1169 exparte
725 1084 875 1151 heredem
897 1087 1107 1171 relinquebat.
1127 1103 1151 1144 ¹0

141 1175 300 1255 quantum
314 1172 372 1236 illo
388 1173 551 1234 momento
572 1170 728 1253 temporis
744 1171 951 1255 conscientia,
974 1171 1111 1235 simodo

141 1254 489 1423 {bertedeld
505 1254 861 1424 tilt‘ntsstttt
876 1257 1111 1405 tilbert

142 1429 176 1489 et
208 1425 355 1509 ingratae
388 1423 500 1507 culpae
539 1423 769 1508 cogitationem
803 1422 952 1521 spiritum
991 1425 1110 1508 posuit,

142 1508 235 1593 quasi
262 1511 384 1572 tortore
412 1507 520 1592 aliquo
549 1511 689 1573 mentem
723 1507 791 1572 eius
820 1511 908 1572 mtus
937 1509 1149 1592 cruciantem

142 1592 230 1677 quod
263 1592 541 1658 animaduertebat
567 1614 583 1656 e
612 1593 681 1656 uita
709 1593 748 1656 ad
775 1595 911 1656 mortem
939 1594 1111 1657 transitum

143 1699 237 1742 suum
260 1681 293 1742 et
314 1679 438 1762 superis
461 1677 509 1742 dis
531 1677 672 1743 inuisum
696 1698 764 1742 esse
787 1681 819 1740 et
840 1674 954 1741 inferis
977 1677 1112 1742 detesta-

142 1763 242 1827 bilem
262 1762 416 1828 futurum.

208 1848 238 1914 9.
271 1847 318 1929 M.¹
352 1868 429 1913 uero
462 1847 607 1932 Popilius
642 1845 784 1912 senatori
817 1843 938 1910 ordinis
972 1843 1112 1930 Oppium

145 1931 275 2000 Gallum
297 1934 338 1996 ab
368 1934 499 1997 ineunte
526 1934 631 1997 aetate
652 1930 939 1997 familiarissimum
962 1931 1023 1995 sibi
1046 1952 1112 1995 mo·
1126 1954 1151 1995 ac

142 2021 229 2085 riens
256 2040 316 2102 pro
344 2020 472 2083 uetusto
501 2018 571 2081 iure
599 2017 759 2082 amicitiae
788 2020 821 2080 et
847 2015 940 2080 uultu
968 2015 1112 2100 benigno

144 2105 285 2190 respexit
307 2105 340 2168 et
360 2102 468 2167 uerbis
483 2122 638 2186 magnum
660 2123 737 2186 prae
759 2122 794 2166 se
816 2122 958 2166 amorem
979 2101 1114 2165 ferenti·

143 2189 203 2254 bue
226 2190 415 2272 prosecutus
439 2190 503 2270 est,
527 2208 629 2251 unum
651 2187 748 2250 etiam
770 2185 809 2250 de
831 2186 957 2266 multis,
981 2186 1037 2270 qui
1058 2185 1111 2250 ad·

144 2274 307 2355 sidebant,
340 2271 454 2335 ultimo
483 2271 643 2354 conplexu
671 2274 704 2335 et
732 2271 843 2336 osculo
873 2270 1006 2354 dignum
1033 2271 1113 2335 iudi·

144 2359 233 2424 cauit
254 2359 449 2440 insuperque
471 2356 583 2421 anulos
606 2376 733 2440 quoque
756 2375 828 2419 suos
844 2355 874 2419 ei
894 2355 1043 2439 tradidit,
1067 2357 1113 2419 ui·
1127 2379 1153 2420 aa

145 2444 262 2508 delicet
292 2462 334 2506 ne
362 2440 439 2525 quid
471 2461 510 2504 ex
539 2462 577 2505 ee
605 2440 799 2523 hereditate,
828 2461 925 2524 qnam
950 2461 1018 2505 non
1047 2444 1115 2504 erat

145 2528 307 2611 aditurus,
331 2526 504 2591 amitteret.
548 2545 628 2611 quos
650 2523 784 2609 Oppius,
809 2525 858 2588 uir
880 2523 1034 2608 diligens,
1058 2524 1114 2588 sed

169 2748 185 2759 ..
214 2685 227 2733 1
246 2678 418 2748 praeteritus
435 2678 524 2756 A¹q2
544 2675 694 2746 petronius
713 2675 747 2744 (is
765 2690 834 2730 corr.
849 2691 883 2731 ce·
900 2676 1001 2756 us)·L,
1017 2677 1113 2796 patro·

146 2765 201 2802 nus
219 2748 290 2868 A¹ql
312 2747 539 2800 consternatione
562 2744 633 2866 adq
654 2752 669 2799 3
687 2744 831 2812 quaedam
853 2743 1019 2814 Modtan
1052 2747 1113 2810 329,

146 2831 219 2895 quae
230 2815 256 2870 L
301 2815 401 2880 Halm,
414 2813 464 2884 qui
471 2817 535 2882 post
545 2812 605 2882 egit
627 2827 734 2867 aeaeae
742 2816 823 2867 notas
829 2812 928 2878 poscit
937 2811 946 2881 11
955 2818 972 2866 4
981 2813 1115 2880 dampna-

145 2883 223 2938 trone
240 2885 272 2952 (p
351 2886 427 2947 ctat.)
446 2881 523 3003 Lqu
541 2879 769 2961 propulsatorum
788 2880 872 2945 LA1,
891 2880 1115 2950 propulsatorem

145 2951 191 3071 ‘¹²1
204 2950 464 3085 detrusa„
499 2947 1116 3084 tttsldrlaw'ttitala&

145 3035 244 3140 irpfppis
262 3084 297 3139 de
317 3090 380 3156 (cop.
399 3085 453 3152 dis)
471 3034 505 3138 sii
521 3099 577 3140 rae.
595 3084 623 3137 A
635 3087 645 3153 11
658 3057 754 3162 sup'dis
767 3084 806 3152 L,
829 3058 937 3152 supeiis
954 3083 1007 3136 diis
1025 3083 1089 3137 dett.
1103 3084 1113 3151 ΙΙ

147 3171 207 3208 esse
226 3154 407 3256 etuqeoqrqerr
425 3151 583 3231 esset)11ss
601 3158 633 3207 19
651 3151 736 3220 prlrus
756 3152 783 3206 L
800 3157 913 3233 ott-corr.
932 3168 946 3207 c
962 3155 1032 3206 Por.
1050 3151 1088 3205 Α1
1101 3153 1111 3220 ΙΙ

147 3221 320 3368 tertul
331 3221 393 3343 tt
407 3218 1114 3410 {aequiterpermundentur

146 3357 472 3496 {titlllbalbl‘ss
480 3356 811 3545 ssqqnq1pquqqqrqf
828 3355 1114 3493 aberratio

146 3495 325 3616 aoniuslqur
349 3493 456 3562 Oppius
483 3492 528 3547 uel
550 3492 701 3548 secandum
751 3507 792 3546 ar.
817 3491 899 3546 Orias
921 3493 990 3551 cont.
1020 3493 1113 3557 Halm,
