2590 3948
172 189 195 252 4
613 184 681 240 nia.
699 182 721 240 1.

236 339 268 402 4.
304 337 469 404 Oonsimili
492 339 617 404 ratione
634 337 672 402 P.
690 335 832 403 Cloelius
846 334 982 417 sicutte,
1005 333 1049 400 M.
1065 333 1143 401 Gor-

172 423 278 488 nelius
305 422 481 509 Cethegus,
517 422 550 488 0.
575 421 728 488 Claudius
763 422 898 504 propter
926 423 999 484 exta
1027 441 1144 502 parum

176 508 301 574 curiose
323 508 453 572 admota
469 506 613 594 [deorum
628 505 851 572 inmortalium
866 506 935 570 arte
949 505 1049 569 uariis
1064 507 1144 569 tem·

173 592 306 678 poribus
335 593 491 677 bellisque
514 593 660 678 diuemis]
690 591 834 657 flaminio
856 589 944 655 abire
966 590 1045 654 iussi
1067 592 1146 654 sunt

151 678 346 761 scoactique
369 678 475 742 etiam.

236 764 267 828 5.
301 764 348 826 At
379 763 413 842 Q.
438 763 580 848 Sulpicio
614 763 701 826 inter
732 759 977 826 sacrificandum
999 779 1017 823 e
1040 759 1146 842 capite

174 867 255 931 apex
288 847 456 944 prolapsus
488 848 574 912 idem
603 845 819 912 sacerdotium
847 844 995 926 abstulit,
1029 863 1145 910 occen-

173 937 289 997 tusus
323 932 435 996 soricis
468 933 596 997 auditus
632 930 732 996 Fabio
767 929 908 994 Maximo
942 928 1144 1012 dictaturam,

174 1016 211 1083 O.
227 953 387 1165 ἓξιῆἱηὶο
409 1017 633 1101 magisterium
656 1015 801 1100 equitum
817 1012 998 1099 deponendi
1012 1035 1146 1079 causam

137 1119 164 1159 10
200 1122 255 1166 rae
277 1122 334 1164 ur.
1043 1113 1046 1122 ’

177 1123 199 1185 p
237 1185 268 1249 6.
301 1183 516 1249 Adiciendum
552 1185 603 1249 his
640 1185 726 1269 quod
764 1183 802 1248 P.
838 1181 961 1248 Licinio
997 1182 1147 1266 pontifici

175 1269 314 1333 maximo
343 1269 436 1354 uirgo
464 1268 621 1354 Vestalis,
651 1269 727 1353 quia
753 1267 892 1353 quadam
914 1271 1011 1332 nocte
1032 1289 1147 1350 pamm

174 1353 313 1437 diligens
335 1353 421 1439 ignis
448 1357 571 1419 aeterni
594 1358 700 1419 custos
722 1354 853 1432 fuisset,
883 1351 981 1438 digna
1002 1353 1074 1417 uisa
1096 1357 1148 1417 est

175 1459 256 1522 quae
278 1437 321 1502 fla
344 1459 379 1502 ro
401 1437 636 1507 admoneretur.

136 1540 161 1582 15
240 1525 268 1587 7.
303 1459 464 1588 bdeximae
491 1545 568 1588 uero
601 1524 739 1610 uirginis
770 1522 927 1586 Aemiliae
956 1520 1035 1586 disci
1059 1521 1147 1586 ulam

175 1607 316 1674 extincto
345 1609 421 1694 igne
441 1611 553 1674 ‘tutem
575 1609 616 1673 ab
639 1609 727 1674 omni
752 1606 1003 1692 reprehensione
1056 1613 1146 1671 estas

174 1714 295 1757 numen
336 1695 508 1777 praestitit.
581 1715 621 1758 ue
655 1692 825 1771 adorande,
866 1713 938 1756 cum
970 1692 1147 1775 carbasum,

175 1798 269 1860 quem
292 1778 450 1860 optimum
477 1715 633 1856 habebat,
663 1778 772 1843 foculo
795 1778 1007 1861 inposuisset,
1039 1776 1146 1842 subito

181 1862 268 1947 ignis
290 1862 429 1926 emicuit.

136 1963 163 2003 ao
242 1945 271 2009 8.
306 1944 382 2010 Non
403 1946 522 2010 mirum
536 1946 645 2031 igitur,
669 1945 697 2010 si
712 1967 771 2030 pro
788 1967 826 2010 eo
842 1945 977 2029 imperio
997 1944 1147 2030 augendo

177 2029 450 2114 custodiendoque
472 2031 621 2114 pertinax
643 2030 777 2095 deorum
799 2030 1003 2115 indulgentia
1023 2050 1150 2114 semper

176 2114 342 2198 excubuit,
372 2135 434 2198 quo
465 2119 530 2180 tam
553 2117 740 2200 scrupulosa
761 2136 839 2180 eura
860 2115 997 2200 paruula
1018 2136 1148 2198 quoque

175 2203 338 2264 momenta
363 2199 531 2286 religionis
561 2201 738 2266 examinari
760 2200 926 2282 uidentur,
957 2199 1033 2282 quia
1054 2221 1147 2265 num-

246 2355 258 2402 1
277 2352 305 2428 pf
317 2349 421 2405 coelius
433 2367 527 2422 usurpo
538 2353 575 2419 A,
593 2354 658 2420 post
670 2351 775 2406 coelius
790 2351 825 2416 L,
839 2351 869 2406 P.
883 2352 1008 2421 coaglius
1021 2355 1051 2420 (g
1063 2355 1146 2416 erus.)

175 2418 245 2472 Por.
282 2417 383 2472 nculus
400 2434 495 2489 marco
507 2419 534 2472 A
546 2436 559 2474 e
570 2421 650 2486 Por,
669 2434 719 2477 om.
739 2419 765 2473 L
783 2424 809 2474 et
829 2434 896 2474 rece.
909 2419 949 2490 113
968 2419 1085 2473 deornm
1102 2419 1146 2472 in·

176 2485 269 2538 morta
282 2485 338 2538 'um
357 2487 442 2540 uariis
461 2488 530 2555 (aris
547 2487 633 2541 uariis
651 2488 729 2556 rece.)
747 2486 924 2556 temporibus
938 2487 1078 2553 (terrorib.
1094 2485 1146 2553 L¹)

176 2552 286 2621 bellisq.
304 2553 422 2606 diuersis
434 2554 462 2608 L
480 2560 505 2608 et
522 2571 601 2621 rece,
620 2571 673 2608 om.
686 2556 722 2621 A,
740 2571 811 2622 quae
828 2571 889 2610 cum
907 2554 1041 2625 Stuupero
1059 2555 1147 2609 uariis

176 2625 302 2674 mutuate
326 2621 359 2673 iu
384 2621 441 2674 aris
466 2623 585 2677 retinuit
613 2621 709 2677 Halm.
736 2623 841 2677 induci
864 2639 913 2676 uu.
936 2623 1032 2690 inepto
1055 2639 1089 2676 uc
1111 2640 1148 2678 ree

177 2688 265 2742 latiae
289 2688 401 2756 quidem
419 2689 495 2744 dida
517 2691 699 2745 commitante
718 2690 828 2745 Gerteio
849 2694 912 2746 260.
936 2690 970 2756 ef.
994 2691 1057 2744 Tuc.
1078 2707 1146 2745 aaa.

176 2755 311 2824 1169114
328 2755 460 2812 flamonio
478 2757 598 2818 LPoa,
617 2763 649 2812 ut
666 2758 744 2813 codd.
764 2758 832 2812 Liu.
845 2757 956 2812 XXVI
964 2758 1061 2825 23⁸1!
1074 2762 1090 2810 6
1103 2759 1146 2830 at]

177 2823 320 2892 aDtQ.
345 2839 395 2881 oro.
413 2825 485 2887 LA,
562 2827 602 2894 pi.
631 2825 832 2885 HuimePar,
851 2827 892 2895 117
916 2825 992 2879 idem
1021 2827 1059 2879 Li
1099 2826 1148 2894 'us,

178 2891 271 2969 eidem
289 2891 348 2945 LA
360 2892 371 2961 ΙΙ
383 2841 614 2971 ,audituram
629 2895 639 2962 ΙΙ
651 2909 666 2947 e
679 2893 756 2947 fabio
775 2895 816 2960 L,
840 2893 943 2948 *fabio
961 2894 989 2947 A
1000 2894 1010 2962 ΙΙ
1024 2900 1039 2947 9
1077 2894 1148 2948 dmi-

177 2974 224 3012 mo
242 2960 278 3028 A,
298 2959 430 3014 flamonio
449 2960 477 3014 L
494 2977 556 3016 cum
572 2963 643 3018 Pur.
659 2965 663 3027 Ι
681 2967 710 3013 11
731 2961 769 3028 qd
785 2975 849 3030 *pe*
868 2961 962 3015 licinio
982 2962 1042 3030 (sed
1055 2961 1074 3014 d
1087 2968 1145 3030 etp

178 3026 332 3104 perditura)
349 3028 391 3095 A,
414 3028 491 3097 quod
517 3030 582 3097 post
603 3027 698 3082 licinio
716 3028 777 3082 ΒΟ
796 3034 829 3084 ut
850 3045 900 3084 reos
917 3028 945 3082 L
961 3030 965 3098 Ι
989 3035 1020 3084 13
1038 3030 1149 3085 aeterni

177 3094 349 3217 bidai
366 3095 1148 3233 mii‘iiiiiiiblbidgiibifizimiimffn1b⁸bf³afniii

178 3226 224 3281 nir
246 3228 298 3282 'nis
317 3229 338 3296 (i
351 3181 456 3285 etpuero
472 3251 492 3290 s.
511 3231 541 3299 t.)
560 3231 586 3284 L
604 3233 614 3300 ΙΙ
633 3203 664 3285 li
682 3249 738 3300 qua
762 3207 949 3296 adorata’A2,
974 3249 1060 3302 quam
1082 3232 1149 3288 ado·

179 3311 231 3348 run
247 3295 253 3306 '
272 3297 439 3352 Perizonius
451 3299 461 3367 ΙΙ
473 3299 619 3353 carbasum
631 3299 669 3352 L¹
683 3301 693 3368 ΙΙ
707 3304 738 3353 18
756 3300 863 3354 subitus
880 3301 1017 3422 Poupnl
1031 3301 1149 3356 deorum

180 3362 360 3433 indulgentis
376 3365 498 3436 Muduip
515 3367 556 3420 II
569 3370 629 3432 314,
648 3383 743 3421 eorum
764 3368 942 3437 indulgentia
980 3384 1076 3423 eorum
1089 3369 1149 3422 LA

180 3431 281 3500 Halm,
305 3431 484 3502 indulgentia
506 3434 622 3488 deorum
645 3435 792 3490 Eberhard
810 3452 840 3504 p.
861 3440 913 3492 158
928 3436 939 3504 ΙΙ
955 3442 987 3490 22
1012 3452 1068 3506 quo
1090 3451 1148 3502 uos,

201 3499 257 3554 uod
274 3498 342 3564 LA,
360 3499 390 3551 in
428 3515 464 3553 uo
483 3502 603 3572 Moduip
614 3503 633 3558 l.
646 3519 676 3569 c,
695 3506 760 3572 quoi
782 3503 865 3558 Gertz
876 3507 929 3560 261
943 3505 952 3572 ss
966 3510 998 3559 23
1015 3504 1150 3559 uidentur

181 3515 242 3634 deod
259 3584 277 3621 n
292 3517 433 3636 purrctctb
447 3567 473 3620 L
