2604 3960
466 178 543 238 oso.
556 179 622 247 vu,
641 185 656 246 c
676 187 749 236 1—3.
1030 185 1092 251 145

9 355 11 368 *
118 332 196 397 inde
218 352 332 396 aecum
354 334 402 396 est
424 353 481 396 uos
502 352 629 397 mecum
642 333 691 398 ire
710 333 744 398 in
761 333 954 432 (lapitolium
970 337 1091 422 suppli·

118 421 252 482 catum’.
297 417 563 500 speciosissimam
596 417 712 482 deinde
747 440 814 483 erus
843 441 956 486 uocem
988 443 1090 507 aeque

122 501 228 567 clarus
251 505 386 566 euentus
407 507 529 567 secutus
551 506 609 579 est,
633 503 660 567 si
675 503 805 587 quidem
827 508 859 569 et
874 509 1019 572 senatum
1042 513 1089 572 to·
1163 573 1168 584 ,

117 590 191 651 tum
217 590 250 651 et
276 586 463 651 uniuersum
490 591 670 671 equestrem
700 588 844 653 ordinem
880 593 912 654 et
940 594 1090 656 cunctam

118 671 246 755 plebem
262 669 350 735 Iouis
372 670 486 754 optimi
507 672 639 736 maximi
660 672 845 757 puluinaria
858 677 972 757 petens
990 677 1116 740 comi-s

9 775 10 780 ¹
118 762 187 820 tem
208 755 331 823 habuit.
353 754 497 820 restabat
519 760 556 820 ut
576 757 726 821 tribuous
749 757 834 842 apud
849 759 1003 842 populum
1019 762 1089 825 sine

118 840 241 938 populo
264 843 375 925 ageret
396 840 602 939 desertusque
630 841 665 905 in
695 841 765 906 foro
793 863 867 908 cum
894 864 1013 942 magno
1039 865 1090 944 oa·

117 925 368 1074 turstatt
390 924 1089 1098 tl.”ifftlistttt‘tiutttitt

120 1097 309 1160 accusatore
332 1093 493 1178 Scipionis
514 1099 687 1160 uenerator
708 1095 812 1161 factus
835 1101 894 1162 est.
1103 1117 1128 1156 m

183 1195 213 1262 2.
241 1195 332 1259 Auiti
356 1194 487 1280 spiritus
510 1196 658 1281 egregius
681 1217 844 1262 successor
859 1198 966 1284 Scipio
984 1198 1089 1264 Aemi·

119 1279 242 1362 lienus,
267 1301 338 1345 cum
360 1279 473 1344 urbem
494 1280 714 1364 praeualidam
729 1282 903 1368 obsideret,
927 1283 1088 1348 suadenti·

118 1363 181 1428 bus
203 1364 393 1449 quibusdam
414 1369 452 1429 ut
472 1367 558 1430 circa
580 1367 708 1430 moenia
730 1367 798 1431 eius
813 1367 934 1432 ferreos
951 1370 1088 1434 murices

116 1452 286 1532 spargeret
308 1448 481 1533 omniaque
501 1449 585 1514 uada
612 1450 787 1534 plumbatis
809 1452 927 1517 tabulis
949 1457 1089 1519 conster-

117 1537 212 1598 neret
226 1533 420 1598 habentibus
436 1533 602 1599 clauorum
618 1536 794 1613 cacumina,
819 1556 860 1600 ne
875 1537 982 1601 subita
996 1558 1088 1621 erup·
1103 1557 1128 1596 1s

119 1619 211 1682 tione
225 1617 335 1683 hostes
350 1619 385 1683 in
403 1618 563 1702 praesidia
584 1623 696 1684 nostra
718 1620 874 1704 impetum
895 1621 1001 1686 facere
1015 1642 1089 1705 pos·

115 1706 208 1850 seqlt,
233 1702 403 1786 respondit
426 1724 493 1767 non
518 1724 588 1768 esse
613 1703 755 1769 eiusdem
777 1708 809 1769 et
831 1725 945 1788 capere
965 1706 1087 1790 aliquos

119 1809 159 1852 ue
187 1809 203 1852 e
226 1790 260 1852 et
281 1789 403 1855 timere.

182 1889 212 1954 3.
238 1887 279 1952 In
301 1909 534 1974 quamcumque
555 1889 812 1955 memorabilium
834 1894 960 1974 partem
982 1911 1086 1956 exem·

118 1973 246 2072 plorum
269 1977 449 2052 conuertor,
473 1973 571 2038 uelim
585 1973 738 2058 nolimus,
761 1975 795 2039 in
811 1975 1003 2123 coquomine
1019 1974 1086 2041 Sci·
1101 1995 1126 2036 au

143 2079 255 2123 ionum
277 2059 428 2123 haeream
450 2079 581 2124 neeesse
596 2061 660 2124 est:
683 2059 739 2144 qui
754 2059 841 2124 enim
870 2061 935 2125 icet
949 2060 1009 2126 hoo
1024 2060 1089 2127 loci

118 2079 271 2208 llasicam
304 2142 494 2227 praeterire,
530 2144 659 2208 fidentis
693 2145 793 2208 animi
823 2143 989 2231 diotilque]
1025 2145 1090 2210 ola·

117 2226 282 2292 rissimum
317 2227 505 2292 auctorem?
544 2249 691 2292 annonae
719 2228 853 2294 caritate
886 2230 1087 2295 increscente

117 2309 154 2376 C.
172 2311 336 2378 Curiatius
358 2316 399 2376 tr.
415 2313 460 2397 pl.
483 2312 658 2396 productos
680 2312 716 2377 in
738 2313 923 2378 contionem
939 2315 1087 2412 consules

116 2395 444 2564 {tlrlltltlilr
459 2396 629 2546 illiti?
639 2397 1087 2567 ttulltrttttlttttt
1101 2418 1128 2458 ²⁵

117 2566 209 2630 ouius
243 2565 386 2630 instituti
421 2566 553 2630 minime
590 2566 679 2631 utilis
715 2566 944 2651 interpellandi
1021 2569 1087 2633 etia

118 2648 238 2714 Nasica
266 2649 462 2715 contrariam
490 2651 649 2715 actionem
676 2650 776 2717 ordiri
805 2653 920 2735 coepit.
966 2657 1087 2719 ostre-

117 2737 216 2820 pente
247 2733 361 2800 deinde
389 2736 482 2820 plebe
512 2738 647 2819 ‘tacete,
675 2757 809 2821 quaeso,
839 2735 1005 2821 Quirites’,
1039 2737 1088 2801 in-

188 2959 200 3006 l
220 2969 319 3009 aecum
338 2955 378 3022 L,
402 2954 453 3026 eod
469 2955 523 3020 A¹‚
551 2970 673 3076 aequum
690 2957 730 3009 Αι
752 2956 762 3024 ll
786 2962 802 3010 3
820 2955 1000 3032 secutus-om.
1019 2955 1086 3033 LA,

115 3022 292 3143 sutri-2
306 3028 373 3159 tt·
388 3022 809 3152 tumult-,fiuntd
819 3025 867 3144 l?
879 3022 1088 3158 „lutrinis

117 3159 176 3260 sd
202 3157 494 3280 ttttltrtlttt
508 3159 577 3280 qq.
596 3157 1087 3294 tributis-attulisti?

116 3224 192 3346 dardi
208 3291 312 3373 LEO,
335 3310 374 3373 au
390 3310 437 3348 me
455 3241 600 3372 coduertlt
624 3295 634 3362 ΙΙ
658 3299 690 3348 22
710 3294 834 3373 dictique
852 3266 1006 3361 LAsqub
1025 3309 1087 3349 com

104 3359 231 3415 Gentes
268 3407 273 3420 .
289 3364 339 3416 147
354 3361 459 3416 saetosi
471 3361 481 3429 ΙΙ
493 3368 526 3416 23
545 3363 692 3416 ceritatem
710 3363 746 3416 Α1
759 3363 769 3430 l
781 3361 1006 3416 increbrescente
1019 3361 1086 3428 LA,

115 3433 148 3482 ut
164 3443 215 3482 reos
232 3375 266 3482 ll)
279 3445 301 3483 r.
309 3431 325 3519 ji
337 3434 370 3484 25
388 3429 542 3484 coemendo
559 3430 619 3484 coll.
638 3430 706 3484 Pur.
725 3430 796 3484 coni.
813 3429 921 3498 Halmii
935 3439 991 3497 atq.
1007 3430 1087 3494 Lm,

13 3551 14 3554 ,
117 3498 177 3563 atq.
198 3496 234 3549 ad
252 3495 326 3560 EA,
355 3496 392 3563 es.
414 3496 477 3551 VII
491 3501 508 3552 3
530 3502 620 3552 eut9
644 3499 653 3565 ΙΙ
677 3503 709 3552 26
732 3497 810 3551 curia
830 3496 873 3566 0²,
893 3499 999 3553 curiam
1017 3496 1086 3562 LA,

117 3562 228 3618 Suriam
247 3565 414 3620 Perizonius
426 3566 435 3632 ΙΙ
449 3571 481 3620 29
498 3565 586 3619 tacite
604 3564 674 3618 LA¹

167 3659 229 3699 vnn.
242 3651 307 3700 Mei.
903 3657 933 3706 10
