2608 3952
201 188 265 254 252
404 231 411 246 .
627 183 695 238 ara.
713 183 748 240 v.

204 361 276 405 eum
298 341 366 404 tum
390 338 528 403 maximo
544 338 653 402 labore
668 341 701 402 et
714 337 860 420 periculo
876 336 1077 420 implicatum
1093 361 1179 406 mor-

202 425 378 507 taliumque
401 423 582 508 frequentia
602 422 760 486 defectum
786 421 1024 487 sanctissimum
1048 425 1182 508 pietatis

203 531 324 573 numen
346 513 379 573 et
401 509 433 574 di
455 510 597 575 fautores
620 506 810 572 eximiarum
832 506 989 571 uirtutum
1012 511 1045 573 et
1062 509 1181 576 fidissi·

203 616 275 660 mus
302 593 439 659 Romani
469 593 586 677 imperi
613 595 719 657 custos
746 591 893 676 Iuppiter
921 593 1093 659 comitatus
1122 600 1182 661 est

179 699 191 740 a
207 679 332 746 Drusus
355 700 499 764 quoque,
523 697 718 763 quamquam
740 676 809 742 fato
826 677 890 741 iam
906 698 963 742 suo
978 699 1075 762 quam
1093 679 1184 746 illius

206 764 315 830 officio
337 765 470 849 propior
491 766 575 846 erat,
600 763 712 847 uigore
735 761 866 846 spiritus
889 766 922 826 et
944 764 1088 846 corporis
1105 764 1185 829 uiri·

204 852 263 914 bus
287 849 468 933 conlapsus,
495 869 532 912 eo
555 848 626 931 ipso
648 850 768 924 tamen,
794 866 857 931 quo
878 846 948 910 uita
969 868 1006 912 ac
1021 869 1111 913 mors
1135 851 1184 914 di·

206 934 400 1018 stinguitur,
434 937 598 998 momento
626 932 771 1017 legiones
800 952 874 995 cum
902 931 1085 1015 insignibus
1114 935 1183 999 suis

203 1019 300 1084 fratri
322 1019 453 1084 obuiam
474 1016 647 1101 procedere
670 1017 777 1099 iussit,
805 1021 841 1081 ut
863 1017 1039 1100 imperator
1056 1018 1184 1083 saluta·

169 1122 195 1163 10
207 1107 305 1169 retur.
343 1103 509 1186 praecepit
531 1101 628 1166 etiam
650 1101 781 1166 dextera
802 1102 837 1164 in
864 1105 957 1184 parte
981 1104 1184 1184 praetorium

206 1188 237 1252 ei
259 1189 374 1268 statui,
398 1190 431 1251 et
453 1186 620 1252 consulare
642 1189 676 1250 et
695 1185 937 1269 imperatorium
956 1207 1076 1251 nomen
1097 1189 1183 1272 opti-

206 1291 283 1336 nere
312 1292 383 1337 eum
411 1271 532 1353 uoluit,
567 1271 742 1354 eodemque
774 1274 920 1354 tempore
953 1276 986 1336 et
1016 1272 1182 1338 fraternae

204 1356 367 1422 maiestati
395 1356 494 1421 cessit
522 1359 555 1420 et
581 1357 650 1420 uita
679 1356 823 1420 excessit.
860 1355 912 1418 his
940 1355 1006 1420 scio
1030 1356 1182 1440 equidem

203 1441 330 1506 nullum
360 1441 447 1506 aliud
481 1462 579 1525 quam
606 1439 748 1506 Castoris
783 1444 817 1504 et
842 1438 983 1504 Pollucis
1016 1441 1182 1524 specimen

166 1545 191 1586 ra
206 1528 465 1675 conpanguiineae
485 1525 630 1626 ⁸caritatis
654 1524 892 1672 ‚⁰⁰¹¹uffniinlef.
906 1525 989 1622 attici
1009 1546 1142 1674 popae,b

291 1662 298 1677 .
328 1633 361 1676 sc
405 1632 510 1678 omma
530 1630 703 1675 mamonae
725 1629 1118 1692 camss1m1s1mperaor1
1143 1633 1181 1675 us

204 1697 350 1780 profecto
372 1719 440 1762 non
463 1696 524 1760 erit
545 1695 727 1780 ingratum,
758 1693 786 1757 si
807 1693 919 1758 militis
947 1714 1073 1758 summa
1100 1717 1180 1782 erga
1279 1761 1283 1770 ,

203 1782 338 1846 fratrem
361 1803 455 1846 suum
476 1781 579 1864 pietas
601 1779 675 1843 huic
691 1778 775 1862 parti
790 1778 963 1843 uoluminis
978 1778 1181 1846 adhaeserit:
1284 1787 1285 1790 ’

204 1867 233 1929 is
254 1887 394 1949 namque
417 1867 452 1929 in
475 1865 588 1929 castris
604 1863 663 1930 On.
679 1862 812 1946 Pompei
827 1862 988 1946 stipendia
1008 1885 1180 1950 peragens,

166 1969 192 2009 ao
206 1971 279 2014 cum
295 1950 517 2015 Sertorianum
540 1948 677 2013 militem
700 1950 804 2012 acrius
827 1947 890 2012 sibi
911 1947 947 2012 in
968 1947 1037 2012 acie
1051 1949 1179 2014 instan-

205 2040 271 2099 tem
294 2033 463 2098 conminus
485 2033 702 2098 interemisset
716 2033 937 2117 iacentemque
951 2032 1117 2116 spoliaret,
1141 2040 1182 2100 ut

204 2118 338 2182 fratrem
367 2139 558 2202 germanum
586 2139 654 2182 esse
682 2118 853 2201 cognouit,
887 2117 1022 2182 multum
1057 2139 1094 2181 ac
1122 2119 1181 2184 diu

206 2201 352 2267 conuicio
376 2203 451 2268 deos
474 2203 515 2266 ob
537 2203 659 2269 donum
680 2202 798 2285 impiae
820 2201 974 2266 uictoriae
1003 2201 1179 2281 insecutus,

204 2307 304 2370 prope
320 2290 425 2351 castra
439 2286 608 2352 transtulit
623 2291 655 2351 et
668 2287 811 2370 pretiosa
826 2289 915 2352 ueste
931 2288 1079 2370 opertum
1094 2309 1178 2372 rogo

171 2389 196 2430 aa
209 2371 362 2454 inposuit.
407 2393 444 2436 ac
472 2371 586 2436 deinde
613 2371 757 2436 subiecta
784 2372 854 2436 iace
883 2371 1031 2454 protinus
1064 2372 1180 2438 eodem

207 2454 330 2542 gladio,
362 2478 426 2540 quo
454 2455 546 2520 illum
574 2456 796 2539 interemerat,
825 2461 937 2539 pectus
959 2476 1052 2520 suum
1074 2460 1180 2523 mans-

203 2541 388 2606 uerberauit
421 2562 518 2624 seque
550 2561 646 2624 super
678 2561 794 2624 eorpus
832 2539 942 2604 fratris
979 2543 1179 2622 prostratum

204 2626 427 2692 communibus
460 2626 598 2690 flammis
631 2625 837 2690 cremandum
869 2624 1011 2694 tradidit.
1055 2625 1177 2692 licebat

202 2711 407 2797 ignorantiae
435 2709 592 2775 beneficio
619 2710 787 2774 innocenti
814 2708 938 2789 uiuere,
971 2711 1026 2774 sed
1055 2714 1093 2775 ut
1119 2733 1178 2776 sua

164 2813 190 2853 ⁸0
227 2797 311 2861 otius
339 2796 461 2881 pietate
489 2815 585 2878 quam
614 2794 719 2859 aliena
746 2793 842 2860 uenia
874 2797 1032 2879 uteretur,
1068 2816 1176 2861 comes

202 2818 366 2945 lraternae
388 2880 460 2945 neci
482 2899 549 2943 non
572 2877 684 2944 defuit.

268 2964 325 3029 VI.
354 2963 535 3028 Artissimis
551 2964 719 3048 sanguinis
741 2963 879 3028 uinculis
902 2963 1005 3047 pietas
1028 2965 1108 3028 satis
1130 2965 1177 3029 fe·

272 3172 287 3220 2
306 3165 449 3220 defectum
467 3164 514 3232 (de
532 3180 567 3220 ca
584 3167 621 3218 ad
638 3165 718 3235 corr.)
737 3165 777 3227 L,
797 3157 939 3220 adfectum
956 3165 985 3218 A
1005 3166 1015 3234 ΙΙ
1035 3170 1052 3218 4
1069 3166 1176 3235 iupiter

203 3234 243 3287 L¹
256 3235 295 3302 lo
312 3233 388 3286 iacto
406 3233 443 3287 L¹
457 3233 467 3301 ll
478 3231 555 3286 illius
572 3232 613 3296 L,
632 3232 718 3286 ullius
736 3234 763 3286 A
775 3234 813 3302 lss
831 3231 961 3301 proprior
979 3231 1059 3287 L¹A¹
1073 3235 1083 3312 l
1099 3241 1116 3290 8
1134 3234 1176 3290 le·

202 3301 294 3369 gionis
312 3299 393 3354 L¹A¹
411 3302 421 3370 ΙΙ
441 3307 473 3356 10
490 3300 607 3355 dextera
626 3301 707 3355 L¹A¹
729 3302 739 3369 11
759 3307 789 3354 11
809 3300 936 3368 optinere
956 3300 990 3354 eir
1004 3300 1097 3355 uoluit
1114 3317 1176 3370 aas,

203 3369 334 3423 obtinens
352 3367 425 3436 (asp.
444 3386 477 3422 ns
489 3385 524 3422 m.
538 3369 634 3424 tadu.
652 3371 695 3434 re)
708 3368 747 3437 L,
768 3368 897 3436 optinere
911 3367 1001 3422 uoluit
1011 3369 1051 3422 Αἱ
1069 3375 1096 3425 et
1108 3371 1174 3426 dett.

202 3436 268 3499 mci,
288 3435 411 3503 optineri
428 3436 526 3491 uolens
544 3439 582 3489 11²
599 3437 609 3504 ll
628 3441 659 3489 15
677 3437 773 3504 posset
790 3436 871 3489 L¹A¹
889 3437 899 3503 ll
917 3440 948 3490 18
967 3435 1083 3504 pietatis
1100 3438 1173 3492 Μ’

204 3506 217 3573 ll
237 3508 270 3557 25
288 3519 319 3555 su
342 3503 468 3572 erposuit
484 3504 553 3558 Por.
566 3504 576 3570 ΙΙ
589 3505 650 3556 iace
670 3502 784 3556 subdita
800 3504 879 3568 Par„
896 3503 1003 3568 confert
1020 3504 1096 3558 IIII
1111 3509 1138 3569 7,
1156 3510 1173 3558 1

203 3577 228 3626 et
248 3569 312 3624 VII
329 3570 351 3622 I
364 3573 384 3626 2
401 3577 453 3628 ext.
470 3575 488 3624 9
505 3570 593 3624 Halm
605 3569 616 3638 ΙΙ
628 3575 659 3623 31
679 3570 819 3625 fraternae
838 3572 893 3638 (ter
910 3573 976 3624 Μ
993 3586 1013 3628 a.
1033 3571 1061 3638 l.)
1080 3571 1107 3624 L
