2550 3958
131 142 202 198 LlB.
216 143 250 196 11.
262 141 471 209 CAP.10,5—8.
490 141 553 196 Ext.
563 147 617 200 1.2.
645 141 770 195 LlB.lII.
789 141 929 209 cAP.1,1.
972 143 1036 208 499

128 300 164 359 P.
182 295 297 360 Rutilio
318 300 350 358 in
374 300 496 360 exilium
519 300 641 359 abeunti
664 317 767 358 omnes
788 300 926 360 ciuitates
941 301 1035 363 totius
1053 307 1069 358 ὅ

61 385 159 444 Asiae
180 384 297 461 legatos
321 384 442 445 obuiam
463 384 625 462 miserunt,
649 383 708 444 sibi
730 402 863 460 quaeque
884 386 961 446 tanti
976 385 1034 445 uiri

57 469 284 545 praeripientes
307 487 466 533 secessum.

128 551 163 613 0.
181 553 310 613 Marium
332 554 364 612 in
385 553 504 630 priuata
525 553 614 612 domo
637 553 799 613 Minturnis
822 553 954 613 clausum
975 571 1034 613 ear·
1053 561 1068 610 6

29 651 123 697 suus
146 638 287 713 publicus
309 639 430 698 natione
446 636 575 710 Cimber,
599 638 706 698 missus
729 639 764 697 ut
786 637 941 714 oeeideret,
965 639 1034 698 stri-

59 726 146 783 etum
168 723 301 800 gladium
323 727 429 782 tenem
452 723 574 800 adgredi
595 741 656 782 nou
678 722 832 784 sustinuit.

128 807 170 867 M.
193 807 316 868 Poreius
339 804 431 884 Cato,
463 807 558 866 inuito
581 805 614 869 (l.
639 805 763 866 Caesare
797 825 856 868 eos.
891 807 1068 868 aduersus?

58 891 239 968 publieanos
261 892 293 951 in
316 891 398 951 ouria
419 891 543 951 dieando
565 911 633 951 oum
655 891 734 951 diem
749 891 889 951 traxisset
904 893 934 950 et
948 891 1032 951 iussu

60 975 199 1036 Caesaris
221 995 238 1034 a
259 976 365 1036 liotore
387 976 419 1034 in
441 993 586 1036 careerem
607 973 779 1050 duoeretur,
812 975 951 1035 tomitem
974 976 1032 1035 sibi

19 1076 44 1117 ιο
59 1061 212 1137 populum
233 1061 345 1121 habuit.

129 1144 245 1205 Eodem
268 1143 382 1206 Catone
403 1144 490 1204 ludos
513 1143 648 1204 Florales
669 1148 836 1224 spectante,
859 1163 934 1220 quos
956 1144 1031 1204 Mes·
1051 1151 1067 1201 8

61 1230 125 1288 sius
147 1229 254 1289 aedilis
276 1229 393 1302 edebat,
422 1228 552 1305 populus
580 1231 615 1288 ut
643 1229 751 1289 mimae
773 1228 959 1289 nudarentur
981 1249 1032 1304 po·

62 1314 179 1374 stulare
207 1314 336 1373 erubuit.
382 1313 463 1388 quod
491 1332 558 1373 eum
580 1333 597 1372 a
618 1314 752 1374 Fauonio
774 1314 952 1374 amicissimo
975 1313 1032 1372 sibi

61 1413 124 1456 una
146 1396 268 1457 sedente
290 1397 482 1474 cognouisset
505 1395 587 1471 Cato,
609 1398 747 1458 discessit
768 1416 784 1457 e
807 1398 937 1458 theatro.

19 1498 46 1540 re
128 1481 287 1541 Harmodii
313 1485 343 1542 et
370 1481 602 1559 Aristogitonis,
626 1482 679 1558 qui
700 1482 832 1542 Athenas
859 1481 1019 1558 tyrannide
1030 1486 1085 1528 nze.

61 1566 284 1637 liberationum,
307 1565 423 1642 effigies
446 1585 551 1626 aeneas
573 1566 684 1627 Xerxes
708 1586 742 1625 ea
764 1566 838 1626 urbe
861 1566 978 1625 deuicta
1000 1565 1032 1625 in

63 1668 192 1727 regnum
215 1667 302 1709 suum
324 1651 493 1710 transtulit:
533 1653 638 1724 postea
660 1649 800 1710 Seleucus
822 1651 854 1708 in
876 1649 1033 1725 pristinam

64 1735 169 1794 sedem
190 1735 364 1809 reportauit.
404 1735 513 1794 Rhodii
535 1752 654 1810 quoque
677 1753 725 1794 eas
747 1734 817 1792 urbi
839 1751 908 1792 suae
931 1733 1034 1810 adpul-

64 1837 127 1895 sas,
151 1836 217 1877 eum
239 1819 271 1877 in
292 1818 455 1895 hospitium
477 1819 597 1894 publice
610 1818 805 1894 inuitassent,
829 1819 921 1878 saeris
943 1819 1033 1877 etiam

22 1923 51 1963 ao
65 1904 99 1962 in
120 1903 329 1979 puluinaribus
351 1903 584 1963 oolloeauerunt.
1091 1963 1094 1971 ,

129 1988 311 2048 Xenocrates
333 1987 527 2048 Atheniensis
555 1987 762 2048 testimonium
785 1987 881 2048 dicere
903 1990 1066 2061 eoactum

65 2091 133 2131 eum
155 2072 193 2131 ed
215 2091 297 2131 aram
320 2072 506 2146 secessisset,
528 2076 564 2131 ut
585 2090 668 2132 more
690 2071 754 2132 eius
776 2073 908 2133 ciuitatis
922 2073 1034 2132 iuraret

65 2157 166 2215 omnia
187 2175 217 2217 se
240 2175 310 2217 uera
331 2157 502 2232 rettulisse,
530 2157 643 2216 uetitus
666 2159 712 2216 est
741 2159 839 2216 iurare
868 2156 1034 2218 sinceritati

19 2265 20 2268 ¹
65 2241 130 2300 eius
151 2241 184 2300 id
203 2242 350 2301 iudicibus
373 2240 593 2301 eoncedendum
615 2241 867 2302 existimantibus.

448 2477 650 2485 W

19 2657 54 2704 {se
378 2639 507 2705 LIBER
528 2637 727 2704 TERTIVS.

382 2831 383 2834 =
427 2797 481 2855 DE
503 2794 667 2855 INDOLE.

131 2899 276 2958 Aemilius
287 2898 419 2974 Lepidus
434 2916 508 2974 puer
524 2897 685 2954 etiamnum
700 2915 875 2974 progressus
890 2897 922 2955 in
937 2895 1081 2966 acieml,l

68 2983 182 3042 hostem
205 2982 372 3054 interemit,
396 2983 491 3043 eiuem
514 2981 658 3056 seruauit,
682 2981 806 3057 ideoque
829 2982 855 3040 ei
878 2983 978 3041 statua
999 2981 1032 3041 in

70 3065 213 3142 Capitolio
236 3067 366 3126 ineineta
390 3067 542 3142 praeterita
564 3083 600 3124 ex
623 3085 645 3125 s.
662 3084 686 3125 o.
710 3067 809 3141 posita
832 3067 888 3125 est.

133 3253 148 3302 3
166 3245 318 3302 discessum
335 3247 393 3301 eod.
410 3245 510 3313 Halm,
529 3262 577 3305 em.
589 3245 689 3301 Gens*
708 3244 795 3304 Ναὶ.
808 3247 818 3314 u
833 3250 864 3300 10
881 3244 1032 3436 pojumd

69 3315 131 3372 add.
150 3314 232 3369 immo
249 3313 378 3369 senatum
395 3330 457 3367 arar
475 3315 505 3382 ,ΙΙ
518 3319 550 3368 lo
567 3313 707 3368 harmonii
727 3315 737 3382 11
761 3318 793 3367 16
810 3329 906 3368 xerses
950 3315 1011 3367 241

68 3382 203 3438 iudicibus
222 3387 287 3450 pest
308 3381 401 3436 iurare
423 3399 441 3437 a
462 3381 589 3437 dideram
606 3398 620 3436 e
639 3380 709 3448 Vut,
731 3387 797 3460 post
814 3381 874 3436 eius
891 3399 909 3436 a
930 3381 958 3436 d.
976 3381 1031 3438 hoe

68 3450 203 3504 iudicibus
228 3449 336 3516 (ierim,
359 3464 409 3504 om.
429 3450 487 3504 cod.
505 3449 591 3504 Halm
615 3451 625 3518 ΙΙ
649 3454 681 3503 27
701 3453 855 3504 etramnum
874 3454 1031 3506 wastaatel·

68 3520 144 3584 Per,
163 3518 327 3572 etiamtum
347 3516 446 3573 Gertz*
464 3534 478 3572 e
498 3517 560 3571 Vnt.

824 3604 877 3660 32*
