2608 3952
205 168 269 233 276
625 165 693 223 LIB.
711 167 762 227 VI.

200 321 350 384 aeternae
379 319 533 383 traditam
561 321 733 384 memoriae
756 319 892 386 Graecia
918 321 1067 388 laudibus
1092 345 1183 392 sum-

199 405 259 469 mis
282 403 474 469 celebrando
496 403 616 469 cotidie
637 404 856 470 florentiorem
879 405 990 471 efficit.

263 505 294 570 2.
311 504 544 569 Vehementius
560 504 631 589 hoo,
646 505 728 570 illud
744 505 975 571 consideratius
992 509 1180 592 exemplum

220 589 379 656 udioitiae.
418 591 559 655 exercitu
583 593 615 654 et
638 590 738 674 copiis
761 590 1049 675 Gallograecorum
1072 615 1092 656 a
1117 593 1179 662 On.

171 613 321 741 sllllanIIo
344 675 475 739 consule
496 675 530 738 in
548 673 686 758 Olympo
709 679 819 738 monte
841 678 987 758 exparte
1004 675 1119 741 deletis
1136 699 1179 742 ex

198 764 290 844 parte
313 761 428 844 captis,
453 758 660 844 Orgiagontis
682 759 786 844 reguli
807 780 889 824 uxor
911 760 1012 825 mirae
1027 761 1176 845 pulchri-

197 845 319 909 tudinis
346 867 366 908 a
394 845 595 924 centurione,
625 843 677 908 cui
704 842 914 908 custodienda
942 845 1063 910 tradite
1092 851 1177 930 erat,

198 933 344 1012 stuprum
366 929 434 1012 pati
456 931 582 1010 coacta,
608 931 780 1012 postquam
801 931 935 993 uentum
963 932 1012 994 est
1040 933 1077 994 in
1098 951 1176 995 aum

199 1016 323 1096 locum,
352 1013 388 1078 in
415 1034 510 1097 quem
533 1013 678 1077 centurio
705 1013 803 1076 misso
832 1015 949 1078 nuntio
973 1016 1176 1080 necessarios

161 1121 186 1161 ro
199 1099 342 1163 mulieris
364 1099 520 1181 pretium,
542 1118 605 1181 quo
628 1118 700 1161 eam
721 1096 932 1175 redimerent,
964 1097 1089 1163 adferre
1111 1100 1178 1164 ius-

201 1186 302 1263 serat,
325 1202 439 1245 aurum
460 1182 661 1265 expendente
684 1182 872 1246 centurione
895 1186 928 1246 et
948 1182 985 1246 in
1007 1183 1076 1248 eius
1096 1205 1180 1267 pon-

202 1267 261 1332 dus
284 1267 391 1331 animo
415 1265 580 1350 oculisque
595 1268 723 1331 intento
739 1266 958 1351 Gallograecis
974 1267 1086 1353 lingua
1126 1289 1182 1333 en-

200 1352 244 1416 tis
278 1371 353 1415 suae
385 1351 560 1434 imperauit
591 1354 630 1415 ut
663 1371 735 1415 eum
769 1351 963 1416 occiderent.
1013 1353 1082 1417 inte
1115 1353 1180 1417 eoti
1297 1383 1300 1396 ·

203 1435 317 1501 deinde
334 1439 432 1519 caput
447 1436 606 1500 abscisum
621 1436 770 1500 manibus
791 1436 934 1500 retinens
949 1435 990 1500 ad
1004 1437 1180 1520 coniugem

166 1541 191 1583 rs
204 1522 296 1585 uenit
317 1521 506 1604 abiectoque
528 1522 603 1584 ante
624 1520 723 1603 pedes
746 1521 814 1584 eius
835 1521 972 1585 iniuriae
995 1524 1028 1585 et
1042 1520 1181 1586 ultionis

205 1627 281 1670 suae
309 1606 455 1671 ordinem
483 1605 640 1688 exposuit.
690 1604 783 1669 huius
811 1603 951 1669 feminae
982 1604 1060 1689 quid
1091 1606 1181 1670 aliud

205 1691 376 1776 quisquam
403 1711 499 1774 quam
527 1710 643 1772 corpus
668 1688 705 1753 in
732 1692 925 1772 potestatem
953 1688 1097 1754 hostium
1125 1713 1180 1755 ue-

201 1778 289 1840 nisse
312 1775 422 1840 dicat?
456 1795 532 1838 nam
553 1794 657 1857 neque
679 1774 807 1838 animus
829 1774 918 1838 uinci
939 1795 1000 1839 nec
1021 1775 1182 1855 pudicitia

207 1861 280 1944 capi
300 1859 418 1944 potuit.

167 1982 193 2022 so
269 1961 300 2025 3.
337 1959 553 2025 Teutonorum
578 1980 654 2023 uero
682 1959 835 2042 coniuges
856 1958 997 2025 Marium
1023 1958 1182 2025 uictorem

204 2048 339 2110 orarunt
366 2049 403 2109 ut
425 2044 465 2108 ab
488 2065 525 2108 so
547 2043 724 2129 uirginibus
747 2043 932 2108 Vestalibus
963 2043 1047 2108 dono
1072 2045 1183 2109 mitte·

204 2133 331 2206 rentur,
354 2128 560 2194 adfirmantes
582 2149 683 2212 aeque
706 2149 739 2191 se
762 2132 857 2212 atque
876 2128 949 2191 illas
974 2127 1078 2192 uirilis
1101 2150 1179 2194 con-

206 2213 331 2278 cubitus
360 2217 507 2297 sxpertes
535 2215 676 2296 futuras,
709 2233 810 2294 eaque
839 2233 874 2276 re
906 2233 973 2277 non
1005 2213 1182 2296 impetrata

204 2298 327 2382 laqueis
349 2299 411 2362 sibi
438 2301 533 2363 nocte
559 2297 705 2381 proxima
731 2297 882 2380 spiritum
910 2297 1107 2381 eripuerunt.
1146 2298 1181 2362 di

169 2400 196 2442 ss
209 2382 339 2465 melma,
362 2382 449 2466 quod
470 2381 557 2447 hunc
580 2384 722 2446 animum
744 2382 823 2445 uiris
844 2403 955 2447 earum
976 2381 1012 2445 in
1028 2382 1096 2447 acis
1111 2404 1182 2448 non

278 2608 290 2654 1
310 2603 425 2655 summis
442 2600 575 2654 Foerlaclr
591 2600 632 2653 II
645 2603 690 2666 27,
709 2600 766 2652 suis
783 2600 843 2654 LA
859 2599 947 2654 Halm
964 2601 975 2668 11
995 2605 1011 2653 2
1029 2598 1124 2654 effecit
1139 2601 1181 2655 A¹

206 2672 215 2741 11
232 2677 248 2725 3
265 2669 319 2723 litt.
336 2668 408 2722 illud
420 2698 452 2706 -
464 2668 535 2736 pudi
551 2669 584 2720 iu
600 2684 656 2723 ras.
673 2668 701 2721 A
713 2668 751 2735 115
769 2667 874 2720 manlio
891 2669 971 2734 Par,
989 2683 1040 2721 om.
1058 2667 1100 2732 L,
1117 2685 1178 2723 ma-

207 2737 276 2792 nilio
288 2738 327 2791 A¹
344 2742 369 2790 et
387 2751 482 2805 murpo
500 2737 527 2789 L
539 2736 577 2803 116
596 2735 859 2814 orgiagonlisLA1,
877 2741 910 2789 at
921 2735 989 2790 Lia.
1004 2735 1186 2790 XXXVIII

206 2809 251 2872 24,
269 2807 289 2860 2
307 2809 332 2858 et
350 2804 384 2858 de
400 2805 456 2858 atr.
469 2803 509 2856 ill.
520 2805 563 2866 55,
583 2804 753 2874 orgiacontis
771 2804 809 2856 A²
825 2803 895 2861 Par.
914 2803 1002 2857 Halm
1018 2819 1080 2857 cum
1098 2805 1180 2862 codd.

206 2873 306 2930 Bamb.
319 2877 345 2927 et
356 2867 462 2926 Naaar.
476 2869 563 2924 Flori
574 2870 614 2924 II
623 2876 657 2926 11
670 2871 746 2937 (127
757 2870 870 2938 Iatap.
884 2873 928 2934 46,
940 2872 996 2938 16),
1008 2875 1039 2924 at
1049 2871 1178 2940 Polybio,

206 2941 374 3006 Plutarcho,
397 2937 503 2993 Saldae
521 2943 560 2992 est
577 2934 736 3007 Ὀρτιάγων
753 2944 785 2992 at
797 2938 864 2995 Liu.
881 2939 898 2992 1.
911 2955 935 2992 c.
948 2942 991 3004 19,
1002 2941 1022 2992 2
1034 2939 1072 3006 117
1090 2940 1182 2994 cuato-

211 3008 309 3063 diendi
326 3010 365 3062 A¹
382 3008 392 3076 11
413 3013 429 3062 9
446 3007 477 3059 in
495 3005 593 3083 quem]
613 3007 679 3060 add.
699 3007 719 3059 I.
731 3005 762 3063 P.
775 3005 852 3059 iussu
871 3006 991 3059 consulis
1008 3021 1104 3074 marco
1121 3007 1149 3060 A
1168 3023 1182 3061 c

208 3078 289 3142 Pan,
301 3093 340 3130 uu
352 3080 512 3142 coemptam
524 3089 539 3126 e
552 3090 637 3127 mrsso
650 3073 769 3127 nuntio?
782 3074 792 3142 1
806 3080 837 3127 10
849 3071 1003 3128 redimeret
1011 3074 1049 3126 L¹
1062 3074 1073 3142 11
1087 3079 1118 3127 12
1131 3075 1183 3128 uni

210 3161 244 3198 ex
263 3144 496 3214 gallograecis-
509 3143 541 3194 ut
559 3157 623 3194 cum
642 3140 784 3195 occideret
800 3142 885 3204 Par..
929 3142 986 3194 aod
1003 3157 1101 3195 aenan
1117 3142 1181 3200 aid.

209 3213 325 3266 Halmio
348 3211 408 3266 coll.
425 3209 524 3279 Polyb.
543 3209 642 3262 XXII
658 3212 707 3271 21,
725 3213 755 3274 9,
780 3215 811 3261 at
825 3209 900 3286 Isiu.
912 3157 940 3261 d
963 3225 997 3271 a,
1022 3209 1097 3286 ande
1114 3210 1183 3266 haec

210 3279 306 3334 masii
326 3279 403 3344 Vct,
422 3278 593 3345 stringerent
610 3279 715 3330 ferrum
727 3275 1024 3396 —occ1derentp15
1042 3275 1184 3347 adrectoq.

210 3347 293 3401 ΙᾺΑι
314 3347 324 3415 11
346 3347 392 3400 ei*
409 3360 479 3400 corr.
497 3362 531 3400 ea
549 3347 609 3399 eius
626 3346 654 3398 A
674 3344 684 3412 11
706 3349 738 3397 18
754 3359 821 3396 nam
839 3359 931 3412 neque
994 3344 1069 3410 dett,
1086 3361 1184 3414 namq.

210 3414 258 3478 A¹,
283 3430 349 3466 nam
371 3429 424 3466 nec
445 3414 483 3466 A²
507 3415 517 3482 11
541 3419 573 3466 20
595 3412 795 3466 teuthonorum
819 3411 908 3474 L¹A¹‚
935 3412 1111 3466 teutonicorir
1133 3413 1184 3480 Le,

210 3480 458 3600 {gumumlffl‘
476 3481 486 3547 11
504 3486 535 3534 21
555 3481 707 3534 orauerunt
723 3478 792 3532 Par.
806 3479 816 3545 11
833 3483 866 3530 24
884 3477 929 3532 die
948 3479 1038 3545 L¹A¹,
1057 3479 1097 3532 dii
1115 3481 1156 3534 Α2
1169 3483 1180 3550 11

263 3561 353 3599 acrem

1290 3275 1293 3320 l

1281 3581 1292 3921 l
