2606 3958
214 161 277 228 376
611 157 680 212 ue.
699 157 771 215 vm.

216 315 264 377 est
279 311 408 377 edoctus
431 311 470 377 de
492 311 651 376 industria
672 309 840 376 Claudium
861 309 1059 394 praedictum
1083 331 1192 376 sucer-

216 397 327 461 dotum
349 397 580 481 suppressisse,
610 395 765 460 continuo
787 393 880 459 illum
902 394 1076 475 Calpurnio
1100 395 1191 460 dam·

217 481 321 561 nauit,
356 502 481 548 summa
507 481 636 565 quidem
664 500 737 545 cum
764 479 940 563 aequitate,
974 480 1050 564 quia
1080 481 1191 546 bonae

216 566 291 632 fidei
313 566 513 632 uenditorem
536 586 595 629 nec
617 563 845 630 conmodorum
868 585 958 648 spem
985 585 1106 650 augere
1128 587 1191 630 nec

191 651 494 717 rincommodorum
517 649 736 734 cognitionem
757 649 928 714 obscurare
951 650 1086 732 oportet.

281 737 312 800 2.
348 735 472 801 Notum
501 736 566 799 suis
592 733 790 817 temporibus
817 733 972 798 iudicium
994 754 1191 798 commemo-

218 821 305 905 raui,
330 820 384 886 scd
399 841 440 884 ne
477 818 541 883 uod
555 819 717 882 relaturus
733 818 861 902 quidem
883 840 954 883 sum
977 817 1191 885 obliteratum
1288 827 1289 904 3

218 905 357 970 silentio.
399 904 434 970 O.
456 841 610 968 ilisellius
632 902 736 968 Varro
765 903 856 988 graui
882 902 996 967 morbo
1023 908 1192 988 correptus

218 992 366 1054 trecenta
386 988 477 1052 milia
499 1007 666 1052 nummum
682 988 723 1052 ab
739 986 877 1052 Otacilia
892 987 1091 1070 Laterensis,
1114 1010 1190 1053 cum

180 1095 206 1134 ιο
220 1095 283 1158 qua
312 1072 538 1138 commercium
567 1071 710 1136 lrbrdmrs
738 1071 911 1154 habuerat,
942 1093 1081 1156 expensa
1108 1071 1190 1138 ferri

219 1158 281 1222 sibi
326 1178 413 1221 assus
444 1159 493 1221 est
521 1177 558 1220 eo
587 1157 739 1237 consilio,
767 1160 803 1220 ut
852 1157 879 1220 si
912 1155 1118 1238 decessisset,
1146 1159 1191 1222 ab

219 1180 390 1307 heredibus
413 1262 483 1305 eam
506 1261 662 1306 summam
683 1208 821 1324 peteret:
845 1262 940 1324 quam
961 1241 1062 1326 legati
1083 1263 1192 1326 genus

221 1346 289 1391 csse
312 1325 432 1407 uoluit,
455 1325 662 1391 libidinosam
685 1326 913 1390 liberalitatem
934 1326 1034 1390 debiti
1056 1328 1192 1392 nomine

222 1410 408 1476 colorando.
462 1410 564 1475 euasit
596 1409 712 1474 deinde
745 1430 784 1475 ex
816 1409 873 1474 illa
906 1413 1099 1496 tempestate
1133 1413 1191 1476 ad·

181 1517 333 1560 reuersus
365 1499 443 1560 uota
476 1495 642 1561 Otaciliae.
698 1516 780 1578 quac
810 1495 946 1575 offensa,
986 1496 1072 1578 quod
1098 1518 1191 1580 spem

220 1580 357 1665 praedae
385 1601 462 1645 suae
489 1583 592 1644 morte
621 1600 687 1643 non
709 1581 917 1662 maturasset,
948 1600 987 1644 ex
1009 1581 1113 1644 amica
1135 1583 1192 1648 ob

221 1666 368 1750 sequenti
391 1665 496 1730 subito
512 1665 699 1729 destrictam
714 1663 939 1728 feneratricem
960 1686 1056 1749 agere
1072 1666 1190 1749 coepit,

221 1771 368 1815 nummos
391 1749 545 1834 petendo,
574 1770 654 1833 quos
682 1751 718 1812 ut
744 1748 851 1814 fronte
879 1749 1112 1832 inuerecunda,
1142 1751 1192 1816 ita

222 1836 314 1900 inani
335 1833 544 1918 stipulatione
561 1836 755 1917 captauerat.
793 1835 831 1897 de
852 1855 916 1918 qua
937 1855 971 1898 re
988 1833 1023 1902 Ο.
1040 1834 1192 1918 Aquilius

184 1941 209 1979 ro
222 1921 274 1985 uir
296 1940 432 2004 magnae
455 1918 657 1984 auctoritatis
679 1922 712 1983 et
740 1918 874 1982 scientia
901 1919 981 1982 iuris
1010 1919 1115 1984 ciuilis
1138 1942 1192 1984 ex·

223 2003 342 2069 callens
364 2005 459 2068 iudex
488 2003 643 2068 adductus
670 2001 823 2066 adhibitis
850 2003 884 2066 in
907 2002 1075 2067 consilium
1102 2006 1193 2087 prin-

223 2089 347 2171 cipibus
369 2089 510 2152 ciuitatis
524 2087 697 2172 prudentia
712 2090 744 2150 et
764 2087 921 2172 religione
944 2109 1002 2152 sua
1022 2088 1192 2155 mulierem

223 2173 375 2255 reppulit.
421 2173 505 2256 quod
527 2173 556 2237 si
577 2171 688 2236 eadem
710 2171 848 2236 formula
863 2170 967 2237 Varro
988 2175 1022 2236 et
1044 2173 1193 2239 damnari

224 2259 257 2320 et
279 2257 319 2321 ab
342 2256 523 2322 aduersaria
545 2257 668 2322 absolui
690 2256 864 2340 potuisset,
887 2257 954 2321 eius
976 2278 1103 2343 quoque
1124 2281 1193 2323 non

185 2360 211 2401 25
225 2340 336 2406 dubito
353 2341 431 2425 quin
452 2345 578 2426 turpem
602 2345 635 2406 et
656 2341 877 2406 inconcessum
893 2363 1031 2406 errorem
1053 2343 1195 2408 libenter

294 2532 307 2579 1
327 2526 451 2580 edictum
470 2525 547 2588 Dr;
571 2530 601 2580 at
622 2525 658 2592 cf.
681 2526 723 2582 ed.
745 2541 832 2581 meam
849 2527 914 2581 mai.
939 2542 969 2593 p.
989 2531 1041 2582 609
1062 2529 1072 2596 ΙΙ
1094 2534 1109 2581 2
1127 2545 1194 2598 snp-

224 2594 357 2664 pressitse
376 2594 447 2647 Lm
460 2595 498 2661 114
517 2607 644 2661 augurer
661 2595 699 2647 Α1
718 2599 830 2650 eteros.
848 2611 876 2646 m
894 2594 922 2648 L
938 2595 949 2662 ss
966 2601 981 2649 5
998 2597 1193 2650 incommodo·

225 2677 285 2740 rem
303 2662 340 2715 L¹
362 2663 372 2730 ΙΙ
394 2668 408 2716 7
427 2661 533 2715 relatus
550 2660 622 2783 Ali
641 2662 690 2742 sris
706 2663 758 2726 A2,
785 2661 836 2739 sub
860 2660 886 2715 L
914 2667 952 2728 et,
971 2667 1004 2716 ut
1020 2663 1095 2730 uid,
1117 2664 1157 2717 Al

226 2728 435 2784 obliterandum
452 2745 527 2783 anus
548 2728 601 2784 Lea
622 2745 707 2793 rasas,
735 2729 917 2784 obhteratum
941 2733 984 2783 est
1010 2730 1072 2786 edd.
1096 2736 1163 2786 cett.

226 2803 241 2852 9
266 2797 381 2876 otaciiia
405 2798 445 2851 Α2
467 2797 549 2858 Par..
579 2797 711 2877 octacilia
735 2797 761 2850 b.
784 2797 801 2855 l.
829 2802 854 2852 et
880 2797 1056 2876 iufraLA¹
1078 2799 1090 2867 ll
1110 2798 1195 2854 Late-

225 2866 516 2988 tlnilultlallt'll
530 2864 1166 3003 rtutlttrlsttltttufftfet.

227 3004 259 3053 15
280 3001 350 3054 uota
373 2999 400 3053 L
423 3004 448 3054 ct
470 2999 535 3057 dett.
562 3001 615 3054 mci
641 3015 727 3065 orna,
758 3015 808 3054 ora,
830 3001 869 3053 A¹
889 3001 900 3068 ΙΙ
922 3006 952 3054 lt
976 3001 1131 3056 districtam
1154 3004 1195 3057 Α2

228 3068 240 3136 Η
261 3073 292 3120 21
311 3067 438 3122 addictus
460 3067 601 3133 Vorstias;
620 3072 650 3122 ot
667 3085 694 3122 u.
718 3067 801 3126 VIII
814 3071 876 3132 2,1
898 3069 908 3136 ΙΙ
929 3075 961 3122 23
980 3084 1037 3135 quo
1054 3070 1079 3122 si
1095 3069 1192 3140 122114

226 3151 310 3189 uarro
329 3137 359 3189 et
376 3135 400 3188 si
417 3135 546 3189 damnari
559 3135 599 3201 L,
620 3135 649 3189 et
666 3150 748 3188 uarro
766 3135 895 3189 damnari
913 3137 952 3190 Α2
965 3136 974 3204 ΙΙ
987 3141 1020 3188 24
1039 3136 1074 3190 ab
1093 3136 1195 3192 adnar-

226 3201 302 3256 saria
319 3203 451 3258 Focrtscb
468 3202 527 3256 III
541 3205 581 3258 22
597 3207 622 3258 ct
640 3201 763 3272 Mucluip
779 3203 820 3257 II
833 3206 883 3258 330
900 3204 959 3258 coll.
983 3203 1039 3261 Gir.
1077 3221 1099 3263 r.
1117 3209 1195 3262 Rosc.

227 3285 293 3324 com.
312 3273 356 3336 12,
374 3274 410 3325 36
427 3275 452 3324 et
469 3273 511 3335 14,
527 3273 576 3337 40,
599 3271 656 3338 idq.
670 3271 871 3338 probaturam
890 3271 1009 3338 Gerar,
1032 3219 1196 3328 aduersario

227 3338 269 3402 L,
293 3338 470 3392 aduersarius
491 3339 542 3402 A¹,
562 3337 743 3394 aduersaria*
761 3339 812 3403 ΑΞ,
838 3356 866 3393 a.
889 3344 1042 3407 arepertum
1061 3339 1197 3395 Torrcm'o

227 3405 309 3458 uuus
330 3405 533 3459 incluserumus
553 3421 604 3460 uos
626 3410 654 3460 et
675 3404 763 3459 Halm
786 3407 795 3473 ΙΙ
818 3412 851 3462 26
874 3407 924 3472 qui
944 3408 974 3459 in
997 3408 1024 3461 L
1041 3408 1051 3476 ΙΙ
1069 3423 1198 3462 errorem

229 3469 338 3533 defend.
355 3470 488 3526 Foertscb
509 3473 527 3526 l.
546 3489 582 3536 a,
605 3489 644 3526 aa
662 3477 809 3527 amorem?
832 3473 932 3542 Halm,
952 3479 1093 3529 feruorem
1111 3475 1199 3530 Mud-
1288 3523 1289 3542 p

228 3535 279 3602 uip
297 3536 314 3589 l.
332 3553 364 3604 a,
383 3538 513 3592 ardorem
532 3538 636 3594 Gertz*
