2590 3948
209 177 275 232 XVI
581 175 799 234 PRAEFATIO.

208 334 246 396 ut
266 330 302 394 in
317 328 439 393 Halmii
461 311 606 412 exemplo
628 333 762 414 utraque
785 330 923 414 epitome
945 332 1046 396 multo
1069 353 1175 397 emon·
1239 375 1240 378 =

210 414 325 493 ditior,
348 417 386 478 ut
407 413 476 496 ipse
498 414 555 511 811Ι
566 411 681 499 (praef.
703 413 825 500 pellI),
854 415 999 499 prodiret
1021 438 1118 500 quam
1140 416 1175 481 in
1258 447 1259 460 ι

212 499 353 564 editione
374 498 433 562 ssla
454 499 609 582 principe.
641 499 762 563 mansit
774 505 884 565 tamen
898 501 979 564 mihi
998 500 1079 565 illud
1093 501 1176 566 desi-

211 585 334 648 derium
357 583 480 647 Paridis
503 582 616 647 saltem
639 583 781 648 codicem
805 586 934 667 penitus
949 585 1172 668 permanendi,

210 669 396 753 praesertim
425 689 499 732 eum
521 665 559 731 R.
583 667 716 752 Dilthey
742 689 845 747 meus,
875 690 946 733 eum
975 691 1061 734 enno
1093 669 1174 734 1867

210 755 334 818 Romae
348 755 539 830 uersaretur,
562 757 694 842 rogatus
716 773 736 816 o
757 774 808 816 me
823 754 919 836 primi
941 754 1016 818 libri
1031 755 1174 852 quinque
1219 789 1228 808 ο

211 838 319 921 capite
340 858 412 901 oum
435 835 556 900 Halmii
579 836 752 920 exemplari
775 837 892 902 ooilets
913 839 952 903 nd
969 860 1019 903 me
1035 843 1176 903 misisset

210 923 442 1005 certioremque
461 942 513 984 me
535 920 663 986 fecisset
684 923 784 986 mults
812 923 847 987 in
870 923 936 988 illis
957 944 1121 1007 superesse
1143 927 1177 987 et

211 1007 401 1090 corrigenda
422 1009 455 1068 et
476 1005 634 1069 addenda.
677 1012 873 1090 quapropter
894 1030 922 1072 a.
952 1009 1029 1072 1871
1054 1007 1133 1091 potii
1158 1029 1176 1070 a

211 1093 328 1156 iuuene
350 1090 537 1155 doctissimo
559 1089 600 1154 Η.
625 1090 743 1168 Krene,
767 1091 823 1155 Dr.
846 1092 943 1176 phil„
973 1091 1075 1156 sodali
1095 1094 1176 1156 tune

211 1174 366 1258 temporis
388 1173 530 1238 instituti
557 1175 806 1259 nrohoeoiogiei‚
836 1180 873 1239 ut
899 1180 1003 1241 totum
1032 1175 1176 1242 oodioem

211 1262 330 1324 iterum
353 1259 523 1323 conferret.
564 1259 649 1343 quod
670 1259 789 1324 munus
809 1265 992 1344 susceptum
1015 1261 1069 1325 ille
1085 1281 1177 1324 exse·

212 1345 337 1409 tissima
359 1344 529 1427 diligentie
542 1345 588 1408 ita
603 1347 770 1409 exsec-utus
792 1347 849 1422 est
872 1349 909 1410 ut
929 1345 1010 1410 mihi
1028 1347 1068 1410 ad
1091 1365 1177 1409 mnr-

211 1431 320 1516 ginem
353 1427 547 1492 Holmisnee
575 1428 726 1494 editionis
759 1429 921 1514 integram
955 1430 1023 1495 eius
1056 1429 1177 1494 oodiois
1224 1433 1227 1440 '

211 1514 388 1598 scripturae
424 1515 612 1578 uarietatem
648 1517 802 1578 enotoret.
852 1535 956 1598 neque
989 1515 1021 1578 id
1056 1514 1179 1580 frustra

229 1607 336 1664 aetum
366 1619 433 1663 esse
467 1601 564 1663 notae
591 1599 720 1664 criticae
748 1600 839 1682 operi
866 1603 980 1664 nostro
1014 1599 1178 1663 subiectas

209 1673 382 1749 dooebunt.
426 1683 494 1746 iure
523 1687 631 1747 sutem
657 1683 783 1747 mireris
806 1683 861 1767 qui
885 1683 954 1747 fieri
968 1684 1120 1831 (potuerit
1142 1687 1180 1748 ut

213 1769 334 1832 a'Maio
352 1771 384 1830 et
398 1766 529 1830 Halmio
551 1771 602 1830 tot
622 1767 749 1852 singula
772 1768 871 1832 uerbo
892 1767 966 1832 Peri
989 1769 1016 1832 is
1044 1763 1179 1832 omnino

212 1853 450 1917 omitterentur:
467 1850 582 1914 desunt
597 1851 683 1915 enim
698 1852 733 1915 in
749 1873 859 1917 sorum
876 1851 1038 1936 exemplis,
1054 1855 1180 1915 utnon-

210 1937 302 2003 nulla.
324 1935 464 2012 offeram,
485 1938 516 2014 1,
535 1937 563 1998 1.
583 1938 598 1999 1
617 1935 750 2019 (pers,
767 1937 820 2018 15)
841 1957 1021 2016 serrorum
1045 1937 1120 2017 1,1.
1140 1937 1182 2000 10

214 2021 260 2108 (p.
284 2022 358 2101 474,
382 2019 437 2100 32)
458 2021 576 2098 seer&
602 2021 801 2104 1‚1.161(p.
821 2023 894 2102 475,
919 2021 973 2107 13)
994 2021 1182 2086 histrionem
1257 2055 1258 2120 5

236 2110 288 2171 ort
313 2125 465 2188 peterem
498 2105 574 2169 ibid.
598 2108 618 2185 ξ
641 2105 684 2168 20
711 2104 747 2190 (1.
770 2105 826 2186 26)
857 2105 1012 2185 Romem;
1046 2106 1080 2183 1,
1104 2105 1179 2169 6.1

213 2130 259 2276 dp.
275 2191 350 2271 478,
366 2188 422 2275 29)
446 2191 629 2269 dormieret&
654 2193 680 2266 1,
702 2191 766 2254 7.1
793 2194 836 2272 (p.
858 2190 932 2271 481,
954 2188 989 2278 7)
1012 2191 1183 2268 Artorius·

215 2278 245 2358 1,
260 2277 288 2339 7.
313 2278 375 2338 ext.
401 2273 441 2337 10
463 2276 508 2358 (p.
530 2274 604 2356 484,
629 2277 661 2355 7)
680 2275 842 2358 plantem
862 2273 893 2354 2,
908 2275 972 2338 2.1
997 2278 1040 2358 (p.
1056 2272 1130 2355 489,
1149 2275 1183 2355 1)

214 2383 237 2426 a
259 2359 446 2425 censoribus.
478 2357 663 2426 neopolim
685 2359 823 2443 singule,
847 2379 960 2423 uerum
982 2359 1079 2422 etiam
1095 2379 1182 2422 oom-

214 2445 308 2530 plura
329 2444 428 2507 uerba
449 2443 638 2525 omiserunt,
668 2444 757 2508 uelut
771 2443 808 2519 ,8,
824 2444 891 2508 114
914 2443 958 2528 (p.
973 2442 1052 2522 563,
1069 2443 1104 2526 8)
1128 2441 1181 2507 M.

216 2529 359 2606 nodio,
386 2527 421 2606 o.
446 2527 637 2593 florensis
659 2531 693 2592 ee
714 2528 747 2610 9,
765 2529 816 2592 ιο.
839 2532 902 2592 exe.
928 2533 943 2592 1
970 2527 1108 2612 (poss,
1127 2528 1166 2590 11
1253 2541 1256 2628 4

215 2614 410 2696 exprobrans
442 2615 471 2677 ei
503 2613 716 2679 insatiabilem
748 2633 889 2678 eruorem
919 2633 977 2696 pro
1012 2632 1065 2689 eo,
1095 2528 1183 2694 quod

216 2699 310 2782 edidi,
327 2699 450 2762 ereorr's
467 2699 563 2762 sitim.
592 2718 694 2780 pauco
709 2698 788 2761 haee
802 2697 950 2781 exempla
966 2695 1076 2760 Krusii
1091 2695 1183 2759 illam
1255 2737 1256 2782 1

219 2803 348 2868 operam
371 2782 456 2845 haud
480 2781 572 2865 parui
594 2782 745 2866 ponderis
772 2781 871 2846 fuisse
899 2783 1049 2846 euinoent
1071 2779 1112 2844 ad
1134 2800 1183 2843 re-

217 2867 411 2934 stituendam
433 2867 603 2950 pristinem
619 2866 714 2930 huius
730 2866 888 2950 epitomae
903 2867 1051 2930 formam.
1086 2885 1184 2948 quam

218 2955 259 3021 ob
282 2973 349 3017 rem
372 2953 532 3036 integram
555 2951 622 3014 eius
644 2950 832 3016 uarietatem
855 2953 1032 3035 scriptores
1047 2950 1184 3033 opposui

216 3038 328 3122 paneis
349 3039 477 3101 tantum
507 3036 636 3100 silentio
665 3037 908 3119 praetermissis.
945 3056 1014 3101 non
1042 3055 1184 3100 somme-
1254 3039 1255 3057 ¹

218 3122 342 3188 morani
365 3143 417 3186 eas
439 3121 571 3185 alterius
585 3142 699 3185 manus
714 3125 924 3203 correcturos,
948 3121 1064 3204 quibus
1078 3119 1185 3203 prisea

218 3210 377 3291 scripture
391 3206 664 3290 praepositionum
687 3206 723 3270 in
744 3207 853 3272 uerbis
867 3205 1054 3290 compositis
1074 3224 1183 3268 reeen-

217 3293 294 3356 tiori
318 3291 543 3355 consuetudini
565 3293 803 3356 eooommodsta
826 3295 889 3374 est,
919 3290 1008 3355 uelut
1028 3289 1185 3354 inmittere
1253 3283 1254 3329 1

222 3377 317 3463 (corr.
333 3377 521 3460 immittere),
538 3377 672 3460 adficere
689 3375 786 3462 (eom.
803 3378 873 3459 aff.)
891 3375 1016 3439 similia.
1043 3395 1104 3438 neo
1118 3394 1185 3437 uno

219 3482 345 3546 quoque
367 3460 439 3524 loeo
454 3462 605 3541 indicaui,
629 3463 713 3545 quod
729 3462 827 3526 semel
843 3461 1012 3525 adnotasse
1032 3457 1184 3539 sufficiat,

220 3547 357 3630 primam
390 3566 519 3610 monum
549 3567 674 3629 semper
704 3547 736 3611 bt
768 3550 800 3610 et
832 3548 865 3612 bs
897 3565 1043 3610 exarasse
1071 3544 1105 3607 in
1133 3543 1184 3606 his

1251 3503 1253 3599 1

1251 3781 1252 3871 1
