2590 3948
476 167 553 228 CAP.
572 168 593 237 l,
610 175 626 237 5
645 174 753 226 14-18.
1077 169 1098 236 9

129 345 213 409 quae
244 344 286 388 ne
318 322 509 389 iniuriarum
542 322 672 405 quidem
705 323 880 389 acerbitate
913 323 953 388 ab
987 343 1098 390 eorum

130 410 222 476 cultu
244 409 414 475 absterreri
436 409 587 492 potuerit.

305 593 378 677 [ou
400 541 638 660 anemone
659 592 928 675 uaeramus]

196 713 247 778 16.
283 711 446 778 Creditum
470 716 519 777 est
534 711 711 777 Varronem
734 712 897 778 consulem
916 712 1001 796 apud
1017 711 1098 778 Oen·
1199 737 1206 764 ⁴

128 819 189 862 nas
212 819 285 862 oum
302 795 630 883 Karthaginiensibus
651 800 719 862 tam
740 797 915 862 infeliciter
930 797 1125 862 dimicasset

129 884 172 948 ob
194 882 276 946 iram
297 881 443 964 Iunonis,
466 883 563 966 quod,
587 903 660 947 oum
682 882 775 948 ludos
805 883 963 947 circenses
986 882 1098 947 aedilis

127 968 266 1046 faceret,
295 967 331 1031 in
358 966 445 1031 louis
473 968 588 1052 optimi
610 968 742 1032 maximi
763 971 857 1032 tensa
879 967 996 1032 eximia
1017 968 1099 1032 facie

128 1073 265 1137 puerum
298 1050 488 1116 histrionem
517 1051 558 1116 ad
587 1052 716 1117 exuuias
743 1053 900 1117 tenendas
927 1052 1097 1135 posuisset.

128 1137 217 1222 quod
239 1137 371 1216 factum,
393 1139 467 1220 post
488 1136 610 1221 aliquot
625 1158 731 1202 anuos
746 1137 902 1202 memoria
915 1139 1098 1222 repetitum,

128 1221 295 1287 sacrificiis
318 1221 481 1305 expiatum
504 1226 561 1286 est.
1112 1242 1138 1283 ro

196 1307 245 1370 17.
281 1304 436 1370 Hercules
458 1327 586 1390 quoque
609 1306 770 1371 detractae
793 1306 960 1390 religionis
975 1327 1050 1371 suae
1067 1309 1100 1370 et

129 1412 265 1476 grauem
280 1393 314 1455 et
328 1390 533 1456 manifestam
546 1412 684 1476 poenam
699 1393 843 1476 exegisse
856 1392 1007 1456 traditur:
1022 1413 1099 1455 nam

130 1498 205 1542 oum
233 1475 346 1540 Potitii
374 1497 538 1541 sacrorum
567 1477 633 1540 eius
662 1476 778 1558 ritum,
807 1497 902 1559 quem
929 1498 988 1560 pro
1012 1475 1098 1540 dono

128 1560 223 1646 genti
246 1581 357 1625 eorum
381 1561 513 1645 abipso
536 1561 742 1647 adsignatum
763 1559 853 1624 uelut
868 1560 1098 1625 hereditarium

128 1645 349 1730 optinuerant,
371 1650 500 1710 auctore
521 1647 628 1730 Appio
650 1666 781 1710 censore
798 1644 837 1708 sd
852 1644 973 1709 humile
989 1661 1137 1709 seruo-1⁶

127 1752 202 1794 rum
224 1731 424 1813 publicorum
452 1731 666 1795 ministerium
694 1729 949 1808 transtulissent,
979 1750 1098 1813 omnes,

129 1816 188 1900 qui
210 1819 303 1879 erant
323 1836 457 1879 numero
479 1837 576 1899 super
589 1813 693 1894 XXX,
716 1815 853 1899 puberes
875 1816 962 1878 intre
978 1836 1099 1878 annum

129 1900 265 1965 extincti
301 1903 377 1965 sunt
409 1921 593 1983 nomenque
620 1900 776 1965 Potitium
804 1900 838 1964 in
867 1899 930 1963 Xll
958 1899 1099 1963 familias

129 1985 310 2064 diuisum†
345 2006 445 2072 prope
478 1986 617 2070 interiit,
651 1985 778 2069 Appius
812 2006 889 2049 uero
922 1984 1098 2048 luminibus

128 2073 244 2153 captus
267 2071 324 2133 est.
1112 2087 1138 2128 20

196 2154 247 2218 18.
281 2156 367 2217 Acer
389 2153 486 2218 etiam
508 2154 559 2218 sui
580 2153 723 2218 numinis
745 2154 863 2218 uindex
887 2153 1022 2238 Apollo,
1045 2153 1099 2238 qui

128 2237 333 2324 Karthagine
348 2260 368 2302 a
381 2237 537 2303 Romanis
560 2259 712 2323 oppresse
733 2241 823 2303 ueste
845 2260 941 2303 aurea
960 2238 1098 2303 nudatus

127 2323 165 2388 id
186 2323 255 2409 egit
269 2327 306 2387 ut
321 2323 495 2409 sacrilegae
516 2344 630 2388 manus
645 2322 732 2388 inter
745 2323 929 2408 fragmenta
944 2323 1011 2389 eius
1027 2323 1098 2388 abs·

130 2408 218 2473 cisae
240 2408 474 2473 inuenirentur.

201 2548 214 2596 1
233 2542 412 2596 miseriarum
434 2542 535 2597 Wemk
563 2543 765 2628 Ι1884117781
779 2544 935 2597 acerbitate
948 2544 985 2596 A¹
999 2545 1037 2664 lp?
1050 2541 1098 2595 DE

128 2609 324 2665 NEGLECTA
340 2609 515 2664 RELIGION
557 2612 671 2676 seclusi,
692 2610 740 2664 DE
759 2609 984 2665 ΟΟΝΤΕΜΡΤΑ
1027 2609 1099 2664 ELI-

129 2677 245 2735 GIONE
260 2679 328 2733 Par.
343 2678 353 2746 l
365 2684 381 2733 5
394 2678 492 2732 charte
514 2718 520 2732 .
538 2678 573 2744 L,
587 2679 696 2747 kurtsg.
708 2678 736 2732 A
748 2680 759 2748 ΙΙ
772 2685 787 2732 7
799 2679 906 2733 faceret
918 2679 986 2746 LA,
1002 2678 1100 2733 ederet

368 2747 473 2867 ee
489 2746 922 2879 crictucineae
934 2746 1100 2868 lou

126 2816 559 2950 lllt‚2¹.‘⁰1¹ts¹⁸imueei·1e
577 2831 756 2952 paulum
773 2855 825 2937 oiri,
843 2882 902 2936 LA
919 2853 1017 2946 Ἠαιηιζ
1033 2853 1100 2946 sep-⁹

150 2950 208 3004 leui
219 2967 232 3006 e
243 2952 315 3006 Par.
333 2954 358 3002 et
374 2949 464 3029 Nepf
476 2951 511 3016 ct}
524 2949 591 3004 Lite.
608 2949 710 3003 VIIII
722 2953 767 3016 29,
785 2954 819 3016 9,·
836 2949 976 3027 Luct211
988 2953 1006 3004 7
1021 2951 1099 3025 1²:31

127 3016 393 3156 ..111ἔῖ8111ὶῖ
393 3022 552 3164 illitati
569 3021 630 3154 ili
643 3019 688 3140 li·
704 3017 864 3164 11ὲῖ511,
888 3032 964 3163 illi
978 3015 1099 3153 ξὲἒῗὶξ

128 3153 188 3210 eod.
204 3151 322 3208 Barbas.
342 3151 481 3218 Torreat-s,
498 3154 598 3208 notaui
614 3169 676 3208 men
698 3170 753 3209 um.
780 3170 820 3208 au
837 3154 959 3206 diuisum
977 3168 1010 3206 eo
1059 3169 1099 3205 m·

151 3237 210 3288 ore,
229 3225 242 3273 1
260 3221 296 3287 cf.
315 3219 382 3277 Lis.
396 3221 413 3275 l.
426 3237 464 3276 c..·
482 3238 546 3276 cum
564 3221 713 3276 duodecim
731 3221 857 3276 familiae
875 3236 909 3276 ea
925 3221 1099 3289 tempestate

154 3288 300 3343 otitiorum
319 3290 414 3342 essent
426 3290 436 3357 n
448 3289 549 3358 appius
567 3290 635 3358 (lut.
649 3290 711 3344 aiu
726 3288 901 3358 1113111112
919 3289 972 3344 litt.
990 3287 1099 3342 cartha-

127 3356 196 3427 gine
209 3373 227 3412 a
238 3372 270 3410 ro
282 3357 381 3411 iuras.
395 3357 422 3410 A
434 3359 444 3426 ΙΙ
457 3361 491 3410 24
501 3357 696 3411 inuenirentur
719 3361 783 3425 post
794 3357 820 3411 b.
832 3373 860 3413 u.
879 3357 913 3411 in
923 3357 1023 3424 infima
1034 3355 1100 3422 folii

7 3475 13 3486 ,
122 3429 212 3494 parte
233 3424 387 3494 semiplum
405 3424 439 3480 de
456 3425 572 3480 Brenno
589 3442 603 3480 e
619 3425 694 3480 Pari
742 3425 862 3494 petitum
878 3426 989 3495 supplet
1005 3437 1100 3502 usurpo

126 3492 167 3559 A,
185 3493 259 3561 quod
281 3491 414 3561 quoniam
435 3493 474 3548 ad
492 3498 607 3549 esterna
620 3494 756 3560 pertinet,
780 3493 812 3547 in
828 3495 883 3561 [tue
901 3492 1002 3562 capitis
1015 3505 1099 3560 posue

125 3575 192 3617 etun
209 3560 325 3616 Halmio
