2550 3958
356 165 423 221 nna
442 166 464 220 1.
500 166 577 221 car.
596 172 624 234 e,
642 173 736 235 aa„
793 128 794 131 ‘
958 172 1022 237 ιιι

17 389 20 400 ,
115 323 151 384 L.
175 323 278 383 Marcii
307 325 388 384 ducis
417 343 484 384 cum
512 325 545 384 in
566 325 712 401 Hispania
734 326 830 402 capite
852 326 931 402 ignis
954 345 1020 388 con·
1040 340 1056 388 2

17 403 19 480 Ϋ
45 409 197 468 tionantie
219 408 360 470 eluxisset
381 413 451 485 post
472 412 599 470 mortem
622 411 748 470 duorum
768 410 941 487 Scipionum
962 412 1021 472 Pu·

17 499 19 510 '
46 493 106 553 blii
129 496 159 552 et
181 491 291 571 Gnaei,
313 495 476 569 resumptis
497 495 605 554 animis
628 494 714 554 miles
737 495 779 554 ita
801 513 941 572 prospere
964 516 1019 572 pu-

17 593 18 598 ’
45 578 172 655 gnauit,
194 581 230 636 ut
250 578 349 638 uictor
371 579 537 639 exsisteret.

20 685 30 724 s
116 661 333 724 Obsidentibus
348 663 490 723 Romanis
501 662 642 723 Veientes
664 664 745 724 lacus
759 663 896 724 Albanus
918 665 1018 726 subito
1037 679 1052 728 3

17 821 19 828 y
46 745 174 808 solitum
203 748 302 824 stagni
330 747 451 807 modum
479 750 618 822 excessit,
654 749 815 825 datumque
844 766 1020 826 responsum

17 837 19 912 Ῐ
45 831 113 892 fore
134 833 171 890 ut
191 831 218 891 is
240 832 387 902 uinceret,
416 834 468 908 qui
490 852 598 908 aquam
620 833 758 893 emissam
780 853 834 909 per
855 852 942 910 agros
965 834 1019 893 dif-

17 920 20 940 ²
46 915 188 976 fudisset.
234 917 315 992 quod
343 917 414 993 quia
439 917 520 976 idem
541 916 712 977 Veientium
734 935 863 994 aruspex
884 938 902 978 a
923 918 1019 979 milite

17 993 20 1028 ²
46 1000 184 1060 Romano
207 1003 313 1076 eaptus
335 1001 540 1077 praedixerat,
564 1005 746 1079 congruente
769 1004 844 1063 sorti
865 1003 1018 1078 uaticinio,

17 1115 30 1168 ι
46 1085 175 1146 emissus
205 1105 223 1146 a
253 1087 395 1146 Romanis
424 1087 506 1146 lacus
537 1105 627 1147 causa
647 1086 832 1149 Veientanae
860 1088 1019 1163 captiuita-

17 1189 20 1198 ·
46 1171 90 1229 tis
113 1170 180 1230 fuit.

17 1249 19 1286 ³
113 1255 150 1314 L.
167 1253 251 1313 Sulla
272 1255 352 1314 inter
375 1273 459 1315 sacra
473 1255 539 1315 uisa
554 1259 692 1332 serpente
707 1255 856 1316 Postumii
871 1257 1015 1332 aruspicia
1033 1271 1050 1320 4

17 1339 19 1368 ⁵
46 1339 167 1398 monitu
188 1338 320 1398 exercitu
342 1339 450 1400 educto
473 1339 622 1401 Samnites
644 1341 724 1400 fudit
746 1341 932 1417 fugauitque.

17 1419 19 1454 ³
114 1421 251 1483 Secundo
266 1423 380 1484 Punico
397 1424 475 1485 bello
492 1422 545 1484 Gn
561 1425 686 1486 Domitii
707 1425 762 1486 bos
784 1425 865 1485 locut
852 1429 901 1484 tus
923 1425 1019 1485 fertur
1037 1440 1053 1488 e

18 1511 134 1578 3‘caue
156 1507 228 1581 tibi,
251 1508 406 1568 Romane'.

17 1591 18 1626 ³
114 1589 146 1651 O
168 1593 364 1652 Flaminius
355 1592 540 1684 inauspicato
562 1595 669 1654 consul
690 1595 823 1670 creatus,
846 1612 914 1652 cum
936 1593 1050 1669 apude

17 1673 147 1736 lacum
161 1677 398 1753 Thrasymenum
420 1694 487 1737 cum
503 1676 672 1737 Hannibale
694 1678 814 1738 conflict
800 1680 886 1738 turus
909 1675 1015 1757 [esset]
1105 1690 1106 1693 ’

17 1751 222 1821 conuelli'
198 1781 286 1839 signa
304 1762 443 1824 iussisset
450 1762 553 1839 ,lapso
572 1781 647 1838 equo
664 1781 753 1839 snper
768 1764 857 1840 caput
875 1763 939 1822 eius
953 1762 1018 1838 ipse

17 1843 217 1924 prostratus
233 1850 286 1908 est.
310 1848 411 1925 itaque
425 1866 544 1945 pugnae
560 1849 623 1907 eius
638 1849 734 1907 exitus
750 1846 940 1908 saeuissimus
950 1845 1017 1907 tuit.

18 1967 27 2005 ‚
112 1932 144 1998 Ο.
167 1933 306 1994 Mancino
335 1951 394 1993 cos.
424 1933 456 1992 in
477 1932 654 2008 Hispaniam
681 1934 762 1992 ituro
789 1932 864 2008 pulli
879 1951 907 1991 ·e
930 1948 1052 1996 caueae

17 2013 18 2048 ³
45 2016 159 2096 pullari
180 2017 388 2080 auolauerunt.
417 2017 491 2078 item
513 2034 572 2077 uox
595 2017 698 2077 audita
720 2017 758 2077 ab
773 2017 912 2077 Herculis
926 2018 1018 2092 portu

17 2099 18 2114 ³
45 2103 135 2176 telis,
158 2103 327 2176 ‘Mancine‚
350 2104 458 2162 maue’.
503 2103 709 2177 quaternitas
732 2120 799 2161 eum
820 2102 927 2162 itinere
950 2119 1017 2163 coe·

17 2213 18 2218 ¹
44 2205 133 2251 aereo
155 2184 289 2247 Genuam
316 2189 443 2262 petisset
470 2189 502 2245 et
528 2187 571 2247 ibi
593 2187 734 2264 scapham
756 2189 834 2248 esset
855 2187 1015 2263 ingressus,

45 2277 81 2334 in
103 2290 137 2332 ea
158 2273 264 2348 anguis
287 2271 394 2330 eximia
416 2272 625 2347 magnitudine
647 2273 712 2331 uisa
727 2290 743 2330 e
758 2275 920 2348 conspectu
934 2271 1016 2334 abiit.

17 2388 30 2428 5
46 2361 149 2434 itaque
159 2374 318 2418 numerum
329 2356 536 2432 prodigiorum
548 2356 763 2417 calamitatium
774 2374 899 2416 numero
911 2375 1005 2432 aequa

44 2443 109 2515 uit,
132 2440 246 2501 infelici
267 2460 381 2518 pugna,
405 2443 487 2517 turpi
508 2440 643 2515 foedere,
667 2441 819 2501 deditione
840 2441 968 2500 funesta.

113 2527 158 2586 Ti.
173 2524 323 2585 Gracchus
345 2543 405 2586 coe.
429 2544 496 2585 cum
518 2526 550 2585 in
564 2525 698 2586 Lucania
719 2524 914 2598 sacrificaret,
938 2524 1049 2606 duaeg
1078 2559 1081 2565 ·

46 2628 164 2688 angues
185 2610 343 2687 prolapsae
366 2611 455 2670 adeso
477 2609 592 2670 hostiae
614 2611 744 2670 iocinere
759 2611 907 2670 abierunt.
936 2610 1014 2685 quod

47 2716 116 2758 cum
138 2698 185 2755 ter
206 2695 361 2768 fecissent,
384 2697 486 2755 tamen
501 2693 651 2756 Gracchus
672 2713 734 2755 non
752 2693 832 2755 cauit
852 2712 890 2752 ne
911 2692 1017 2768 perfidi

18 2813 33 2854 0
47 2781 177 2857 hospitis
189 2780 279 2840 Flaui
292 2780 411 2841 insidiis
432 2780 464 2839 in
479 2798 548 2840 eum
562 2780 662 2840 locum
677 2779 882 2854 deduceretur,
906 2777 938 2837 in
956 2795 1016 2854 quo

45 2867 216 2926 Poenorum
239 2865 300 2924 dux
321 2867 411 2943 Mago
434 2884 503 2925 cum
524 2868 637 2925 armeta
659 2883 749 2924 manu
771 2863 941 2923 delituerat.

116 3017 131 3066 2
149 3011 283 3077 fluxisset,
304 3027 354 3066 cm.
366 3011 432 3066 Mai
443 3028 457 3066 e
469 3011 530 3066 Vel.
544 3012 555 3080 1
567 3017 583 3066 3
596 3027 677 3065 enaer
669 3012 699 3080 ’1
711 3020 868 3080 prosperae
881 3009 905 3076 (e
917 3022 985 3063 arua
988 3011 997 3074 )
1008 3009 1016 3077 11

45 3079 217 3137 texixteret
237 3095 273 3133 m.
289 3081 396 3201 2h8·
404 3080 545 3148 haruspex
561 3079 649 3134 Helm
671 3083 768 3135 contre
789 3077 883 3158 cocti}
906 3077 1015 3131 taorte

45 3147 161 3217 Halmii
180 3152 211 3202 10
230 3161 314 3202 eausa
365 3148 409 3214 ai,
428 3163 507 3202 casua
526 3149 583 3202 ced.
626 3153 688 3201 las
707 3147 755 3214 lla,
772 3145 813 3200 aie
829 3160 884 3200 eene
881 3143 1016 3213 perlina-

45 3214 371 3341 retardat
388 3215 603 3354 stistte
618 3222 669 3338 a
687 3160 1015 3348 thehillathi*

44 3352 141 3409 Halm.
167 3353 241 3408 idem
257 3351 387 3407 mendum
406 3352 498 3408 deteet
507 3352 548 3405 11
556 3356 581 3418 7,
595 3353 635 3421 511
646 3351 727 3404 labeo
738 3366 772 3404 m.
782 3321 866 3429 ’1122
880 3363 1014 3403 conuerso

44 3439 58 3478 s
119 3421 175 3478 leui
191 3437 253 3476 cem
273 3419 402 3502 Gemini
420 3437 434 3476 e
455 3420 515 3479 Ver.
565 3426 599 3475 24
620 3418 725 3474 eximia
743 3417 840 3488 (mia'
827 3433 860 3471 an
876 3431 931 3472 roa.
934 3417 1015 3486 1128

45 3504 98 3561 pro
110 3488 194 3544 absae
216 3505 252 3544 aa.
264 3494 281 3543 1
304 3493 330 3545 et
351 3489 392 3546 aie
408 3503 512 3558 semper
564 3494 597 3543 29
615 3489 660 3544 ter
677 3486 810 3543 fecissent
826 3485 1014 3556 Kellerbauer,

46 3556 232 3628 perfecissent
249 3558 308 3614 eod
