2550 3958
249 179 313 244 486
451 177 520 233 ΜΒ.
538 177 560 239 Ι,
590 179 668 235 cnP.
686 185 822 248 e,11.1a.
849 179 913 234 nrt.
934 187 1011 236 1-r.

589 385 643 445 DE
666 386 876 448 MIRANDIS.

202 500 233 549 11
316 485 432 548 Deusto
447 487 574 548 sacrario
590 486 739 548 Saliorum
760 489 835 548 nihil
856 490 889 549 in
910 508 945 550 eo
967 493 1094 565 praeter
1114 491 1195 549 litum

249 571 370 632 Romedt
391 575 542 648 repertum
564 575 610 631 est
631 572 791 632 incolume.
822 573 906 633 Seru.
920 573 1014 634 Tullii
1030 578 1141 648 status,
1154 591 1196 632 cun

249 657 337 716 aedes
351 657 503 717 Fortunae
526 656 752 733 conflagrasset,
775 658 919 717 inuiolata
941 661 1068 724 mansit,
1098 658 1196 730 Quinta

250 739 391 802 Claudiae
414 744 514 802 statua
535 741 567 800 in
589 741 741 802 uestibulo
763 743 869 818 templi
885 743 972 802 deum
989 745 1100 804 Matris
1114 742 1207 820 posita*

249 825 295 886 bis
318 846 353 886 ea
374 826 446 884 aede
467 825 605 885 incendio
628 829 816 902 consumpta,
840 828 951 888 intacta
971 828 1107 888 flammis
1129 826 1197 888 stetit

199 923 231 971 12
311 909 427 970 Acilius
442 909 550 968 Auiola
569 912 707 970 mortuus
723 909 865 987 creditus,
888 916 1055 988 postquam
1078 931 1150 990 rogo
1167 927 1198 968 su·

248 995 418 1072 perpositus
441 997 500 1068 est,
522 995 624 1054 uiuere
647 1014 678 1055 se
699 996 912 1071 proclamauit,
936 997 987 1057 sed
1013 998 1079 1058 iam
1102 997 1197 1057 circun-
1221 979 1223 1030 l

249 1079 337 1138 datus
359 1079 479 1138 flamma
501 1079 565 1139 fato
587 1079 725 1139 subtrahi
746 1098 806 1140 non
828 1081 936 1156 potuit.
1222 1085 1223 1088 ’

196 1173 252 1214 nxs.
317 1163 406 1222 Plato
429 1163 533 1224 scribit
555 1163 682 1223 Phercte
702 1164 903 1242 Pamphylum
924 1167 1005 1226 inter
1028 1186 1094 1245 cos,
1117 1165 1162 1242 qui
1178 1162 1223 1218 int

218 1229 229 1277 ¹
251 1245 313 1306 scie
336 1247 517 1321 ceciderant,
547 1248 649 1308 decem
671 1248 775 1308 diebus
797 1250 922 1311 iacuisse
950 1251 1119 1328 biduoque,
1140 1248 1199 1324 post

248 1350 337 1408 quam
365 1332 434 1391 inde
456 1332 592 1393 sublatus
622 1336 710 1406 esset,
733 1334 901 1409 inpositum
923 1353 995 1412 rogo
1018 1337 1162 1396 reuixisse
1178 1346 1199 1388 at

248 1417 325 1476 mira
345 1416 490 1493 quaedam
511 1419 643 1493 tempore
664 1420 767 1479 mortis
787 1418 854 1478 uisa
875 1438 1023 1486 narrasse.

214 1517 230 1564 2
313 1502 439 1573 Quidam
460 1502 509 1560 uir
530 1500 721 1562 Atheniensis
755 1503 903 1577 eruditus,
932 1523 998 1564 oum
1028 1506 1127 1566 ictum
1147 1498 1199 1575 lapi·

249 1586 295 1646 dis
323 1586 420 1662 capite
448 1587 629 1662 excepisset,
663 1588 760 1646 cetera
789 1588 888 1648 omnis
916 1591 1065 1650 memoris
1088 1584 1213 1656 retincilpI

249 1671 428 1731 eruditionis
450 1671 543 1732 totius
567 1671 677 1732 oblitus
700 1675 756 1732 est.

212 1771 230 1820 3
311 1755 503 1816 Nausimenis
532 1755 725 1816 Atheniensis
759 1775 848 1833 uxor,
886 1776 954 1817 oum
986 1758 1069 1820 filiae
1103 1775 1135 1817 ac
1161 1751 1198 1812 filii
1222 1745 1223 1771 ¹

248 1842 354 1916 stupro
376 1841 601 1915 interuenisset,
625 1841 783 1916 inopinato
807 1841 973 1917 spectaculo
995 1861 1139 1919 percussa
1157 1855 1198 1898 cn·

246 1926 370 1986 metult.
1222 1967 1223 1977 .

213 2025 231 2074 4
312 2009 455 2070 Echecles
471 2009 589 2070 Samius
605 2009 718 2070 athleta
738 2015 847 2082 mutus,
871 2029 939 2070 oum
960 2012 988 2072 ei
1011 2012 1157 2074 uictoriae
1173 2004 1213 2064 ta

250 2091 332 2152 tulus
355 2093 529 2169 eriperetur,
552 2094 759 2170 indignatione
782 2114 923 2156 aecensus
945 2096 1060 2158 uocalis
1083 2094 1177 2156 euasit.

211 2192 230 2242 5
314 2174 442 2253 Gorgiae
470 2177 557 2238 fortis
588 2181 678 2255 atque
712 2180 822 2240 nobilis
844 2182 906 2240 uiri
927 2181 1012 2257 origo
1034 2173 1198 2242 admirabilis

250 2259 323 2335 fuit,
349 2261 454 2336 quiin
476 2262 580 2322 funere
603 2263 707 2324 matris
730 2283 800 2324 snae
821 2267 908 2324 utero
931 2265 1049 2342 elapsus
1066 2261 1198 2342 inopinato

249 2346 355 2424 uagitu
377 2347 488 2406 lectum
511 2347 634 2408 ferentis
657 2349 817 2410 consistere
840 2349 948 2428 coegit.

216 2446 232 2496 6
313 2431 445 2492 Pheraeo
468 2431 567 2493 Iasoni
589 2433 711 2509 quidam
733 2433 886 2506 inimicus,
915 2452 981 2493 cum
1008 2453 1079 2494 eum
1102 2429 1214 2518 conarri

249 2518 300 2576 tur
323 2516 464 2590 occidere,
488 2516 652 2594 uomicam,
675 2537 750 2594 quae
773 2518 895 2580 anullo
916 2519 1100 2580 medicorum
1123 2528 1199 2578 sanan

248 2603 402 2676 potuerat,
431 2601 533 2678 gladio
560 2603 707 2677 percussit
733 2606 764 2663 et
790 2603 941 2662 hominem
967 2603 1046 2662 malo
1077 2599 1199 2681 pestifero

248 2685 398 2744 liberauit.

214 2785 231 2834 Ἰ
314 2769 501 2846 Simonides,
528 2769 606 2846 apud
629 2770 745 2846 Scopan
774 2771 806 2830 in
833 2772 907 2830 urbe
930 2771 1101 2832 Thessaliae
1130 2768 1198 2830 erar·

250 2873 327 2914 none
350 2873 473 2932 cenans,
496 2856 641 2916 euocatus
659 2854 817 2915 adestote
835 2858 871 2914 et
892 2855 1014 2915 Polluce
1036 2859 1127 2918 ruina
1145 2851 1216 2912 lite-t·

249 2941 332 3000 ratus
356 2943 401 2999 est
423 2959 469 3014 ea,
492 2957 551 3016 qua
572 2940 735 3000 triclinium
758 2940 900 3000 conuiuas
924 2940 1080 3016 oppressit.

316 3091 333 3140 2
356 3085 476 3141 deustos
499 3085 509 3154 ΙΙ
534 3092 549 3141 3
572 3085 687 3141 Romuli
709 3099 760 3140 om.
784 3085 853 3152 cod,
872 3087 1003 3156 suppleat
1025 3102 1089 3141 cam
1111 3077 1197 3142 cedri

248 3154 295 3210 dc.
308 3155 318 3225 l
332 3159 347 3208 6
359 3154 509 3235 in<tacta>
518 3152 639 3208 flammis
651 3168 710 3218 nos,
728 3153 758 3208 in
775 3153 897 3209 flammis
914 3155 971 3210 cod.
982 3153 1095 3276 Holmon
1110 3161 1139 3210 10
1149 3149 1197 3222 phe

249 3223 313 3277 reta
330 3223 388 3278 cod.
408 3227 496 3278 ceterc
513 3222 619 3276 meam.
644 3222 679 3288 cs.
697 3219 758 3278 Vct.
772 3236 802 3290 p.
814 3225 858 3288 51,
870 3225 887 3276 5
899 3223 909 3291 ΙΙ
924 3227 954 3276 12
973 3222 1047 3277 esset
1096 3227 1149 3279 erto
1163 3217 1197 3271 tc

249 3305 263 3343 e
284 3289 356 3356 Vct,
383 3291 426 3345 est
447 3290 505 3346 cod.
524 3289 611 3344 Halm
635 3291 645 3359 11
671 3295 702 3344 13
725 3289 824 3343 mortis
840 3290 934 3358 suppl.
951 3289 1016 3344 Mai
1033 3305 1048 3344 e
1068 3288 1138 3356 Vct,
1161 3296 1195 3337 ml·

246 3357 306 3411 cod.
324 3357 336 3428 {l
352 3364 385 3412 20
405 3357 514 3412 athleta
532 3358 591 3417 (sed
606 3357 626 3410 h
643 3357 763 3425 induet.)
787 3357 798 3426 ΙΙ
821 3359 916 3410 mutus
934 3371 985 3411 orn.
1001 3372 1035 3412 m.
1049 3362 1074 3424 1,
1092 3360 1151 3427 poet
1164 3350 1196 3405 St·

248 3424 321 3475 mius
343 3425 433 3491 suppl.
455 3424 555 3479 cena*
576 3425 586 3494 ΙΙ
611 3431 643 3478 22
661 3424 716 3477 uiri
733 3439 783 3478 cos
801 3429 826 3478 et
846 3424 946 3480 Gertz*
965 3441 979 3479 e
999 3423 1069 3489 Vol,
1089 3441 1139 3481 om.
1155 3413 1196 3475 eod·

248 3488 337 3542 Halm
349 3491 360 3556 11
373 3497 405 3544 27
422 3491 556 3558 potuerat
573 3506 624 3546 ace
642 3496 667 3546 et
680 3491 780 3546 Gertz*
793 3507 807 3545 e
819 3489 890 3560 Vct,
909 3493 1024 3562 poterat
1040 3493 1101 3548 cod.
1115 3484 1193 3548 Hals'

248 3558 281 3607 29
300 3568 458 3609 crannonae
476 3571 581 3626 cenans
