2606 3952
185 157 247 222 130
485 169 489 174 ·
598 153 668 209 ure.
686 153 735 207 111.

183 307 300 374 altaria
323 309 455 372 conatus
478 306 620 372 occidere
643 309 702 370 est.
741 307 883 370 ceterum
905 305 991 370 iuter
1012 302 1152 371 molitio-

183 391 493 542 taetitia
508 389 855 540 tixdrdatit'idffi
880 411 1058 540 dett?
1076 412 1152 542 :32⁰

183 566 343 627 temneret
375 561 458 625 mira
491 560 651 644 patientia
691 496 1015 644 ostenditquerosds
1054 561 1150 640 enim,

157 647 290 730 acredo,
313 646 476 710 dexteram
498 666 599 722 suam,
630 644 712 728 quod
729 647 796 708 eiua
811 643 990 708 ministerio
1004 645 1040 709 in
1055 647 1153 711 caede

181 732 338 881 111111
351 731 532 880 attat
549 729 1022 879 restauremur
1024 735 1151 881 {titt

183 837 417 966 adtentiodibus
444 898 545 964 oculis
572 898 732 964 uiderunt.
783 899 889 982 ipsum
918 920 1045 983 quoque
1072 898 1151 966 Por-

185 1006 319 1068 sennam
343 984 480 1049 oblitum
501 983 636 1067 periculi
658 985 707 1048 sui
729 983 884 1048 ultionem
912 1005 1003 1048 suam
1025 990 1151 1051 uertere

145 1091 170 1130 ιο
183 1071 218 1134 in
241 1069 486 1135 admirationem
510 1068 629 1153 coegit:
658 1090 734 1131 nam
757 1072 945 1133 ‘reuertere’
969 1069 1076 1155 inquit
1097 1069 1150 1134 ‘ad

183 1159 266 1237 tuos,
289 1153 386 1232 Muci,
410 1154 442 1216 et
457 1153 504 1216 eis
519 1153 659 1234 referte,
684 1173 756 1217 cum
771 1153 873 1217 uitem
887 1175 992 1218 meam
1007 1154 1158 1240 petieris,-

183 1261 202 1303 a
224 1259 275 1302 me
297 1239 366 1302 uite
380 1237 559 1303 donatum’.
592 1238 681 1303 cuius
697 1238 899 1302 clementiam
921 1259 990 1303 non
1004 1240 1151 1304 adulatus

182 1323 309 1388 Mucius
334 1323 459 1387 tristior
479 1322 663 1386 Porsennae
692 1323 794 1388 salute
823 1344 919 1406 quam
949 1344 1008 1388 sua
1036 1325 1153 1390 laetior

182 1408 322 1556 urdd'dqt
336 1429 408 1472 cum
437 1411 587 1472 aeternae
615 1407 735 1492 gloriae
763 1409 957 1491 cognomine
980 1407 1152 1474 Scaeuolae

143 1510 169 1552 15
182 1513 217 1557 re
261 1515 330 1556 11.

246 1576 276 1640 2.
300 1575 433 1660 Pompei
449 1576 546 1640 etiam
561 1575 736 1660 probabilis
752 1576 864 1658 uirtus,
887 1577 953 1660 qui,
974 1578 1048 1641 dum
1064 1579 1151 1663 lega·

182 1662 279 1726 tionis
294 1661 401 1727 officio
415 1661 570 1744 fungitur,
595 1681 698 1743 arcpe
713 1659 831 1725 Gentio
846 1661 1053 1745 interceptus,
1078 1685 1149 1727 cum

183 1749 314 1811 senatus
337 1745 472 1810 consilia
493 1744 628 1828 prodere
649 1744 824 1827 iuberetur,
851 1746 978 1810 ardenti
1000 1748 1151 1812 lucernae

184 1831 346 1894 admotum
380 1828 518 1914 digitum
552 1828 756 1894 cremandum
788 1831 937 1914 praebuit
967 1853 1067 1915 eaque
1093 1853 1151 1916 pa·

145 1935 170 1974 ao
183 1915 303 1998 tientia
319 1915 389 1998 regi
411 1914 506 1977 simul
529 1916 562 1978 et
584 1912 840 1996 desperationem
869 1917 1040 1981 tormentis
1062 1917 1150 2000 quie·

204 2019 279 2062 uam
295 2019 334 2062 ex
349 2020 383 2062 se
399 1997 615 2082 cognoscendi
629 1999 764 2063 incussit
779 2003 811 2064 et
825 2001 1022 2086 expetendae
1036 2001 1150 2085 populi

181 2021 319 2148 domani
343 2082 503 2147 amicitiae
525 2103 676 2166 magnam
704 2083 910 2166 cupiditatem
933 2084 1149 2170 ingenerauit.

183 2188 219 2232 ao
241 2188 282 2232 ne
304 2167 399 2250 plura
421 2167 555 2232 huiusce
569 2168 697 2252 generis
713 2168 860 2252 exempla
875 2169 961 2234 domi
975 2169 1151 2235 scrutando

183 2251 309 2334 saepius
332 2250 373 2315 ad
393 2251 536 2316 ciuilium
558 2252 713 2317 bellorum
730 2252 947 2318 detestandam
962 2255 1150 2320 memoriam

145 2357 171 2398 aa
183 2334 334 2420 progredi
357 2357 463 2421 cogar,
486 2337 608 2402 duobus
624 2336 777 2402 Romanis
799 2338 952 2422 exemplis
968 2342 1150 2417 contentus,

183 2440 265 2504 quae
287 2424 324 2486 ut
345 2420 594 2487 clarissimarum
616 2420 811 2486 familiarum
828 2423 1152 2508 commendationem,

182 2503 378 2654 imbnuddrff
405 2506 569 2591 publicum
598 2527 775 2571 maerorem
803 2507 985 2587 continent,
1014 2512 1148 2574 externa

182 2611 218 2654 su
242 2610 302 2655 nec
372 2637 379 2651 .

252 2730 267 2778 2
285 2741 321 2778 ne
337 2740 451 2779 caueam
468 2723 538 2779 LA¹
551 2726 590 2793 15
607 2725 703 2780 malim
719 2725 749 2779 in
768 2725 906 2796 caedemll
921 2732 935 2780 1
953 2727 1075 2783 immort.
1094 2728 1119 2781 h.
1131 2727 1150 2781 l.

182 2794 260 2864 Ltl8
278 2791 442 2846 inuiderunt
458 2793 499 2856 A,
517 2797 550 2847 ut
566 2807 616 2848 uos
633 2792 660 2845 L
673 2794 711 2862 19
730 2794 773 2848 sui
791 2794 857 2849 dett.
875 2795 929 2848 mei
945 2810 1030 2860 cena,
1049 2796 1151 2848 auiae*

183 2864 246 2932 (rue.
265 2864 343 2915 6-7
360 2860 456 2926 litter.)
474 2859 513 2924 L,
542 2861 585 2913 aui
608 2861 667 2914 iere
693 2861 736 2928 (ia
756 2877 812 2916 rua.
831 2862 943 2917 totidem
966 2863 1094 2928 litterar.)
1111 2864 1151 2928 A,

182 2930 284 2985 summi
296 2927 367 2984 coni.
380 2927 631 2995 Foertect11113,
650 2927 714 2994 fort.
733 2929 820 2982 subiti
838 2931 894 2997 (uei
910 2931 1044 3001 suseepti)
1063 2929 1150 2985 Halm

184 2999 195 3066 11
217 3003 247 3051 11
271 2995 405 3065 petiaerie
423 2996 462 3049 A¹
486 2996 497 3064 11
521 3002 553 3050 14
575 3010 629 3050 sae
651 3001 680 3062 (a
696 2997 777 3066 crae.)
796 2997 823 3050 L
836 2999 845 3068 1
858 3013 887 3053 ee
911 3015 974 3052 cum
999 3028 1025 3038 -
1043 2997 1150 3068 gloriae

181 3066 214 3118 ia
231 3080 286 3119 ras.
304 3065 332 3117 A
344 3063 355 3132 11
368 3068 399 3116 16
418 3062 534 3130 quidem
551 3063 588 3116 Αί
606 3065 617 3132 11
635 3069 666 3119 11
683 3080 752 3133 rege
770 3080 821 3119 mn.
840 3066 925 3133 LA¹,
942 3083 976 3120 eu
993 3065 1071 3134 pleat
1085 3069 1152 3134 pou

183 3131 286 3186 Gentio
304 3131 343 3209 A}
361 3136 387 3184 et
404 3131 469 3185 dett.
488 3131 631 3209 maelii,
650 3136 682 3187 ut
699 3147 750 3188 oce
766 3133 835 3188 Por.
862 3135 871 3204 11
896 3139 928 3188 18
946 3082 1058 3188 inderet
1074 3135 1116 3212 A{
1135 3134 1148 3204 11

182 3204 213 3250 81
232 3198 349 3252 incusat
365 3199 414 3265 A’,
434 3200 556 3252 excusant
568 3198 649 3253 L¹A¹
668 3205 693 3256 et
711 3201 775 3256 dett.
793 3216 873 3268 ema,
892 3201 999 3255 excuait
1011 3200 1058 3267 Π,
1077 3203 1149 3257 inre-

183 3266 222 3318 cit
244 3266 314 3321 Par.
340 3267 350 3334 11
373 3271 406 3319 22
427 3265 607 3334 ingenerauit
624 3269 683 3335 (aad
700 3268 730 3322 ui
746 3284 767 3323 a.
786 3269 818 3336 Ζ.)
837 3268 864 3321 L
887 3269 897 3337 11
922 3275 955 3322 24
977 3268 1069 3339 sepius
1087 3268 1114 3321 L
1135 3269 1147 3338 11

182 3331 382 3386 adtestandam
395 3335 424 3400 (a
434 3349 503 3391 erae.
515 3334 586 3401 uid.)
598 3333 636 3388 L¹
648 3335 660 3405 11
672 3341 705 3389 25
718 3337 921 3404 contentusque
933 3337 966 3389 ut
977 3337 1013 3390 L¹
1028 3337 1038 3403 11
1050 3341 1083 3389 2⁷
1095 3352 1146 3405 pu-

183 3399 288 3452 blicum
301 3428 334 3437 -
346 3399 511 3455 subnectam
529 3415 579 3455 orn.
598 3402 647 3457 aad
663 3403 696 3456 iu
713 3418 780 3471 mrp.
800 3420 835 3461 m.
853 3408 869 3457 1
886 3404 978 3472 coppi,
996 3404 1023 3458 L
1035 3403 1045 3471 11
1057 3419 1149 3474 mpro-

181 3466 303 3590 reeppaa'rp
310 3481 365 3522 rue.
383 3468 425 3534 A,
447 3469 613 3524 memoriam
631 3469 755 3524 LBOE
765 3472 775 3540 11
788 3476 820 3526 18
838 3470 995 3526 subiectam
1012 3473 1061 3541 ΑΙ,
1083 3471 1150 3527 sub·

182 3551 192 3589 1

158 3846 309 3920 A
