2590 3948
418 197 809 267 oae.1v‚ar,u,51-a
1056 196 1097 264 21

126 357 320 416 conflixerunt.
359 358 456 414 uictrix
484 357 605 432 prolecta
634 359 667 414 ad
696 358 834 416 Gaesarem
865 367 907 414 est
936 357 1099 433 Augustum,
1114 360 1187 431 Nep.

126 443 223 518 iugata
246 441 301 514 illa,
325 457 395 516 quae
418 458 449 498 ex
467 442 542 522 Bruti
565 441 742 500 aduolauerat
765 452 853 516 parte.

192 621 223 686 2.
246 619 400 685 Deiotaro
422 641 500 686 uero
521 622 592 706 regi
619 621 729 686 omnia
758 620 826 685 fere
855 621 1020 704 auspicato
1048 643 1100 706 ge·

107 707 214 802 xrenti
238 705 388 770 salutaris
409 705 536 789 aquilae
560 710 749 790 conspectus
772 705 845 788 luit,
869 726 933 789 qua
954 705 1025 770 uisa
1047 707 1101 770 ab·

127 791 246 856 stinuit
267 813 302 855 se
325 790 365 854 ab
388 790 456 855 eius
477 791 556 855 tecti
577 813 655 873 usu,
684 789 770 874 quod
797 794 890 855 nocte
917 791 1128 874 insequentis

126 877 223 942 ruina
245 875 313 939 solo
337 879 507 958 aequatum
530 879 589 940 est.

426 1059 466 1129 V.
497 1058 556 1126 Du
580 1057 804 1129 OMINIBVS.

144 1169 146 1179 ’
195 1183 223 1246 1.
248 1179 401 1246 Ominum
424 1179 517 1243 etiam
542 1179 725 1244 obseruatio
748 1179 855 1263 aliquo
879 1181 1031 1246 contactu
1053 1201 1102 1244 re·
1135 1247 1139 1256 ,

129 1265 248 1351 ligioni
270 1265 390 1328 innexa
411 1267 477 1346 est,
504 1264 655 1348 quoniam
677 1284 745 1328 non
766 1263 898 1328 fortuito
920 1269 1024 1345 motu,
1047 1264 1103 1330 sed

128 1351 242 1414 diuina
255 1348 461 1433 prouidentia
475 1352 621 1413 constare
638 1348 819 1413 creduntur.
848 1369 929 1432 quae
947 1349 1052 1414 effecit
1065 1353 1101 1414 ut
1116 1370 1141 1410 ιο

128 1436 209 1500 urbe
232 1455 252 1498 a
275 1431 379 1498 Gallis
402 1433 552 1516 disiecta,
582 1432 832 1498 deliberantibus
860 1434 1005 1516 patribus
1029 1455 1103 1499 con·

131 1519 262 1604 scriptis
276 1521 385 1582 utrum
401 1517 498 1583 Veios
515 1517 696 1602 migrarent
717 1539 760 1582 an
781 1538 839 1582 sua
861 1520 989 1582 moenia
1011 1518 1103 1584 resti·

127 1606 273 1682 tuerent,
307 1602 391 1667 forte
420 1623 458 1668 eo
487 1606 631 1686 tempore
653 1601 813 1686 praesidio
843 1602 1029 1668 cohortibus
1056 1624 1104 1667 re·
1140 1615 1145 1628 ·

130 1689 305 1754 deontibus
328 1689 474 1754 centurio
502 1689 537 1752 in
567 1687 696 1752 comitio
725 1686 918 1751 exclamaret
946 1687 1102 1773 ‘signiieu

129 1776 237 1839 statue
254 1774 393 1856 signum,
417 1772 469 1836 hic
485 1773 606 1858 optime
621 1771 851 1837 manebimus':
873 1791 910 1835 ea
924 1771 1011 1836 enim
1025 1793 1104 1837 uoce
1118 1791 1144 1833 15

129 1858 242 1923 audita
263 1860 393 1923 senatus
422 1857 566 1941 accipere
594 1878 628 1922 se
657 1878 751 1921 omen
779 1856 946 1940 respondit
969 1878 985 1921 e
1008 1857 1105 1924 uesti-

128 1945 252 2029 gioque
285 1941 383 2006 Veios
414 1942 603 2007 transeundi
638 1941 807 2006 consilium
840 1942 956 2006 omisit.
1008 1964 1105 2027 quam

129 2028 244 2112 paucis
266 2027 373 2091 uerbis
388 2026 426 2090 de
443 2026 605 2091 domicilio
622 2026 724 2092 futuri
743 2026 859 2090 summi
882 2026 1009 2112 imperii
1030 2048 1104 2092 oon-

128 2113 258 2178 firmata
273 2115 322 2177 est
344 2112 507 2176 condicio!
531 2113 626 2176 oredo
648 2111 820 2195 indignum
836 2111 897 2175 diis
919 2113 1104 2176 existiman·

127 2199 218 2264 tibus
239 2196 465 2282 prosperrimis
487 2218 544 2261 uus
568 2196 638 2259 ioiis
653 2195 836 2260 Romanum
858 2217 977 2260 nomen
999 2200 1105 2260 ortum
1119 2213 1145 2256 ao

129 2281 332 2348 Veientanae
355 2281 443 2346 urbis
466 2219 681 2366 appellatione
699 2281 818 2345 mutari
840 2280 1036 2364 inclitaeque
1057 2281 1105 2345 ui·

132 2367 253 2433 ctoriae
276 2365 373 2431 decus
395 2366 491 2431 modo
513 2366 657 2430 abiectae
680 2366 769 2429 urbis
790 2365 894 2430 ruinis
916 2364 1054 2430 infundi.

195 2451 227 2516 2.
260 2449 366 2515 Huius
388 2454 455 2515 tam
477 2450 634 2534 praeclari
663 2451 768 2534 operis
801 2453 914 2515 auctor
940 2448 1104 2534 Camillus,

131 2558 207 2602 cum
230 2539 315 2600 esset
335 2539 485 2620 precatus
507 2538 553 2615 ut,
576 2537 602 2598 si
620 2535 672 2600 cui
688 2536 820 2600 deorum
843 2533 1105 2606 nimiafelicitas

130 2621 245 2706 populi
260 2620 398 2685 Romani
413 2620 587 2703 uideretur,
610 2621 678 2684 eius
700 2619 824 2684 inuidia
843 2641 901 2684 suo
925 2619 1034 2702 aliquo
1057 2621 1104 2684 in·
1121 2638 1148 2678 aa

200 2811 216 2859 2
236 2805 318 2875 fugat
335 2803 373 2867 N,
393 2805 493 2872 fugata
512 2803 595 2860 Getta
605 2805 661 2860 298
678 2809 704 2859 ct
719 2803 833 2872 Novak,
852 2803 926 2874 fugit
938 2803 1003 2858 Mai
1016 2803 1105 2859 Halm

131 2875 199 2996 lisa}
211 2873 324 3010 ubrirotba
334 2871 492 2996 §fluxerat
517 2872 561 2936 N,
592 2889 640 2928 cm.
660 2873 712 2928 Du
731 2871 819 2940 Rieu,
846 2870 922 2926 bruti
949 2871 1105 2926 aduenerat
1183 2897 1188 2902 ·

201 3050 217 3098 3
235 3041 369 3096 Deiotaro
388 3043 449 3110 (sic)
469 3041 533 3108 LA,
557 3041 606 3096 ced
623 3047 707 3097 autea
723 3042 838 3096 titulum
856 3040 903 3094 DE
922 3039 1104 3096 OMINIBVS

130 3111 212 3166 babet
230 3109 267 3177 L,
285 3125 364 3178 quem
380 3110 407 3164 b.
426 3110 443 3166 i.
463 3125 571 3164 aarum
584 3114 650 3232 {ost
670 3114 696 3164 6.
717 3112 869 3178 aequatum
887 3109 931 3162 est
952 3109 1051 3164 luserit
1068 3125 1103 3164 m.

130 3183 151 3238 2
167 3180 196 3233 A
214 3179 224 3246 ΙΙ
241 3178 389 3246 auspicato
407 3177 475 3243 LA,
500 3183 532 3231 ut
553 3192 582 3232 co
604 3223 611 3236 ‚
633 3176 695 3232 Vat.
716 3176 774 3232 oia.
792 3176 826 3231 de
843 3191 900 3244 rep.
918 3177 964 3244 ΙΙ,
983 3180 1020 3232 29
1032 3178 1042 3246 ΙΙ
1055 3193 1104 3245 ge-v

130 3246 222 3302 renti*
238 3245 275 3311 L,
293 3245 418 3314 gerentis
435 3245 464 3298 A
476 3246 515 3315 l5
533 3245 568 3300 ab
588 3261 638 3303 om.
661 3245 730 3300 Pur.
743 3245 782 3314 lit
801 3243 850 3297 DE
869 3242 987 3298 ΟΜΙΝΕ
1004 3245 1074 3301 Par.
1090 3247 1102 3314 tt
1142 3255 1144 3261 '

131 3321 149 3371 8
166 3314 291 3370 omnium
303 3313 340 3366 L¹
354 3313 363 3381 ΙΙ
377 3314 523 3368 contractu
541 3314 579 3367 A²
592 3315 602 3382 ss
614 3312 766 3383 relegionis
779 3312 814 3377 L,
833 3311 978 3384 religionis
996 3314 1032 3379 A,
1054 3329 1103 3368 cm.

59 3411 61 3416 ·
134 3382 261 3452 coaetus
278 3381 288 3450 ΙΙ
306 3387 339 3436 10
357 3380 512 3434 creduntur
528 3393 587 3446 uos,
607 3382 732 3435 creditur
750 3380 810 3434 LA
819 3379 906 3436 Halm
923 3383 933 3450 ιΙ
952 3387 982 3435 11
1004 3381 1104 3460 agellis

131 3452 170 3505 A¹
188 3452 198 3518 ΙΙ
216 3447 337 3503 distecta
348 3448 375 3501 L
388 3449 397 3516 ΙΙ
412 3453 442 3501 12
461 3448 557 3502 utrum
575 3449 650 3512 ueta,
668 3449 711 3502 uti
729 3449 783 3502 LA
796 3448 805 3516 ΙΙ
826 3454 856 3502 13
875 3464 890 3502 e
907 3449 1050 3518 praesidio
1064 3449 1105 3502 Α2

7 3569 19 3578 ,
133 3519 232 3585 Eum,
251 3517 341 3572 acacio
359 3533 399 3571 ua
415 3521 495 3584 recte,
514 3521 545 3570 at
561 3533 590 3572 u.
610 3516 647 3573 N.
657 3517 689 3587 Q.
703 3532 734 3586 p.
746 3519 780 3572 13
797 3515 939 3575 etBloum
952 3533 982 3586 p.
993 3521 1027 3572 19
1043 3517 1053 3584 ΙΙ
1073 3521 1104 3572 19

133 3592 199 3642 aute
215 3584 364 3654 indignum
381 3583 455 3640 idem
471 3585 566 3642 uocat,
586 3600 655 3640 crue.
674 3583 701 3637 L
