2562 3950
231 149 295 214 532
384 144 492 200 ulau.
511 143 587 198 cnr.
598 147 640 209 ιο,
658 141 723 196 uxi.
734 149 760 196 a.
779 140 902 196 slew.
921 140 1130 207 csP.1,1-8,

232 305 349 380 egeret,
379 321 395 360 e
424 301 539 360 duobus
561 300 632 359 filiis
655 299 797 359 maiorem
819 301 893 360 natu
914 299 1042 358 nomine
1066 299 1212 378 Gryllum

233 387 311 463 apud
326 386 509 446 Mantineam
532 387 564 444 in
585 384 699 461 proelio
722 385 862 444 cecidisse
883 385 1044 458 cognouit:
1071 403 1136 446 nec
1151 387 1212 445 ideo

233 473 433 532 instititutum
455 471 571 529 cultum
593 469 717 528 deorum
738 470 885 542 mutauit,
908 468 1009 527 solum
1029 471 1150 532 tamen
1172 491 1213 530 co·

233 576 338 617 ronam
360 556 507 632 deposuit.
544 573 635 630 quam
656 557 688 612 et
708 555 816 632 ipsam,
838 572 907 613 cum
930 552 1072 614 audisset
1093 555 1215 616 fortiter

234 644 419 718 pugnantem
442 639 590 718 cecidisse,
614 639 717 698 statim
740 638 910 714 resumpsit.

200 738 216 786 3
298 725 501 801 Anaxagoras,
524 742 590 782 eum
611 722 667 782 filii
688 725 816 782 mortem
838 721 981 794 audisset,
1007 723 1109 784 ‘nihil
1133 726 1214 784 mihi’

235 810 337 886 inquit
359 810 596 884 ‘inexpectatum
613 810 670 887 ,aas
691 826 804 867 nouum
826 806 963 866 nuntias:
985 825 1046 884 ego
1074 811 1166 870 enirn
1188 829 1217 869 ex

235 914 283 954 me
305 898 410 954 natum
432 893 562 952 sciebam
584 909 647 952 esse
670 893 852 952 mortelem'.

524 1291 678 1358 LIBER
704 1289 910 1358 SEXTVS.

571 1449 625 1509 Du
648 1447 865 1508 PVDICITIA.
1226 1465 1237 1501 ι·

184 1559 236 1627 1,1
303 1553 451 1624 Lucretia,
475 1570 541 1611 cum
564 1571 582 1609 a
604 1551 671 1610 Sex.
696 1550 857 1628 Tarquinio
879 1550 958 1626 regis
980 1549 1047 1610 filio
1071 1573 1136 1628 per
1160 1557 1217 1613 uim

236 1639 373 1713 stuprum
399 1636 463 1713 pati
491 1639 594 1695 coacta
622 1635 808 1713 grauissimis
832 1634 931 1694 uerbis
953 1635 1109 1696 iniuriam
1135 1659 1215 1699 suam

235 1725 267 1782 in
290 1723 414 1782 concilio
438 1721 588 1781 docuisset
602 1719 846 1795 necessariorum,
867 1720 945 1778 ferro
961 1736 1003 1793 se,
1025 1723 1117 1797 quod
1135 1728 1215 1784 ueste

235 1811 347 1867 tectum
369 1807 528 1880 adtulerat
552 1805 712 1867 interemit.

202 1904 217 1952 2
300 1891 375 1952 Cum
397 1890 514 1967 Appius
543 1889 683 1948 Claudius
711 1888 861 1948 decemuir
888 1887 965 1946 filiae
988 1885 1171 1966 Verginis
1174 1897 1233 1952 tua

235 1995 323 2052 prum
350 1977 532 2052 pertinacius
562 1976 728 2051 expeteret,
701 1972 951 2032 tdeductam
943 1992 974 2030 ιιι
997 1973 1106 2034 forum
1132 1982 1213 2055 peter

237 2060 367 2135 puellam
391 2059 507 2118 occidit.

202 2159 218 2206 3
300 2144 424 2204 Pontius
446 2143 625 2204 Aufidianus
647 2159 739 2218 eques
761 2113 929 2212 Romanus,
951 2143 1124 2217 postquam
1148 2165 1211 2206 eou-

235 2229 315 2303 perit
348 2227 426 2286 filiae
459 2247 530 2288 snae
562 2228 768 2304 uirginitatem
802 2245 820 2284 a
852 2227 1025 2302 paedagogo
1056 2229 1212 2302 proditam

236 2312 352 2371 Fannio
370 2311 424 2371 Sat
410 2313 543 2385 turnino,
565 2312 671 2388 punito
687 2329 772 2370 seruo
787 2311 918 2386 puellam
935 2328 1055 2386 quoque
1071 2316 1233 2378 necauit.³¹

202 2411 218 2458 4
301 2396 334 2456 P.
358 2397 493 2457 Maenius
518 2397 609 2456 libert
597 2400 661 2456 tum
691 2413 793 2472 suum,
824 2396 906 2470 quod
933 2394 1013 2453 filiae
1044 2413 1122 2457 suae
1156 2402 1213 2459 iam

237 2482 335 2542 nubili
358 2482 494 2542 osculum
516 2482 657 2555 dedisset,
682 2481 792 2556 puniit.

203 2581 219 2629 5
301 2566 457 2636 crebius
480 2567 627 2626 Maximus
648 2583 758 2642 poenas
781 2584 798 2622 a
819 2564 880 2624 filio
902 2565 1001 2640 exegit
1023 2563 1145 2627 dubiae
1170 2588 1212 2628 ea·

237 2652 347 2711 stitutis
369 2652 428 2710 et
420 2671 483 2727 ipse
505 2651 602 2727 patria
624 2650 723 2710 cessst.

203 2749 219 2796 6
301 2736 334 2795 Ρ.
352 2736 466 2796 Atilius
485 2733 648 2813 Philiscus,
672 2753 739 2793 cum
760 2735 793 2792 in
814 2733 944 2810 pueritia
966 2750 1092 2808 corpore
1117 2755 1210 2813 quaa·
1222 2735 1246 2789 s

236 2823 316 2880 stum
338 2840 355 2879 a
377 2820 497 2879 domino
521 2821 617 2879 faeere
639 2822 756 2878 coactus
779 2820 865 2896 esset,
889 2817 981 2876 filiam
1002 2835 1101 2893 suam,
1130 2823 1213 2899 quod

237 2906 332 2981 stupri
355 2924 387 2965 se
409 2905 531 2963 crimine
554 2903 806 2980 coInquinauerat,
829 2863 992 2961 interemit.

203 3001 219 3051 8
302 2989 449 3065 Metellus,
473 2991 627 3065 stuprosae
649 2988 759 3047 mentis
775 3005 842 3046 acer
855 2986 1001 3063 poenitor,
1026 2984 1082 3050 On.
1101 2988 1212 3070 Sergio

238 3073 300 3133 Silo
322 3074 539 3149 promissorum
561 3073 649 3132 matri
664 3071 793 3131 familiae
807 3089 998 3130 nummorum
1012 3074 1115 3147 gratia
1134 3077 1246 3136 diem

238 3157 275 3216 ad
296 3159 442 3234 populum
466 3158 551 3216 dixIt.
1133 3237 1138 3250 ἱ
1223 3173 1236 3210 ι·

308 3325 319 3370 1
341 3320 368 3386 e]
387 3336 451 3372 eum
463 3321 473 3386 {l
486 3319 599 3386 grylum
618 3319 694 3387 apud
713 3318 878 3385 antineamn
898 3324 928 3372 13
947 3317 1115 3396 doluisset(
1104 3321 1154 3390 (aa
1167 3324 1213 3378 de·

258 3383 375 3437 loraeset
364 3385 468 3450 wal)
486 3393 570 3452 recte,
588 3392 621 3440 ut
637 3386 708 3464 uid,
729 3386 830 3440 Gertz*
845 3386 866 3463 ΙΙΙ
893 3391 923 3439 15
941 3385 1059 3453 Vergini
1077 3401 1134 3444 ms
1153 3408 1213 3447 casn
1245 3349 1246 3434 l

266 3449 313 3509 al,
326 3451 436 3526 Virgini
448 3452 544 3517 Halm,
561 3453 679 3530 uirginis
696 3427 756 3509 cod.
770 3455 780 3522 ΙΙ
795 3452 852 3506 16“
842 3469 872 3505 ιιι
885 3451 944 3506 foro
957 3453 967 3521 11
981 3459 1012 3506 19
999 3401 1190 3528 pedagogo
1200 3461 1246 3528 ΙΙ

238 3518 270 3566 27
289 3519 511 3581 conqurneuerat
522 3521 532 3586 l
545 3525 578 3573 29
596 3519 658 3573 silio
