2606 3958
210 169 274 234 340
623 166 689 226 ma.
708 166 769 221 vu.

211 342 303 385 suum
320 320 441 384 oraculi
462 322 670 403 praeceptum
684 319 857 400 retulisset,
881 319 1049 403 asinarius,
1074 321 1114 384 ‘si
1135 322 1187 386 ita

211 411 271 469 est’
294 405 411 488 inquit,
435 411 519 482 ‘rex‚
548 404 647 468 alium
676 425 746 468 sors
768 403 843 468 huie
866 406 964 469 morti
986 405 1185 471 destinauit:

210 511 287 554 nam
309 490 440 569 asellus,
465 510 559 572 quem
582 509 642 573 ego
666 492 741 554 ante
764 509 815 552 me
837 490 983 573 agebam,
1006 491 1097 572 prior
1119 490 1185 555 tibi

210 574 372 640 occurrit'.
409 574 585 638 delectatus
607 573 791 637 Alexander
813 577 845 637 et
866 573 952 638 illius
975 579 1042 640 tam
1064 574 1186 640 callido

184 660 298 724 edicto
321 662 353 724 et
368 658 453 743 quod
474 659 543 741 ipse
557 658 599 722 ab
614 677 721 722 errore
736 662 906 722 reuocatus
929 661 1014 742 erat,
1038 659 1185 726 occasio-

210 766 285 808 nem
299 745 335 807 in
350 743 515 827 aliquanto
538 742 651 806 uiliore
666 742 798 806 animali
813 743 992 826 expiandae
1011 743 1185 827 religionis

210 828 328 912 rapuit.
372 849 496 892 summa
528 826 563 890 in
595 827 658 891 hoo
680 830 702 907 †
724 827 951 912 mansuetudo,
985 830 1021 892 in
1048 829 1184 893 alterius

210 913 295 997 regis
319 913 472 996 equisone
496 909 664 975 calliditas.
751 933 754 938 ·

273 997 305 1060 2.
335 996 470 1061 Sordida
498 1015 668 1080 magorum
697 994 918 1067 dominatione
941 1017 1093 1080 oppressa
1115 995 1184 1062 Da·

173 1105 198 1144 ro
210 1083 276 1146 rius
310 1102 366 1144 sex
401 1080 599 1144 adiutoribus
629 1079 770 1144 eiusdem
800 1080 969 1164 dignitatis
1003 1081 1184 1165 adsumptis

210 1168 342 1250 pactum
376 1185 451 1229 cum
479 1164 635 1247 praeclari
665 1165 772 1248 operis
804 1165 1007 1230 consortibus
1035 1166 1113 1230 feeit
1143 1170 1184 1230 ut

210 1251 300 1333 equis
315 1249 492 1314 insidentes
508 1249 583 1314 solis
598 1252 673 1314 ortu
689 1271 818 1314 cursum
839 1251 874 1313 in
889 1250 1050 1333 quendam
1071 1251 1183 1316 locum

210 1334 399 1418 dirigerent,
422 1335 512 1418 isque
527 1354 629 1418 regno
652 1334 823 1418 potiretur,
847 1335 936 1400 cuius
959 1356 1058 1418 equus
1081 1335 1117 1400 in
1140 1356 1182 1400 eo

209 1420 332 1504 primus
360 1420 529 1483 hinnisset.
573 1421 714 1482 ceterum
741 1419 898 1483 maximae
926 1420 1081 1484 mercedis
1103 1440 1172 1485 con

173 1526 198 1566 15
212 1505 403 1588 petitoribus
430 1504 580 1569 fortunae
608 1503 800 1568 beneficium
826 1505 1070 1586 expectantibus
1093 1504 1182 1568 solus

211 1589 356 1654 acumine
380 1589 544 1673 equisonis
566 1588 616 1652 sui
638 1587 771 1652 Oebaris
796 1609 986 1672 prosperum
1008 1592 1183 1672 exoptatae

210 1674 258 1738 rei
280 1673 426 1739 effectum
448 1675 618 1738 adsecutus
641 1675 709 1754 est,
740 1673 796 1756 qui
823 1673 860 1736 in
882 1694 981 1756 equae
1004 1674 1182 1757 genitalem
1287 1731 1293 1756 Σ

210 1763 336 1843 partem
358 1758 528 1823 demissam
550 1778 697 1839 manum,
722 1777 794 1821 cum
816 1756 856 1821 ad
879 1779 952 1821 eum
974 1758 1082 1822 locum
1102 1779 1182 1823 uen-

211 1847 280 1907 tum
302 1846 401 1922 esset‚
425 1843 556 1907 naribus
572 1842 646 1925 equi
668 1841 822 1906 admouit.
860 1862 924 1925 quo
947 1842 1043 1907 odore
1064 1843 1181 1908 inrita·

173 1946 198 1986 20
211 1931 262 1992 tus
290 1931 365 1993 ante
395 1948 506 1992 omnes
528 1927 693 1990 hinnitum
715 1925 829 2005 edidit,
858 1926 1029 2010 auditoque
1059 1947 1095 1993 eo
1123 1949 1182 1993 sex
1292 1931 1293 1947 ¹

211 2010 327 2095 reliqui
355 2033 497 2076 summae
525 2011 693 2095 potestatis
721 2011 883 2075 candidati
911 2012 1067 2077 continuo
1089 2013 1181 2097 equis

212 2095 350 2179 delapsi,
393 2098 430 2160 ut
474 2099 522 2160 est
565 2116 634 2159 mos
672 2095 860 2174 Persarum,
905 2096 1000 2160 humi.
1037 2102 1181 2181 prostra-
1291 2099 1292 2178 1

211 2181 254 2244 tis
282 2180 469 2262 corporibus
498 2179 631 2244 Darium
660 2201 771 2264 regem
798 2181 1027 2246 salutauerunt.
1080 2203 1181 2266 quan·

282 2335 294 2382 1
315 2329 423 2384 oraculi
442 2331 463 2397 (i
476 2331 540 2386 eafa
555 2334 636 2399 corr.)
655 2331 682 2384 L
695 2333 704 2400 11
718 2331 874 2385 rettulisset
884 2331 1016 2387 A²Halm
1029 2333 1039 2400 1
1052 2332 1179 2387 asinarus

212 2400 292 2466 (corr.
310 2399 364 2465 ius)
383 2397 410 2451 L
423 2399 461 2466 112
479 2399 578 2467 inquid
595 2399 633 2451 A¹
655 2401 666 2468 1
688 2405 703 2452 7
721 2400 750 2451 in
768 2398 833 2468 hoa]
853 2400 919 2458 odd.
939 2416 1003 2454 cum
1021 2400 1178 2454 calliditate

212 2481 308 2535 marpo
324 2466 352 2519 A
376 2467 386 2534 11
410 2464 609 2535 mansuetudo]
629 2471 694 2534 post
710 2465 736 2520 t.
755 2482 782 2521 a.
800 2471 895 2535 script.
914 2473 990 2537 erat,
1012 2469 1062 2522 aed
1079 2468 1179 2523 deiude

212 2549 283 2588 erce.
303 2550 413 2588 summa
430 2535 463 2588 ia
479 2550 545 2604 mrp.
558 2534 595 2603 A,
614 2536 646 2588 ia
661 2534 786 2603 proximi
802 2551 900 2589 ausus
917 2536 981 2589 tait.
999 2537 1077 2589 sima
1113 2552 1178 2602 uoq:

212 2603 245 2656 a’a
262 2619 316 2660 rus.
334 2602 376 2670 A,
404 2602 478 2670 quod
499 2603 599 2656 soluere
621 2602 727 2658 dictum
744 2616 801 2655 aare
819 2602 930 2658 debebat
946 2604 1067 2672 recipere
1116 2604 1180 2669 olm,
1290 2623 1291 2630 ¹

210 2670 260 2725 aed
285 2670 352 2724 cdd.
380 2669 446 2736 fort.
473 2685 583 2722 summa
608 2670 653 2725 ael
681 2670 806 2724 maxima
826 2671 886 2724 siue
909 2687 1031 2739 quoque.
1069 2671 1180 2726 melius:

211 2753 321 2792 summa
339 2737 368 2791 in
386 2737 440 2791 hoc
458 2737 592 2803 asinario,
611 2753 702 2806 neque
720 2737 814 2791 minor
830 2737 859 2791 in
878 2737 927 2794 alt.
946 2756 967 2793 r.
987 2755 1031 2806 eq.
1051 2738 1116 2793 call.
1135 2739 1180 2794 ael

213 2821 339 2859 summae
357 2805 386 2858 in
403 2805 457 2858 hoe
475 2804 596 2859 astutiae
614 2821 667 2874 par
683 2804 735 2858 illa
751 2804 781 2858 in
799 2805 849 2859 alt.
870 2805 953 2860 Gertz
965 2822 996 2874 p.
1010 2809 1073 2860 287.
1090 2805 1180 2861 auda·

212 2874 285 2928 dus:
310 2889 420 2926 summa
438 2873 466 2925 in
485 2872 538 2926 hoc
556 2873 676 2927 asinario
701 2873 819 2938 astutia,
846 2872 876 2926 in
893 2873 944 2927 illo
962 2875 1098 2942 equisone
1117 2874 1180 2930 call.

217 2939 526 3010 Weualcp1884p.788.
549 2955 620 3008 quae
637 2939 715 2994 edidi
733 2940 832 2996 lrabeat
845 2941 873 2994 L
884 2945 910 2996 et
928 2941 993 2998 dett.
1011 2942 1065 2996 mei
1082 2956 1181 2997 meua.

212 3010 317 3064 arseio:
342 3025 381 3062 ua
398 3013 508 3062 mutato
525 3024 555 3067 u.
578 3006 766 3062 mansuetudo
785 3009 817 3062 tu
839 3008 961 3062 asinario
984 3010 1094 3078 reliqua
1110 3015 1181 3065 recte

212 3076 371 3144 procederat.
396 3075 431 3141 cf.
444 3075 505 3129 III
517 3078 538 3130 2
558 3078 595 3130 12
611 3080 638 3130 et
654 3090 726 3144 quac
743 3089 800 3130 com
821 3077 883 3131 caua·
900 3077 931 3130 iu
950 3076 1177 3146 adactam

215 3149 247 3199 ιο
266 3159 315 3198 sex
334 3143 502 3221 demtus,
520 3115 608 3198 diat.
626 3143 691 3205 11,
713 3156 764 3220 sex
815 3143 843 3197 A
864 3146 874 3213 1
897 3149 928 3198 12
947 3159 1015 3216 equs
1033 3145 1081 3211 m,
1100 3147 1181 3216 equa

213 3211 275 3279 A¹u
290 3217 320 3266 13
339 3227 372 3265 ae
395 3228 436 3264 urs
454 3210 524 3264 LA¹
538 3212 593 3331 lqlt
611 3212 752 3279 equisonrs
770 3211 813 3264 sui
830 3212 909 3277 LA²‚
929 3211 1180 3282 equisonissitA¹l

215 3278 360 3332 cibaris
411 3278 461 3346 Α11
474 3294 508 3332 cx
527 3294 543 3331 o
564 3280 625 3350 tate
642 3278 703 3346 Α111
722 3281 753 3332 17
771 3279 824 3337 litt.
843 3278 938 3348 quiin
957 3295 1046 3348 equae
1064 3281 1132 3349 geni
1149 3281 1182 3336 ia

214 3358 269 3400 rue.
288 3345 316 3397 A
336 3346 347 3412 1
369 3359 459 3414 equae
477 3349 542 3400 m.3
559 3360 628 3400 corr.
648 3362 682 3400 aa:
700 3360 762 3414 eaq.
776 3346 810 3425 ‚L
830 3348 840 3415 11
864 3352 895 3401 18
913 3347 1057 3402 dimissam
1074 3348 1181 3469 21}an

215 3410 290 3486 esset
301 3411 379 3488 LA,
399 3415 443 3465 est
459 3412 547 3467 Halm
565 3418 682 3494 typopr.³
699 3417 731 3466 ot
747 3414 819 3480 aad„
837 3429 928 3470 errore
944 3415 955 3484 11
972 3414 1050 3536 quoq·
1060 3433 1111 3538 <pu
1157 3432 1182 3470 c-

214 3479 497 3609 cardea?
512 3479 1052 3618 {aestimatiora
1274 3573 1288 3910 1

1118 3485 1182 3552 naa
