2590 3948
499 166 719 226 PRAEFATIO.
1010 168 1088 236 XXV

122 321 278 386 notabilis
301 321 396 386 lectio
418 321 523 386 estin
546 319 572 384 1.
594 321 625 405 4,
641 321 670 386 3.
694 321 765 386 init.
782 322 827 406 (p.
847 323 919 404 177,
936 321 1007 404 15):
1029 343 1091 406 eoo

121 409 204 473 istae
223 458 235 470 ..
256 457 262 470 .
281 453 289 469 .
307 411 408 489 pestes
423 411 648 489 penetrarant,
670 407 795 472 mimia
817 407 1017 490 dominatur,
1041 405 1116 473 tm‘

120 493 231 574 famia
251 491 386 574 floprot
409 494 461 556 me
482 491 620 573 habitat,
649 490 728 556 bello
748 493 934 574 pipmmtm.
975 493 1091 573 semem-

122 578 207 642 tibms
234 577 334 658 ipitm
361 577 480 658 limparis
507 577 682 640 contrarios
708 576 758 641 bis
790 581 856 640 tom
889 577 970 642 deiris
1002 578 1093 644 mitiis

122 681 227 726 mores
241 680 520 742 commemoremus,
544 682 561 724 c
578 661 694 743 quibus
710 682 752 724 uu
766 709 773 724 .
785 661 837 725 m‘s
851 661 976 726 habitat
990 683 1091 746 usquc

123 747 369 827 adsumentibus
390 747 489 828 ipitm
510 745 545 810 in
562 748 591 808 A
606 748 639 809 et
660 745 695 808 in
717 745 866 809 omnibus
881 745 1092 811 deterioribus

124 830 290 896 codicibus
319 834 446 914 praeter
468 829 570 893 Andr.
593 827 718 894 Schotti
742 829 859 894 librum
887 833 1092 906 omittuntur,

123 936 206 997 quae
229 937 247 979 a
269 936 320 979 mc
342 914 467 978 reddita
481 913 611 980 Valerio
633 915 712 997 quin
734 915 878 999 genuina
898 915 965 979 sint
987 918 1020 980 et
1034 936 1090 979 an·

122 1001 236 1148 tippo„¹
252 999 307 1083 qui
329 999 397 1063 eius
420 999 546 1064 dicendi
567 1019 671 1082 genus
692 999 837 1082 nouerit,
866 999 976 1064 nullus
999 998 1091 1064 dubi·

121 1088 157 1148 ts
179 1085 215 1148 it.

188 1084 252 1232 flii
273 1168 427 1251 exemplis
450 1188 521 1232 cum
544 1167 615 1232 luce
638 1167 754 1232 clarius
776 1172 931 1253 appareat
952 1167 1093 1233 Lauren·

122 1253 248 1318 tienum
272 1274 339 1317 non
354 1273 422 1317 esse
438 1252 630 1337 descriptum
653 1251 854 1330 eBernensi,
868 1253 981 1318 eodem
996 1253 1091 1318 modo

122 1337 219 1402 facile
241 1338 401 1402 euincitur
422 1358 464 1401 ne
486 1337 584 1420 hunc¹
597 1336 726 1420 quidem
754 1359 772 1401 e
795 1337 1011 1402 Laurentiano
1033 1337 1093 1402 fiu-

123 1423 225 1500 xisse,
255 1421 310 1506 qui
332 1423 400 1506 ipse
424 1443 550 1505 quoque
573 1421 696 1486 lacunis
726 1426 759 1486 et
785 1421 1093 1506 interpolationibus

124 1507 249 1592 aliquot
270 1507 405 1584 laborat,
431 1527 564 1590 quarum
580 1505 755 1570 Beruensis
778 1527 891 1590 expers
913 1511 970 1571 est.
1002 1508 1093 1572 cuius

124 1591 254 1677 generis
276 1595 314 1656 ut
334 1612 438 1675 pauca
460 1592 614 1675 quaedam
642 1591 806 1674 proferam
834 1591 996 1674 exempla,
1025 1612 1092 1655 non

122 1697 252 1760 possum
274 1677 356 1740 mihi
378 1675 568 1759 persuadere
593 1679 620 1756 1,
639 1677 666 1740 1.
682 1675 703 1738 4
721 1681 766 1758 (p.
781 1675 812 1758 4,
827 1675 863 1761 3)
885 1675 943 1738 illa
964 1677 1093 1740 deorum

121 1761 343 1827 immortalium
364 1762 470 1826 mortis
485 1761 674 1842 temporibus
689 1761 836 1843 bellisque
850 1761 996 1842 dimersis,
1009 1781 1092 1844 quse

123 1850 237 1910 extant
259 1847 293 1910 in
317 1845 342 1910 b
364 1849 397 1909 et
419 1845 629 1909 deterioribus
651 1845 814 1922 omnibus,
841 1845 1035 1910 omittuntur
1057 1846 1092 1910 in

125 1931 196 1995 solo
226 1929 400 2010 Beruensi,
436 1929 581 2012 profecta
611 1951 680 1994 esse
713 1952 732 1995 a
759 1929 901 1994 Valerio.
945 1930 983 2008 6,
1006 1931 1091 1994 1.11

124 2018 171 2098 (p.
187 2014 261 2092 275,
280 2014 313 2101 1)
334 2016 474 2093 mittetis,
498 2016 581 2097 quod
604 2014 690 2078 linea
708 2014 900 2079 subductum
923 2014 1043 2099 legitur
1058 2017 1093 2079 in

121 2099 157 2180 la,
181 2100 294 2182 procul
318 2099 416 2163 dubio
439 2120 478 2162 ex
493 2099 760 2183 interpretatione
782 2098 905 2164 librarii
928 2100 1092 2164 cuiusdam

121 2185 288 2249 inuectum
311 2184 403 2248 abest
423 2184 458 2247 in
482 2185 520 2246 A.
545 2187 656 2248 contra
680 2185 710 2264 7,
727 2185 756 2248 3.
774 2186 793 2244 2
809 2187 853 2266 (p.
870 2185 948 2263 334,
968 2184 1021 2268 16)
1038 2205 1091 2248 uu.

122 2271 255 2334 ememtes
285 2288 375 2350 emas,
403 2272 437 2332 et
463 2267 542 2332 ibid.
558 2271 621 2333 ext.
645 2269 666 2331 2
687 2270 733 2352 (p.
749 2268 821 2344 340,
837 2267 892 2349 23)
916 2290 968 2334 uu.
990 2289 1093 2351 repem

122 2374 225 2437 usque
243 2353 281 2418 ad
304 2355 482 2436 imperium,
505 2353 583 2417 item
601 2353 629 2435 7,
644 2354 676 2417 5.
692 2354 712 2417 3
729 2353 775 2437 (p.
788 2353 861 2434 351,
877 2353 934 2438 25)
957 2375 1009 2417 uu.
1025 2355 1091 2418 m'r·

122 2443 219 2504 rotem
243 2475 282 2484 —
306 2440 458 2520 qmom'om
482 2439 669 2502 exciderunt
691 2437 725 2501 in
749 2437 783 2516 L,
807 2458 873 2502 non
895 2437 930 2501 in
953 2439 992 2501 A.
1014 2481 1017 2488 ·

122 2595 326 2603 ——a—-a

193 2676 218 2741 1)
246 2673 332 2727 Liber
349 2675 480 2727 Andreae
499 2673 608 2727 Schotti
635 2689 698 2726 curn
727 2673 755 2726 in
783 2674 827 2726 tot
853 2675 968 2740 tamque
997 2674 1092 2741 singu·

121 2742 229 2796 laribus
246 2741 414 2795 lectionibus
431 2740 516 2809 plane
530 2739 672 2810 conspiret
685 2743 716 2794 et'
726 2741 877 2795 conueniat
889 2757 953 2794 cum
966 2740 1091 2794 Lauren-

120 2811 209 2876 tiano,
229 2809 259 2862 in
276 2811 409 2887 promptu
427 2811 470 2862 est
487 2809 607 2886 suspicio
626 2808 773 2862 Schotturn
790 2809 851 2877 ipso
869 2807 919 2861 illo
936 2807 1009 2861 libro
1022 2806 1091 2861 olim

122 2877 293 2944 stabulensi,
312 2893 387 2930 nunc
405 2875 595 2931 Laurentreno
613 2893 694 2930 usum
714 2892 782 2941 essa,
799 2876 966 2944 praesertim
985 2891 1048 2928 cum
1060 2876 1091 2930 id

12 2965 15 2988 ν
122 2945 181 3000 elie
207 2944 294 2998 etiem
320 2961 351 2998 re
379 2944 536 2998 confirmari
565 2944 707 2998 uideatur:
738 2945 801 2999 eret
827 2943 901 2997 enim
928 2943 1012 2996 homo
1043 2943 1090 2998 ille

122 3011 303 3067 doctissimus
321 3027 336 3066 e
355 3012 496 3090 societate·
509 3012 574 3090 lesu¹
591 3011 786 3091 Antwerpiae‚
811 3026 884 3064 anno
911 3016 975 3064 1552
998 3016 1090 3079 natus,

123 3082 295 3158 praeceptcr
316 3079 575 3159 collegn'Romanr
602 3097 631 3132 1n
650 3084 747 3158 petne
769 3095 820 3132 sua
839 3078 921 3156 ,haud
947 3079 1046 3146 procul
1074 3095 1092 3159 a

120 3147 657 3292 tuttelstetdetumet}
679 3147 954 3282 llllultlletll.
973 3148 1091 3294 etet

122 3282 347 3406 tentis}
366 3282 470 3404 11111
483 3282 1092 3419 tt33“clettctttttt'iffittelff

25 3435 30 3442 ·
123 3419 233 3473 Schotti
243 3418 348 3471 librum
366 3435 453 3471 unum
465 3415 597 3485 idemque
611 3416 756 3497 exemplap
769 3419 854 3484 etque
868 3415 1090 3472 laurentianum

123 3503 182 3541 esee
202 3503 235 3541 eo
254 3485 357 3540 certius
375 3484 527 3553 colligitur,
547 3501 602 3552 quo
621 3501 712 3553 magis
730 3485 888 3553 singulares
901 3488 930 3539 et
947 3485 1090 3539 interdum

12 3581 20 3610 r
124 3553 262 3608 eolisillis
286 3553 429 3608 codicibus
451 3551 584 3621 propriae
607 3553 672 3606 eunt
694 3552 829 3608 lectiones
852 3552 917 3607 iude
941 3553 1091 3610 exhibitae.

168 3856 187 3895 f
258 3823 260 3828 .
