2604 3960
184 125 246 189 180
444 99 447 108 “
593 120 661 178 cre,
679 121 743 175 1111.

179 277 336 341 sidentem
358 273 430 338 foco
446 293 526 357 eque
541 273 651 357 ligneo
668 273 777 338 catillo
794 280 964 340 cenantem
979 311 1021 322 -
1038 273 1153 357 quales

179 361 290 458 epulas
305 362 487 458 ⁸apparatus
500 357 622 456 indiciq
638 361 687 456 cst
702 395 743 406 —
758 358 968 458 spectandum
982 359 1150 508 praebuit:

179 445 234 509 ille
261 466 348 509 emm
370 441 563 509 Samnitium
591 442 721 507 drurtras
748 447 960 528 contempsit,
1013 446 1153 508 ammtes

180 530 250 594 eius
278 531 501 614 paupertatem
532 527 641 592 mirati
673 532 763 592 sunt:
796 549 873 593 nam
905 549 978 593 cum
1010 528 1050 592 ad
1078 549 1154 592 eum

151 633 164 673 s
180 635 334 712 magnum
356 613 482 710 pondus
503 612 575 710 auri
593 611 720 696 publice
731 613 866 710 missum
881 613 1075 694 attulissent,
1098 613 1154 708 be-

178 719 288 881 rear
304 698 788 880 cursuscursus
803 697 1154 880 illaturus

177 871 308 1018 tritt
330 864 1071 1034 lttllttptttllatlal,darilla
1080 864 1151 1015 fils

141 1059 164 1096 ιο
178 1036 387 1131 locupletem,
411 1038 507 1117 atque
519 1034 607 1098 istud
622 1038 658 1098 ut
672 1035 857 1118 pretiosum,
881 1035 929 1099 ita
943 973 1030 1100 mlilo
1045 1034 1149 1098 homi·

176 1142 255 1184 num
277 1121 493 1216 encogrtatum
514 1140 631 1182 munus
648 1119 805 1216 'refertote
832 1123 865 1216 ct
885 1124 1076 1184 mementote
1099 1139 1152 1183 me

177 1225 236 1268 neo
258 1225 326 1268 acre
348 1224 436 1267 uinci
457 1224 517 1267 nec
538 1224 676 1287 pecunia
698 1224 860 1288 corrumpi
882 1212 998 1290 posse'.

240 1303 337 1381 Idem,
361 1324 434 1368 cum
457 1303 553 1369 Italia
576 1303 710 1388 Pyrrum
732 1324 842 1389 regem
865 1305 1042 1390 exegisset,
1067 1303 1150 1369 nihil

177 1389 309 1453 omnino
331 1409 370 1452 ex
397 1389 516 1471 praeda
541 1389 645 1473 regia,
677 1410 740 1472 qua
768 1389 943 1454 exercitum
970 1391 1145 1473 urbemque

139 1495 164 1535 15
178 1473 350 1554 ditauerat,
375 1473 503 1558 adtigit.
544 1473 678 1538 decretis
701 1473 799 1537 etiam
822 1495 843 1539 a
866 1477 982 1539 senatu
1006 1474 1146 1557 septenis

176 1557 340 1642 iugeribus
362 1558 433 1656 agri
455 1559 590 1642 populo,
614 1558 674 1622 sibi
697 1563 805 1623 autem
820 1558 1067 1644 quinquaginta,
1090 1579 1145 1642 po-

175 1643 296 1727 pularis
329 1642 564 1727 adsignationis
597 1641 727 1707 modum
763 1663 831 1708 non
864 1645 1001 1707 excessit
1034 1664 1146 1727 parum

175 1729 327 1793 idoneum
348 1727 394 1792 rei
416 1727 564 1810 publicae
586 1727 690 1791 ciuem
705 1727 891 1792 existimans
914 1729 969 1812 qui
991 1748 1040 1808 ec,
1063 1725 1147 1813 quod

179 1813 310 1896 reliquis
332 1812 540 1888 tribueretur,
569 1813 740 1876 contentus
762 1833 830 1877 non
852 1817 942 1878 esset.

139 1931 165 1971 ac
241 1913 270 1977 6.
308 1912 398 1976 Idem
420 1913 521 1976 sensit
541 1910 706 1976 Fabricius
728 1911 884 1977 Luscinus
910 1912 1088 1976 honoribus
1113 1917 1145 1978 et

178 1997 371 2062 auctoritate
404 1996 494 2060 omni
530 1997 659 2060 ciuitate
691 1997 890 2080 temporibus
927 1999 993 2061 suis
1029 1997 1144 2078 maior,

177 2103 275 2147 censu
296 2102 356 2165 par
376 2081 548 2166 unicuique
571 2081 789 2165 pauperrimo,
817 2083 872 2166 qui
894 2103 914 2146 a
935 2081 1144 2164 Samnitibus,

178 2187 257 2252 quos
274 2165 439 2230 uniuersos
455 2165 490 2230 in
502 2165 652 2230 clientela
662 2164 811 2249 habebat,
829 2166 949 2231 {aeris
961 2169 994 2230 et
1005 2184 1028 2231 v
1039 2164 1145 2250 pondo

179 2250 305 2334 argenti
320 2252 353 2314 et
367 2249 476 2314 decem
491 2271 598 2315 seruos
614 2250 676 2314 sibi
690 2251 804 2315 missos
819 2249 854 2314 in
869 2250 1035 2317 Samnium
1051 2251 1144 2315 remi·

140 2351 166 2391 2⁵
180 2335 237 2413 sit,
268 2334 485 2400 continentiae
514 2355 589 2400 suae
610 2334 767 2400 beneficio
796 2335 866 2399 sine
892 2335 1030 2419 pecunia
1058 2356 1148 2419 prae·

180 2419 284 2498 diues,
308 2419 377 2482 sine
399 2440 458 2484 usu
481 2419 622 2484 familiae
645 2419 771 2484 abunde
794 2419 982 2502 comitatus,
1007 2420 1082 2503 quia
1103 2420 1148 2484 lo·

109 2569 114 2576 ,
180 2502 339 2586 cupletem
367 2503 458 2568 illum
486 2503 629 2568 faciebat
655 2524 723 2569 non
750 2505 852 2569 multa
882 2504 1061 2588 possidere,
1095 2503 1150 2568 sed

180 2587 304 2653 modica
325 2587 516 2654 desiderare.
556 2609 633 2673 ergo
656 2588 768 2653 domus
791 2589 858 2654 eius
881 2588 1149 2672 quemadmodum

1133 863 1140 890 1

1143 913 1151 930 ι

248 2813 262 2860 1
281 2822 371 2875 aeque
389 2805 449 2860 LA
462 2808 472 2874 ΙΙ
485 2807 611 2862 catillino
624 2807 661 2860 A¹
676 2809 685 2876 ΙΙ
699 2808 864 2861 caecantem
882 2806 909 2860 L
922 2807 960 2876 112
979 2808 1095 2878 aepulas
1113 2807 1153 2862 sic

179 2890 283 2942 semper
295 2873 372 2996 ψ
389 2873 441 2952 1181
457 2873 520 2954 (ie.
538 2875 638 2942 uellet)
650 2874 692 2940 L,
711 2874 837 2953 uellate*
848 2876 888 2937 A,
912 2874 1003 2953 uellet
1018 2877 1048 2928 et
1059 2869 1151 2976 dm‘ll

181 2949 196 2999 7
214 2949 244 2996 et
260 2957 311 2998 om.
361 2943 389 2996 A
406 2943 416 3010 l
432 2942 533 3010 mquid
550 2942 588 2995 A¹
606 2943 615 3011 ΙΙ
632 2948 649 2997 8
667 2943 810 2996 sammbus
827 2942 866 2995 A¹
883 2944 892 3011 11
913 2957 1054 2996 mannum
1071 2942 1149 3008 LA,

180 3026 228 3064 ma
245 3010 355 3064 curium
371 3009 410 3065 A¹
425 3011 435 3079 ΙΙ
448 3015 478 3062 11
497 3012 640 3064 memento
659 3009 728 3064 LA¹
741 3011 751 3078 {l
764 3015 796 3064 13
813 3009 951 3080 phyrrum
967 3009 1007 3065 Al
1019 3010 1028 3078 ΙΙ
1043 3014 1075 3062 14
1092 3025 1151 3062 om·

180 3079 246 3156 nino
266 3077 324 3146 (aed
341 3093 377 3131 no
396 3094 430 3131 m.
448 3079 468 3131 2
485 3079 567 3144 corr.)
586 3076 618 3155 L,
637 3078 647 3146 l!
671 3077 794 3156 excitum
812 3078 851 3131 A¹
867 3079 937 3198 qrb
955 3077 1062 3156 docetis
1080 3079 1117 3132 Α1
1135 3077 1150 3178 μ

181 3148 268 3199 etram
285 3146 385 3200 senatu
404 3144 503 3214 L¹A¹l
523 3150 554 3198 16
592 3143 791 3215 uinquagrnta]
811 3145 854 3202 .l.
899 3146 927 3199 A
964 3149 994 3199 18
1012 3160 1062 3222 rep
1073 3143 1153 3209 LA,

180 3213 241 3280 reip
252 3213 290 3266 A²
302 3214 312 3281 fl
326 3218 358 3268 19
376 3214 418 3268 est
431 3212 492 3266 LA
510 3214 560 3282 120
572 3162 686 3266 lucinus
698 3213 736 3266 A¹
755 3217 779 3268 et
797 3213 830 3267 ia
846 3228 903 3269 rus.
962 3213 1016 3280 1121
1035 3211 1153 3293 amitat-e

181 3295 250 3362 DF,
274 3301 299 3351 et
318 3312 333 3350 e
351 3313 387 3357 m.
404 3299 424 3352 2
441 3311 510 3352 corr.
529 3297 568 3360 L,
591 3297 701 3352 ciuitati
719 3298 759 3363 A,
783 3313 822 3352 aa
839 3297 913 3351 ciui?
930 3296 1018 3351 Halm
1042 3297 1052 3365 l
1076 3302 1108 3350 23
1126 3295 1152 3348 X

181 3364 215 3484 qq
234 3379 255 3418 e.
277 3363 375 3417 decem
398 3364 489 3442 milia)
507 3365 534 3419 I.
553 3365 587 3420 F.
603 3364 777 3432 Graeceius,
800 3364 826 3418 X
842 3365 902 3419 LA
924 3365 934 3433 l
955 3370 987 3418 24
1006 3365 1036 3418 et
1054 3363 1152 3418 decem

212 3430 269 3484 alm
291 3446 305 3484 e
327 3431 410 3497 Par„
437 3432 556 3488 totidem
573 3432 648 3502 LA,
671 3432 740 3490 add.
763 3433 784 3487 I.
804 3432 835 3486 P.
860 3431 976 3486 missum
999 3447 1099 3486 aurum
1122 3431 1152 3486 et

183 3497 280 3552 decem
299 3513 394 3552 seruos
412 3513 507 3568 recreo
524 3501 552 3554 A
