<?xml version="1.0" encoding="UTF-8"?>
<!DOCTYPE html PUBLIC "-//W3C//DTD XHTML 1.0 Transitional//EN"
    "http://www.w3.org/TR/xhtml1/DTD/xhtml1-transitional.dtd">
<html xmlns="http://www.w3.org/1999/xhtml" xml:lang="en" lang="en">
 <head>
  <title>
</title>
<meta http-equiv="Content-Type" content="text/html;charset=utf-8" />
  <meta name='ocr-system' content='tesseract 3.04.00' />
  <meta name='ocr-capabilities' content='ocr_page ocr_carea ocr_par ocr_line ocrx_word'/>
</head>
<body>
  <div class='ocr_page' id='page_1' title='image "./valeriimaximifa00nepogoog_0289.png"; bbox 0 0 2608 3952; ppageno 0'>
   <div class='ocr_carea' id='block_1_1' title="bbox 191 152 735 224">
    <p class='ocr_par' dir='ltr' id='par_1_1' title="bbox 191 152 735 224">
     <span class='ocr_line' id='line_1_1' title="bbox 191 152 735 224; baseline 0.007 -20"><span class='ocrx_word' id='word_1_1' title='bbox 191 159 255 224; x_wconf 75' lang='lat'><strong>243</strong></span> <span class='ocrx_word' id='word_1_2' title='bbox 616 152 683 212; x_wconf 77' lang='lat' dir='ltr'><strong>MR,</strong></span> <span class='ocrx_word' id='word_1_3' title='bbox 702 153 735 208; x_wconf 85' lang='lat' dir='ltr'><strong>V.</strong></span> 
     </span>
    </p>
   </div>
   <div class='ocr_carea' id='block_1_2' title="bbox 152 303 1180 2590">
    <p class='ocr_par' dir='ltr' id='par_1_2' title="bbox 192 303 1180 644">
     <span class='ocr_line' id='line_1_2' title="bbox 256 303 1178 390; baseline -0.001 -18"><span class='ocrx_word' id='word_1_4' title='bbox 256 310 285 375; x_wconf 80' lang='lat'><strong>2.</strong></span> <span class='ocrx_word' id='word_1_5' title='bbox 322 309 373 374; x_wconf 88' lang='lat' dir='ltr'><strong>Nc</strong></span> <span class='ocrx_word' id='word_1_6' title='bbox 402 307 591 390; x_wconf 84' lang='lat' dir='ltr'><strong>tequidem,</strong></span> <span class='ocrx_word' id='word_1_7' title='bbox 617 303 723 388; x_wconf 81' lang='lat' dir='ltr'><strong>Oimc,</strong></span> <span class='ocrx_word' id='word_1_8' title='bbox 754 304 882 370; x_wconf 89' lang='lat' dir='ltr'><strong>silentio</strong></span> <span class='ocrx_word' id='word_1_9' title='bbox 904 305 1086 386; x_wconf 89' lang='lat' dir='ltr'><strong>inuoluam,</strong></span> <span class='ocrx_word' id='word_1_10' title='bbox 1118 308 1178 390; x_wconf 90' lang='lat' dir='ltr'><strong>qui</strong></span> 
     </span>
     <span class='ocr_line' id='line_1_3' title="bbox 192 389 1178 477; baseline -0.001 -20"><span class='ocrx_word' id='word_1_11' title='bbox 192 394 278 477; x_wconf 89' lang='lat' dir='ltr'><strong>patri</strong></span> <span class='ocrx_word' id='word_1_12' title='bbox 301 395 357 457; x_wconf 93' lang='lat' dir='ltr'><strong>tuo</strong></span> <span class='ocrx_word' id='word_1_13' title='bbox 381 393 581 476; x_wconf 75' lang='lat' dir='ltr'><strong>sepulturam</strong></span> <span class='ocrx_word' id='word_1_14' title='bbox 604 389 795 454; x_wconf 88' lang='lat' dir='ltr'><strong>uoluntariis</strong></span> <span class='ocrx_word' id='word_1_15' title='bbox 817 389 956 454; x_wconf 91' lang='lat' dir='ltr'><strong>uinculis</strong></span> <span class='ocrx_word' id='word_1_16' title='bbox 972 411 1079 455; x_wconf 90' lang='lat' dir='ltr'><strong>emere</strong></span> <span class='ocrx_word' id='word_1_17' title='bbox 1102 413 1178 456; x_wconf 90' lang='lat' dir='ltr'><strong>non</strong></span> 
     </span>
     <span class='ocr_line' id='line_1_4' title="bbox 193 475 1180 559; baseline -0.001 -18"><span class='ocrx_word' id='word_1_18' title='bbox 193 478 360 543; x_wconf 74' lang='lat' dir='ltr'><strong>dubitasti:</strong></span> <span class='ocrx_word' id='word_1_19' title='bbox 395 498 471 541; x_wconf 91' lang='lat' dir='ltr'><strong>nam</strong></span> <span class='ocrx_word' id='word_1_20' title='bbox 503 476 564 540; x_wconf 90' lang='lat' dir='ltr'><strong>etsi</strong></span> <span class='ocrx_word' id='word_1_21' title='bbox 591 475 730 538; x_wconf 85' lang='lat' dir='ltr'><strong>maximo</strong></span> <span class='ocrx_word' id='word_1_22' title='bbox 760 475 820 539; x_wconf 93' lang='lat' dir='ltr'><strong>tibi</strong></span> <span class='ocrx_word' id='word_1_23' title='bbox 846 477 958 559; x_wconf 90' lang='lat' dir='ltr'><strong>postea</strong></span> <span class='ocrx_word' id='word_1_24' title='bbox 985 477 1017 538; x_wconf 89' lang='lat' dir='ltr'><strong>et</strong></span> <span class='ocrx_word' id='word_1_25' title='bbox 1045 475 1113 540; x_wconf 90' lang='lat' dir='ltr'><strong>ciui</strong></span> <span class='ocrx_word' id='word_1_26' title='bbox 1144 481 1180 540; x_wconf 89' lang='lat' dir='ltr'><strong>et</strong></span> 
     </span>
     <span class='ocr_line' id='line_1_5' title="bbox 193 559 1179 644; baseline -0.001 -17"><span class='ocrx_word' id='word_1_27' title='bbox 193 563 265 627; x_wconf 92' lang='lat' dir='ltr'><strong>duci</strong></span> <span class='ocrx_word' id='word_1_28' title='bbox 289 563 423 627; x_wconf 91' lang='lat' dir='ltr'><strong>euadere</strong></span> <span class='ocrx_word' id='word_1_29' title='bbox 450 560 602 644; x_wconf 82' lang='lat' dir='ltr'><strong>contigit,</strong></span> <span class='ocrx_word' id='word_1_30' title='bbox 631 559 702 643; x_wconf 90' lang='lat' dir='ltr'><strong>plus</strong></span> <span class='ocrx_word' id='word_1_31' title='bbox 730 562 839 626; x_wconf 89' lang='lat' dir='ltr'><strong>tamen</strong></span> <span class='ocrx_word' id='word_1_32' title='bbox 868 560 1034 643; x_wconf 89' lang='lat' dir='ltr'><strong>aliquanto</strong></span> <span class='ocrx_word' id='word_1_33' title='bbox 1063 559 1179 626; x_wconf 87' lang='lat' dir='ltr'><strong>laudis</strong></span> 
     </span>
    </p>

    <p class='ocr_par' dir='ltr' id='par_1_3' title="bbox 167 643 1179 896">
     <span class='ocr_line' id='line_1_6' title="bbox 167 643 1178 730; baseline 0.001 -22"><span class='ocrx_word' id='word_1_34' title='bbox 167 649 228 711; x_wconf 80' lang='lat' dir='ltr'><strong>sin</strong></span> <span class='ocrx_word' id='word_1_35' title='bbox 251 669 376 712; x_wconf 87' lang='lat' dir='ltr'><strong>carcere</strong></span> <span class='ocrx_word' id='word_1_36' title='bbox 399 667 496 730; x_wconf 89' lang='lat' dir='ltr'><strong>quam</strong></span> <span class='ocrx_word' id='word_1_37' title='bbox 518 645 553 709; x_wconf 90' lang='lat' dir='ltr'><strong>in</strong></span> <span class='ocrx_word' id='word_1_38' title='bbox 576 645 665 709; x_wconf 89' lang='lat' dir='ltr'><strong>ouria</strong></span> <span class='ocrx_word' id='word_1_39' title='bbox 679 643 850 711; x_wconf 89' lang='lat' dir='ltr'><strong>adsecutus</strong></span> <span class='ocrx_word' id='word_1_40' title='bbox 866 666 916 708; x_wconf 86' lang='lat' dir='ltr'><strong>es:</strong></span> <span class='ocrx_word' id='word_1_41' title='bbox 942 647 1065 708; x_wconf 88' lang='lat' dir='ltr'><strong>ceterae</strong></span> <span class='ocrx_word' id='word_1_42' title='bbox 1082 646 1178 709; x_wconf 88' lang='lat' dir='ltr'><strong>enim</strong></span> 
     </span>
     <span class='ocr_line' id='line_1_7' title="bbox 191 728 1179 813; baseline -0.003 -16"><span class='ocrx_word' id='word_1_43' title='bbox 191 734 328 797; x_wconf 89' lang='lat' dir='ltr'><strong>uirtutes</strong></span> <span class='ocrx_word' id='word_1_44' title='bbox 353 730 573 796; x_wconf 74' lang='lat' dir='ltr'><strong>admirationis</strong></span> <span class='ocrx_word' id='word_1_45' title='bbox 602 731 730 794; x_wconf 86' lang='lat' dir='ltr'><strong>tantum</strong></span> <span class='ocrx_word' id='word_1_46' title='bbox 759 728 853 795; x_wconf 92' lang='lat' dir='ltr'><strong>modo</strong></span> <span class='ocrx_word' id='word_1_47' title='bbox 882 728 1034 812; x_wconf 89' lang='lat' dir='ltr'><strong>multum,</strong></span> <span class='ocrx_word' id='word_1_48' title='bbox 1063 729 1179 813; x_wconf 88' lang='lat' dir='ltr'><strong>pietas</strong></span> 
     </span>
     <span class='ocr_line' id='line_1_8' title="bbox 192 813 902 896; baseline -0.006 -15"><span class='ocrx_word' id='word_1_49' title='bbox 192 838 270 882; x_wconf 88' lang='lat' dir='ltr'><strong>uero</strong></span> <span class='ocrx_word' id='word_1_50' title='bbox 294 817 391 882; x_wconf 90' lang='lat' dir='ltr'><strong>etiam</strong></span> <span class='ocrx_word' id='word_1_51' title='bbox 415 815 534 880; x_wconf 89' lang='lat' dir='ltr'><strong>amoris</strong></span> <span class='ocrx_word' id='word_1_52' title='bbox 556 813 731 896; x_wconf 88' lang='lat' dir='ltr'><strong>plurimum</strong></span> <span class='ocrx_word' id='word_1_53' title='bbox 753 818 902 879; x_wconf 88' lang='lat' dir='ltr'><strong>meretur.</strong></span> 
     </span>
    </p>

    <p class='ocr_par' dir='ltr' id='par_1_4' title="bbox 191 891 1175 1066">
     <span class='ocr_line' id='line_1_9' title="bbox 254 891 1175 982; baseline -0.005 -15"><span class='ocrx_word' id='word_1_54' title='bbox 254 903 285 968; x_wconf 88' lang='grc'><strong>3.</strong></span> <span class='ocrx_word' id='word_1_55' title='bbox 308 901 377 966; x_wconf 87' lang='lat' dir='ltr'><strong>Vos</strong></span> <span class='ocrx_word' id='word_1_56' title='bbox 393 919 530 982; x_wconf 82' lang='lat' dir='ltr'><strong>quoque,</strong></span> <span class='ocrx_word' id='word_1_57' title='bbox 554 898 682 982; x_wconf 89' lang='lat' dir='ltr'><strong>fratres,</strong></span> <span class='ocrx_word' id='word_1_58' title='bbox 700 899 855 966; x_wconf 90' lang='lat' dir='ltr'><strong>memoria</strong></span> <span class='ocrx_word' id='word_1_59' title='bbox 870 891 1063 982; x_wconf 88' lang='lat' dir='ltr'><strong>conplectar,</strong></span> <span class='ocrx_word' id='word_1_60' title='bbox 1088 919 1175 982; x_wconf 91' lang='lat' dir='ltr'><strong>quo-</strong></span> 
     </span>
     <span class='ocr_line' id='line_1_10' title="bbox 191 981 1174 1066; baseline -0.004 -16"><span class='ocrx_word' id='word_1_61' title='bbox 191 1008 264 1050; x_wconf 90' lang='lat' dir='ltr'><strong>rum</strong></span> <span class='ocrx_word' id='word_1_62' title='bbox 287 985 413 1050; x_wconf 88' lang='lat' dir='ltr'><strong>animus</strong></span> <span class='ocrx_word' id='word_1_63' title='bbox 430 982 556 1066; x_wconf 86' lang='lat' dir='ltr'><strong>origine</strong></span> <span class='ocrx_word' id='word_1_64' title='bbox 571 981 635 1046; x_wconf 81' lang='lat' dir='ltr'><strong>fuit</strong></span> <span class='ocrx_word' id='word_1_65' title='bbox 649 985 799 1064; x_wconf 87' lang='lat' dir='ltr'><strong>nobilior,</strong></span> <span class='ocrx_word' id='word_1_66' title='bbox 822 982 979 1066; x_wconf 84' lang='lat' dir='ltr'><strong>siquidem</strong></span> <span class='ocrx_word' id='word_1_67' title='bbox 995 982 1174 1048; x_wconf 85' lang='lat' dir='ltr'><strong>admodum</strong></span> 
     </span>
    </p>

    <p class='ocr_par' dir='ltr' id='par_1_5' title="bbox 154 1067 1175 1491">
     <span class='ocr_line' id='line_1_11' title="bbox 154 1067 1175 1153; baseline 0.003 -25"><span class='ocrx_word' id='word_1_68' title='bbox 154 1090 180 1130; x_wconf 87' lang='lat'><strong>10</strong></span> <span class='ocrx_word' id='word_1_69' title='bbox 193 1071 332 1134; x_wconf 85' lang='lat' dir='ltr'><strong>humiles</strong></span> <span class='ocrx_word' id='word_1_70' title='bbox 360 1071 395 1132; x_wconf 90' lang='lat' dir='ltr'><strong>in</strong></span> <span class='ocrx_word' id='word_1_71' title='bbox 424 1067 583 1150; x_wconf 82' lang='lat' dir='ltr'><strong>Hispania</strong></span> <span class='ocrx_word' id='word_1_72' title='bbox 609 1068 678 1132; x_wconf 89' lang='lat' dir='ltr'><strong>nati</strong></span> <span class='ocrx_word' id='word_1_73' title='bbox 705 1091 764 1152; x_wconf 94' lang='lat' dir='ltr'><strong>pro</strong></span> <span class='ocrx_word' id='word_1_74' title='bbox 790 1068 975 1153; x_wconf 87' lang='lat' dir='ltr'><strong>parentium</strong></span> <span class='ocrx_word' id='word_1_75' title='bbox 1003 1067 1175 1131; x_wconf 80' lang='lat' dir='ltr'><strong>alimentis</strong></span> 
     </span>
     <span class='ocr_line' id='line_1_12' title="bbox 191 1151 1173 1238; baseline -0.001 -21"><span class='ocrx_word' id='word_1_76' title='bbox 191 1155 341 1238; x_wconf 89' lang='lat' dir='ltr'><strong>spiritum</strong></span> <span class='ocrx_word' id='word_1_77' title='bbox 364 1151 530 1236; x_wconf 84' lang='lat' dir='ltr'><strong>erogando</strong></span> <span class='ocrx_word' id='word_1_78' title='bbox 553 1153 696 1234; x_wconf 88' lang='lat' dir='ltr'><strong>specioso</strong></span> <span class='ocrx_word' id='word_1_79' title='bbox 719 1154 811 1218; x_wconf 85' lang='lat' dir='ltr'><strong>exitu</strong></span> <span class='ocrx_word' id='word_1_80' title='bbox 840 1153 926 1216; x_wconf 85' lang='lat' dir='ltr'><strong>uitae</strong></span> <span class='ocrx_word' id='word_1_81' title='bbox 954 1152 1173 1216; x_wconf 88' lang='lat' dir='ltr'><strong>inclaruistis:</strong></span> 
     </span>
     <span class='ocr_line' id='line_1_13' title="bbox 190 1237 1172 1322; baseline -0.002 -20"><span class='ocrx_word' id='word_1_82' title='bbox 190 1255 244 1302; x_wconf 79' lang='grc' dir='ltr'><strong>ΧΠ</strong></span> <span class='ocrx_word' id='word_1_83' title='bbox 268 1239 353 1302; x_wconf 92' lang='lat' dir='ltr'><strong>enim</strong></span> <span class='ocrx_word' id='word_1_84' title='bbox 369 1237 459 1301; x_wconf 92' lang='lat' dir='ltr'><strong>milia</strong></span> <span class='ocrx_word' id='word_1_85' title='bbox 480 1257 662 1320; x_wconf 89' lang='lat' dir='ltr'><strong>nummum,</strong></span> <span class='ocrx_word' id='word_1_86' title='bbox 687 1259 768 1321; x_wconf 89' lang='lat' dir='ltr'><strong>quae</strong></span> <span class='ocrx_word' id='word_1_87' title='bbox 782 1241 858 1322; x_wconf 89' lang='lat' dir='ltr'><strong>post</strong></span> <span class='ocrx_word' id='word_1_88' title='bbox 873 1241 1011 1301; x_wconf 89' lang='lat' dir='ltr'><strong>mortem</strong></span> <span class='ocrx_word' id='word_1_89' title='bbox 1026 1240 1172 1300; x_wconf 89' lang='lat' dir='ltr'><strong>uestram</strong></span> 
     </span>
     <span class='ocr_line' id='line_1_14' title="bbox 190 1321 1172 1406; baseline -0.001 -20"><span class='ocrx_word' id='word_1_90' title='bbox 190 1323 243 1386; x_wconf 88' lang='lat' dir='ltr'><strong>his</strong></span> <span class='ocrx_word' id='word_1_91' title='bbox 272 1322 440 1403; x_wconf 86' lang='lat' dir='ltr'><strong>darentur,</strong></span> <span class='ocrx_word' id='word_1_92' title='bbox 478 1343 496 1384; x_wconf 91' lang='lat' dir='ltr'><strong>a</strong></span> <span class='ocrx_word' id='word_1_93' title='bbox 523 1321 686 1385; x_wconf 82' lang='lat' dir='ltr'><strong>Paciaecis</strong></span> <span class='ocrx_word' id='word_1_94' title='bbox 719 1323 822 1406; x_wconf 87' lang='lat' dir='ltr'><strong>pacti,</strong></span> <span class='ocrx_word' id='word_1_95' title='bbox 854 1326 892 1385; x_wconf 90' lang='lat' dir='ltr'><strong>ut</strong></span> <span class='ocrx_word' id='word_1_96' title='bbox 922 1343 1032 1386; x_wconf 90' lang='lat' dir='ltr'><strong>eorum</strong></span> <span class='ocrx_word' id='word_1_97' title='bbox 1064 1323 1172 1405; x_wconf 89' lang='lat' dir='ltr'><strong>patris</strong></span> 
     </span>
     <span class='ocr_line' id='line_1_15' title="bbox 194 1405 1170 1491; baseline -0.002 -20"><span class='ocrx_word' id='word_1_98' title='bbox 194 1407 435 1472; x_wconf 82' lang='lat' dir='ltr'><strong>interfectorem</strong></span> <span class='ocrx_word' id='word_1_99' title='bbox 457 1405 632 1490; x_wconf 83' lang='lat' dir='ltr'><strong>Etpastum</strong></span> <span class='ocrx_word' id='word_1_100' title='bbox 655 1409 762 1491; x_wconf 86' lang='lat' dir='ltr'><strong>gentis</strong></span> <span class='ocrx_word' id='word_1_101' title='bbox 784 1427 859 1471; x_wconf 88' lang='lat' dir='ltr'><strong>suaa</strong></span> <span class='ocrx_word' id='word_1_102' title='bbox 886 1410 1062 1490; x_wconf 85' lang='lat' dir='ltr'><strong>tyrannum</strong></span> <span class='ocrx_word' id='word_1_103' title='bbox 1085 1406 1170 1470; x_wconf 90' lang='lat' dir='ltr'><strong>ccci·</strong></span> 
     </span>
    </p>

    <p class='ocr_par' dir='ltr' id='par_1_6' title="bbox 155 1491 1169 1914">
     <span class='ocr_line' id='line_1_16' title="bbox 155 1491 1168 1576; baseline 0.004 -26"><span class='ocrx_word' id='word_1_104' title='bbox 155 1511 181 1550; x_wconf 81' lang='lat'><strong>15</strong></span> <span class='ocrx_word' id='word_1_105' title='bbox 195 1491 329 1576; x_wconf 84' lang='lat' dir='ltr'><strong>daretis,</strong></span> <span class='ocrx_word' id='word_1_106' title='bbox 355 1513 416 1556; x_wconf 88' lang='lat' dir='ltr'><strong>uec</strong></span> <span class='ocrx_word' id='word_1_107' title='bbox 444 1493 513 1555; x_wconf 90' lang='lat' dir='ltr'><strong>ausi</strong></span> <span class='ocrx_word' id='word_1_108' title='bbox 541 1491 644 1556; x_wconf 89' lang='lat' dir='ltr'><strong>solum</strong></span> <span class='ocrx_word' id='word_1_109' title='bbox 672 1491 802 1576; x_wconf 83' lang='lat' dir='ltr'><strong>insigne</strong></span> <span class='ocrx_word' id='word_1_110' title='bbox 828 1491 955 1555; x_wconf 87' lang='lat' dir='ltr'><strong>facinus</strong></span> <span class='ocrx_word' id='word_1_111' title='bbox 984 1491 1079 1571; x_wconf 88' lang='lat' dir='ltr'><strong>estis,</strong></span> <span class='ocrx_word' id='word_1_112' title='bbox 1111 1491 1168 1554; x_wconf 86' lang='lat' dir='ltr'><strong>sed</strong></span> 
     </span>
     <span class='ocr_line' id='line_1_17' title="bbox 192 1575 1169 1642; baseline -0.002 -2"><span class='ocrx_word' id='word_1_113' title='bbox 192 1577 289 1641; x_wconf 85' lang='lat' dir='ltr'><strong>etiam</strong></span> <span class='ocrx_word' id='word_1_114' title='bbox 313 1581 442 1642; x_wconf 85' lang='lat' dir='ltr'><strong>strenuo</strong></span> <span class='ocrx_word' id='word_1_115' title='bbox 465 1597 503 1640; x_wconf 91' lang='lat' dir='ltr'><strong>ao</strong></span> <span class='ocrx_word' id='word_1_116' title='bbox 525 1575 603 1640; x_wconf 85' lang='lat' dir='ltr'><strong>forti</strong></span> <span class='ocrx_word' id='word_1_117' title='bbox 630 1575 718 1640; x_wconf 84' lang='lat' dir='ltr'><strong>exitu</strong></span> <span class='ocrx_word' id='word_1_118' title='bbox 746 1576 923 1640; x_wconf 87' lang='lat' dir='ltr'><strong>clausistis:</strong></span> <span class='ocrx_word' id='word_1_119' title='bbox 949 1575 1052 1639; x_wconf 90' lang='lat' dir='ltr'><strong>isdem</strong></span> <span class='ocrx_word' id='word_1_120' title='bbox 1080 1575 1169 1638; x_wconf 88' lang='lat' dir='ltr'><strong>enim</strong></span> 
     </span>
     <span class='ocr_line' id='line_1_18' title="bbox 191 1660 1169 1744; baseline -0.003 -18"><span class='ocrx_word' id='word_1_121' title='bbox 191 1663 341 1727; x_wconf 90' lang='lat' dir='ltr'><strong>manibus</strong></span> <span class='ocrx_word' id='word_1_122' title='bbox 357 1661 520 1726; x_wconf 87' lang='lat' dir='ltr'><strong>Paciaecis</strong></span> <span class='ocrx_word' id='word_1_123' title='bbox 542 1660 718 1741; x_wconf 88' lang='lat' dir='ltr'><strong>ultionem,</strong></span> <span class='ocrx_word' id='word_1_124' title='bbox 743 1661 881 1744; x_wconf 82' lang='lat' dir='ltr'><strong>Etpasto</strong></span> <span class='ocrx_word' id='word_1_125' title='bbox 899 1681 1052 1743; x_wconf 87' lang='lat' dir='ltr'><strong>poenam,</strong></span> <span class='ocrx_word' id='word_1_126' title='bbox 1076 1660 1169 1744; x_wconf 81' lang='lat' dir='ltr'><strong>geni·</strong></span> 
     </span>
     <span class='ocr_line' id='line_1_19' title="bbox 191 1744 1168 1829; baseline -0.002 -19"><span class='ocrx_word' id='word_1_127' title='bbox 191 1747 314 1812; x_wconf 89' lang='lat' dir='ltr'><strong>toribus</strong></span> <span class='ocrx_word' id='word_1_128' title='bbox 341 1747 541 1810; x_wconf 90' lang='lat' dir='ltr'><strong>nutrimenta</strong></span> <span class='ocrx_word' id='word_1_129' title='bbox 548 1765 557 1827; x_wconf 62' lang='lat'><strong>‚&#39;</strong></span> <span class='ocrx_word' id='word_1_130' title='bbox 592 1745 685 1808; x_wconf 92' lang='lat' dir='ltr'><strong>uobis</strong></span> <span class='ocrx_word' id='word_1_131' title='bbox 715 1745 854 1829; x_wconf 83' lang='lat' dir='ltr'><strong>gloriosa</strong></span> <span class='ocrx_word' id='word_1_132' title='bbox 886 1744 954 1809; x_wconf 84' lang='lat' dir='ltr'><strong>fata</strong></span> <span class='ocrx_word' id='word_1_133' title='bbox 987 1745 1168 1828; x_wconf 87' lang='lat' dir='ltr'><strong>peperistis.</strong></span> 
     </span>
     <span class='ocr_line' id='line_1_20' title="bbox 193 1830 1169 1914; baseline -0.003 -19"><span class='ocrx_word' id='word_1_134' title='bbox 193 1832 304 1914; x_wconf 90' lang='lat' dir='ltr'><strong>itaque</strong></span> <span class='ocrx_word' id='word_1_135' title='bbox 325 1831 457 1895; x_wconf 86' lang='lat' dir='ltr'><strong>tumulis</strong></span> <span class='ocrx_word' id='word_1_136' title='bbox 486 1830 582 1894; x_wconf 90' lang='lat' dir='ltr'><strong>etiam</strong></span> <span class='ocrx_word' id='word_1_137' title='bbox 609 1851 698 1895; x_wconf 90' lang='lat' dir='ltr'><strong>nunc</strong></span> <span class='ocrx_word' id='word_1_138' title='bbox 726 1830 853 1913; x_wconf 85' lang='lat' dir='ltr'><strong>uiuitis,</strong></span> <span class='ocrx_word' id='word_1_139' title='bbox 881 1830 957 1912; x_wconf 90' lang='lat' dir='ltr'><strong>quia</strong></span> <span class='ocrx_word' id='word_1_140' title='bbox 984 1831 1169 1912; x_wconf 89' lang='lat' dir='ltr'><strong>parentium</strong></span> 
     </span>
    </p>

    <p class='ocr_par' dir='ltr' id='par_1_7' title="bbox 154 1914 1170 2063">
     <span class='ocr_line' id='line_1_21' title="bbox 154 1914 1170 1999; baseline 0.004 -25"><span class='ocrx_word' id='word_1_141' title='bbox 154 1933 179 1974; x_wconf 86' lang='grc' dir='ltr'><strong>1ο</strong></span> <span class='ocrx_word' id='word_1_142' title='bbox 194 1918 392 1980; x_wconf 87' lang='lat' dir='ltr'><strong>senectutem</strong></span> <span class='ocrx_word' id='word_1_143' title='bbox 415 1915 498 1980; x_wconf 87' lang='lat' dir='ltr'><strong>tueri</strong></span> <span class='ocrx_word' id='word_1_144' title='bbox 522 1936 619 1997; x_wconf 88' lang='lat' dir='ltr'><strong>quam</strong></span> <span class='ocrx_word' id='word_1_145' title='bbox 641 1919 783 1980; x_wconf 87' lang='lat' dir='ltr'><strong>uestram</strong></span> <span class='ocrx_word' id='word_1_146' title='bbox 799 1919 968 1999; x_wconf 85' lang='lat' dir='ltr'><strong>expectare</strong></span> <span class='ocrx_word' id='word_1_147' title='bbox 984 1914 1083 1978; x_wconf 89' lang='lat' dir='ltr'><strong>satius</strong></span> <span class='ocrx_word' id='word_1_148' title='bbox 1099 1935 1170 1978; x_wconf 87' lang='lat' dir='ltr'><strong>esse</strong></span> 
     </span>
     <span class='ocr_line' id='line_1_22' title="bbox 189 1999 492 2063; baseline -0.007 0"><span class='ocrx_word' id='word_1_149' title='bbox 189 1999 334 2063; x_wconf 86' lang='lat' dir='ltr'><strong>duxistis.</strong></span> <span class='ocrx_word' id='word_1_150' title='bbox 489 2006 492 2012; x_wconf 88' lang='lat'>&#39;</span> 
     </span>
    </p>

    <p class='ocr_par' dir='ltr' id='par_1_8' title="bbox 189 2081 1167 2336">
     <span class='ocr_line' id='line_1_23' title="bbox 251 2081 1166 2166; baseline 0.001 -21"><span class='ocrx_word' id='word_1_151' title='bbox 251 2085 281 2146; x_wconf 85' lang='lat'><strong>4.</strong></span> <span class='ocrx_word' id='word_1_152' title='bbox 320 2082 457 2146; x_wconf 90' lang='lat' dir='ltr'><strong>Notiora</strong></span> <span class='ocrx_word' id='word_1_153' title='bbox 479 2085 556 2146; x_wconf 87' lang='lat' dir='ltr'><strong>sunt</strong></span> <span class='ocrx_word' id='word_1_154' title='bbox 577 2082 716 2166; x_wconf 79' lang='lat' dir='ltr'><strong>fratrum</strong></span> <span class='ocrx_word' id='word_1_155' title='bbox 737 2084 827 2166; x_wconf 90' lang='lat' dir='ltr'><strong>paria</strong></span> <span class='ocrx_word' id='word_1_156' title='bbox 850 2083 976 2148; x_wconf 81' lang='lat' dir='ltr'><strong>Cleobis</strong></span> <span class='ocrx_word' id='word_1_157' title='bbox 1000 2086 1032 2146; x_wconf 85' lang='lat' dir='ltr'><strong>et</strong></span> <span class='ocrx_word' id='word_1_158' title='bbox 1057 2081 1166 2164; x_wconf 90' lang='lat' dir='ltr'><strong>Biton,</strong></span> 
     </span>
     <span class='ocr_line' id='line_1_24' title="bbox 189 2166 1167 2251; baseline 0 -21"><span class='ocrx_word' id='word_1_159' title='bbox 189 2166 427 2250; x_wconf 88' lang='lat' dir='ltr'><strong>Amphinomus</strong></span> <span class='ocrx_word' id='word_1_160' title='bbox 450 2170 483 2231; x_wconf 91' lang='lat' dir='ltr'><strong>et</strong></span> <span class='ocrx_word' id='word_1_161' title='bbox 497 2168 652 2251; x_wconf 80' lang='lat' dir='ltr'><strong>Anapias,</strong></span> <span class='ocrx_word' id='word_1_162' title='bbox 674 2167 734 2249; x_wconf 92' lang='lat' dir='ltr'><strong>illi,</strong></span> <span class='ocrx_word' id='word_1_163' title='bbox 758 2167 844 2251; x_wconf 92' lang='lat' dir='ltr'><strong>quod</strong></span> <span class='ocrx_word' id='word_1_164' title='bbox 866 2169 905 2231; x_wconf 88' lang='lat' dir='ltr'><strong>ad</strong></span> <span class='ocrx_word' id='word_1_165' title='bbox 925 2189 1017 2230; x_wconf 87' lang='lat' dir='ltr'><strong>sacra</strong></span> <span class='ocrx_word' id='word_1_166' title='bbox 1030 2166 1167 2232; x_wconf 91' lang='lat' dir='ltr'><strong>Iunonis</strong></span> 
     </span>
     <span class='ocr_line' id='line_1_25' title="bbox 190 2250 1167 2336; baseline 0.002 -23"><span class='ocrx_word' id='word_1_167' title='bbox 190 2250 378 2334; x_wconf 89' lang='lat' dir='ltr'><strong>peragenda</strong></span> <span class='ocrx_word' id='word_1_168' title='bbox 398 2254 534 2315; x_wconf 90' lang='lat' dir='ltr'><strong>matrem</strong></span> <span class='ocrx_word' id='word_1_169' title='bbox 557 2252 716 2333; x_wconf 74' lang='lat' dir='ltr'><strong>uenerint,</strong></span> <span class='ocrx_word' id='word_1_170' title='bbox 740 2251 785 2335; x_wconf 84' lang='lat' dir='ltr'><strong>hi,</strong></span> <span class='ocrx_word' id='word_1_171' title='bbox 810 2253 895 2336; x_wconf 89' lang='lat' dir='ltr'><strong>quod</strong></span> <span class='ocrx_word' id='word_1_172' title='bbox 909 2255 1037 2335; x_wconf 90' lang='lat' dir='ltr'><strong>patrem</strong></span> <span class='ocrx_word' id='word_1_173' title='bbox 1052 2254 1085 2316; x_wconf 89' lang='lat' dir='ltr'><strong>et</strong></span> <span class='ocrx_word' id='word_1_174' title='bbox 1098 2273 1167 2315; x_wconf 85' lang='lat' dir='ltr'><strong>ma-</strong></span> 
     </span>
    </p>

    <p class='ocr_par' dir='ltr' id='par_1_9' title="bbox 152 2335 1167 2505">
     <span class='ocr_line' id='line_1_26' title="bbox 152 2335 1167 2421; baseline 0.003 -25"><span class='ocrx_word' id='word_1_175' title='bbox 152 2352 178 2392; x_wconf 75' lang='lat' dir='ltr'><strong>ru</strong></span> <span class='ocrx_word' id='word_1_176' title='bbox 191 2339 273 2399; x_wconf 90' lang='lat' dir='ltr'><strong>trem</strong></span> <span class='ocrx_word' id='word_1_177' title='bbox 297 2336 415 2399; x_wconf 90' lang='lat' dir='ltr'><strong>umeris</strong></span> <span class='ocrx_word' id='word_1_178' title='bbox 437 2357 495 2420; x_wconf 88' lang='lat' dir='ltr'><strong>per</strong></span> <span class='ocrx_word' id='word_1_179' title='bbox 517 2335 637 2400; x_wconf 89' lang='lat' dir='ltr'><strong>medios</strong></span> <span class='ocrx_word' id='word_1_180' title='bbox 659 2337 759 2421; x_wconf 74' lang='lat' dir='ltr'><strong>ignes·</strong></span> <span class='ocrx_word' id='word_1_181' title='bbox 773 2337 946 2420; x_wconf 85' lang='lat' dir='ltr'><strong>portarint,</strong></span> <span class='ocrx_word' id='word_1_182' title='bbox 970 2336 1024 2402; x_wconf 89' lang='lat' dir='ltr'><strong>sed</strong></span> <span class='ocrx_word' id='word_1_183' title='bbox 1041 2337 1167 2401; x_wconf 84' lang='lat' dir='ltr'><strong>neutris</strong></span> 
     </span>
     <span class='ocr_line' id='line_1_27' title="bbox 190 2420 1080 2505; baseline -0.001 -21"><span class='ocrx_word' id='word_1_184' title='bbox 190 2441 249 2503; x_wconf 85' lang='lat' dir='ltr'><strong>pro</strong></span> <span class='ocrx_word' id='word_1_185' title='bbox 273 2420 388 2504; x_wconf 86' lang='lat' dir='ltr'><strong>spiritu</strong></span> <span class='ocrx_word' id='word_1_186' title='bbox 411 2421 594 2504; x_wconf 88' lang='lat' dir='ltr'><strong>parentium</strong></span> <span class='ocrx_word' id='word_1_187' title='bbox 617 2423 763 2504; x_wconf 86' lang='lat' dir='ltr'><strong>expirare</strong></span> <span class='ocrx_word' id='word_1_188' title='bbox 785 2422 986 2505; x_wconf 89' lang='lat' dir='ltr'><strong>propositum</strong></span> <span class='ocrx_word' id='word_1_189' title='bbox 1009 2421 1080 2484; x_wconf 90' lang='lat' dir='ltr'><strong>fuit.</strong></span> 
     </span>
    </p>

    <p class='ocr_par' dir='ltr' id='par_1_10' title="bbox 251 2504 1164 2590">
     <span class='ocr_line' id='line_1_28' title="bbox 251 2504 1164 2590; baseline -0.001 -20"><span class='ocrx_word' id='word_1_190' title='bbox 251 2506 282 2570; x_wconf 73' lang='lat'><strong>5,</strong></span> <span class='ocrx_word' id='word_1_191' title='bbox 306 2504 337 2570; x_wconf 92' lang='lat' dir='ltr'>N</span> <span class='ocrx_word' id='word_1_192' title='bbox 340 2527 375 2570; x_wconf 92' lang='lat' dir='ltr'><strong>ec</strong></span> <span class='ocrx_word' id='word_1_193' title='bbox 392 2526 452 2589; x_wconf 85' lang='lat' dir='ltr'><strong>ego</strong></span> <span class='ocrx_word' id='word_1_194' title='bbox 469 2506 625 2590; x_wconf 83' lang='lat' dir='ltr'><strong>Argiuam</strong></span> <span class='ocrx_word' id='word_1_195' title='bbox 642 2505 786 2570; x_wconf 87' lang='lat' dir='ltr'><strong>detrecto</strong></span> <span class='ocrx_word' id='word_1_196' title='bbox 802 2505 931 2570; x_wconf 87' lang='lat' dir='ltr'><strong>laudem</strong></span> <span class='ocrx_word' id='word_1_197' title='bbox 954 2509 1010 2570; x_wconf 87' lang='lat' dir='ltr'><strong>aut</strong></span> <span class='ocrx_word' id='word_1_198' title='bbox 1026 2507 1164 2570; x_wconf 87' lang='lat' dir='ltr'><strong>Aetnaei</strong></span> 
     </span>
    </p>
   </div>
   <div class='ocr_carea' id='block_1_3' title="bbox 187 2649 1165 3540">
    <p class='ocr_par' dir='ltr' id='par_1_11' title="bbox 187 2649 1165 3334">
     <span class='ocr_line' id='line_1_29' title="bbox 258 2649 1162 2725; baseline 0.001 -17"><span class='ocrx_word' id='word_1_199' title='bbox 258 2662 269 2708; x_wconf 83' lang='lat'>1</span> <span class='ocrx_word' id='word_1_200' title='bbox 288 2649 318 2709; x_wconf 83' lang='lat' dir='ltr'><strong>te</strong></span> <span class='ocrx_word' id='word_1_201' title='bbox 336 2670 386 2713; x_wconf 83' lang='lat' dir='ltr'><strong>om.</strong></span> <span class='ocrx_word' id='word_1_202' title='bbox 406 2657 485 2710; x_wconf 88' lang='lat' dir='ltr'><strong>L¹A¹</strong></span> <span class='ocrx_word' id='word_1_203' title='bbox 509 2656 519 2724; x_wconf 90' lang='grc' dir='ltr'><strong>ΙΙ</strong></span> <span class='ocrx_word' id='word_1_204' title='bbox 542 2661 605 2710; x_wconf 72' lang='lat' dir='ltr'><strong>bes</strong></span> <span class='ocrx_word' id='word_1_205' title='bbox 634 2659 716 2725; x_wconf 79' lang='lat' dir='ltr'><strong>(corr.</strong></span> <span class='ocrx_word' id='word_1_206' title='bbox 735 2672 768 2710; x_wconf 79' lang='lat' dir='ltr'><strong>ec</strong></span> <span class='ocrx_word' id='word_1_207' title='bbox 787 2657 827 2721; x_wconf 86' lang='lat' dir='ltr'><strong>ct)</strong></span> <span class='ocrx_word' id='word_1_208' title='bbox 846 2657 905 2710; x_wconf 87' lang='lat' dir='ltr'><strong>LA</strong></span> <span class='ocrx_word' id='word_1_209' title='bbox 929 2659 986 2725; x_wconf 72' lang='lat'>1110</span> <span class='ocrx_word' id='word_1_210' title='bbox 1027 2659 1162 2711; x_wconf 86' lang='lat' dir='ltr'><strong>arentum</strong></span> 
     </span>
     <span class='ocr_line' id='line_1_30' title="bbox 188 2675 1164 2802; baseline 0 -24"><span class='ocrx_word' id='word_1_211' title='bbox 188 2723 246 2790; x_wconf 84' lang='lat' dir='ltr'><strong>(sed</strong></span> <span class='ocrx_word' id='word_1_212' title='bbox 263 2723 363 2801; x_wconf 75' lang='grc'>1111011.</span> <span class='ocrx_word' id='word_1_213' title='bbox 382 2724 400 2777; x_wconf 85' lang='lat' dir='ltr'><strong>l.</strong></span> <span class='ocrx_word' id='word_1_214' title='bbox 420 2741 484 2802; x_wconf 66' lang='lat' dir='ltr'><strong>cuce</strong></span> <span class='ocrx_word' id='word_1_215' title='bbox 503 2729 531 2776; x_wconf 85' lang='lat' dir='ltr'><strong>to</strong></span> <span class='ocrx_word' id='word_1_216' title='bbox 549 2725 616 2778; x_wconf 77' lang='lat' dir='ltr'><strong>lade</strong></span> <span class='ocrx_word' id='word_1_217' title='bbox 634 2741 652 2778; x_wconf 84' lang='lat' dir='ltr'><strong>a</strong></span> <span class='ocrx_word' id='word_1_218' title='bbox 668 2725 694 2779; x_wconf 91' lang='lat' dir='ltr'><strong><em>V</em></strong></span> <span class='ocrx_word' id='word_1_219' title='bbox 711 2725 780 2802; x_wconf 74' lang='lat' dir='ltr'><strong>libro</strong></span> <span class='ocrx_word' id='word_1_220' title='bbox 798 2739 902 2792; x_wconf 78' lang='lat' dir='ltr'><strong>semper</strong></span> <span class='ocrx_word' id='word_1_221' title='bbox 918 2675 1091 2794; x_wconf 78' lang='lat' dir='ltr'><strong>parandium)</strong></span> <span class='ocrx_word' id='word_1_222' title='bbox 1105 2725 1164 2778; x_wconf 88' lang='lat' dir='ltr'><strong>LA</strong></span> 
     </span>
     <span class='ocr_line' id='line_1_31' title="bbox 189 2791 1135 2913; baseline 0 -68"><span class='ocrx_word' id='word_1_223' title='bbox 189 2794 199 2860; x_wconf 90' lang='grc' dir='ltr'><strong>ΙΙ</strong></span> <span class='ocrx_word' id='word_1_224' title='bbox 214 2797 244 2845; x_wconf 85' lang='grc'>13</span> <span class='ocrx_word' id='word_1_225' title='bbox 263 2791 306 2844; x_wconf 88' lang='lat' dir='ltr'><strong>hrs</strong></span> <span class='ocrx_word' id='word_1_226' title='bbox 324 2791 400 2858; x_wconf 84' lang='lat' dir='ltr'><strong>LA,</strong></span> <span class='ocrx_word' id='word_1_227' title='bbox 419 2809 453 2844; x_wconf 86' lang='lat' dir='ltr'><strong>ns</strong></span> <span class='ocrx_word' id='word_1_228' title='bbox 502 2791 558 2845; x_wconf 83' lang='lat' dir='ltr'><strong>alm</strong></span> <span class='ocrx_word' id='word_1_229' title='bbox 570 2793 580 2860; x_wconf 87' lang='grc' dir='ltr'>1Ι</span> <span class='ocrx_word' id='word_1_230' title='bbox 594 2791 629 2913; x_wconf 45' lang='lat' dir='ltr'><strong>a}</strong></span> <span class='ocrx_word' id='word_1_231' title='bbox 641 2793 708 2847; x_wconf 78' lang='lat' dir='ltr'><strong>add.</strong></span> <span class='ocrx_word' id='word_1_232' title='bbox 730 2792 794 2844; x_wconf 85' lang='lat' dir='ltr'><strong>fih1s</strong></span> <span class='ocrx_word' id='word_1_233' title='bbox 811 2809 833 2846; x_wconf 83' lang='lat' dir='ltr'><strong>a.</strong></span> <span class='ocrx_word' id='word_1_234' title='bbox 853 2793 871 2849; x_wconf 87' lang='lat' dir='ltr'><strong>l.</strong></span> <span class='ocrx_word' id='word_1_235' title='bbox 889 2794 928 2846; x_wconf 66' lang='grc' dir='ltr'><strong>Α2</strong></span> <span class='ocrx_word' id='word_1_236' title='bbox 941 2793 951 2860; x_wconf 95' lang='grc' dir='ltr'><strong>ΙΙ</strong></span> <span class='ocrx_word' id='word_1_237' title='bbox 963 2793 1048 2860; x_wconf 77' lang='lat' dir='ltr'><strong>pactu</strong></span> <span class='ocrx_word' id='word_1_238' title='bbox 1064 2792 1135 2845; x_wconf 88' lang='lat' dir='ltr'><strong>LA¹</strong></span> 
     </span>
     <span class='ocr_line' id='line_1_32' title="bbox 191 2859 1163 2929; baseline 0.001 -18"><span class='ocrx_word' id='word_1_239' title='bbox 191 2864 222 2911; x_wconf 82' lang='grc'><strong>14</strong></span> <span class='ocrx_word' id='word_1_240' title='bbox 241 2859 388 2927; x_wconf 87' lang='lat' dir='ltr'><strong>ecpastum</strong></span> <span class='ocrx_word' id='word_1_241' title='bbox 409 2863 440 2927; x_wconf 86' lang='grc' dir='ltr'><strong>Γ,</strong></span> <span class='ocrx_word' id='word_1_242' title='bbox 461 2860 591 2927; x_wconf 89' lang='lat' dir='ltr'><strong>epastum</strong></span> <span class='ocrx_word' id='word_1_243' title='bbox 631 2860 778 2926; x_wconf 74' lang='grc'>1111111111</span> <span class='ocrx_word' id='word_1_244' title='bbox 802 2865 832 2914; x_wconf 81' lang='lat'><strong>15</strong></span> <span class='ocrx_word' id='word_1_245' title='bbox 850 2859 990 2929; x_wconf 87' lang='lat' dir='ltr'><strong>insignem</strong></span> <span class='ocrx_word' id='word_1_246' title='bbox 1008 2859 1079 2912; x_wconf 88' lang='lat' dir='ltr'><strong>L¹A</strong></span> <span class='ocrx_word' id='word_1_247' title='bbox 1133 2865 1163 2912; x_wconf 84' lang='grc'><strong>16</strong></span> 
     </span>
     <span class='ocr_line' id='line_1_33' title="bbox 187 2925 1164 2996; baseline 0.004 -20"><span class='ocrx_word' id='word_1_248' title='bbox 187 2926 318 2980; x_wconf 71' lang='lat' dir='ltr'><strong>*eisdem</strong></span> <span class='ocrx_word' id='word_1_249' title='bbox 336 2927 377 2988; x_wconf 85' lang='lat' dir='ltr'><strong>L,</strong></span> <span class='ocrx_word' id='word_1_250' title='bbox 395 2925 509 2980; x_wconf 82' lang='lat' dir='ltr'><strong>Eisdem</strong></span> <span class='ocrx_word' id='word_1_251' title='bbox 523 2928 575 2992; x_wconf 89' lang='lat' dir='ltr'><strong>A¹,</strong></span> <span class='ocrx_word' id='word_1_252' title='bbox 594 2927 694 2980; x_wconf 86' lang='lat' dir='ltr'><strong>iisdem</strong></span> <span class='ocrx_word' id='word_1_253' title='bbox 712 2929 750 2980; x_wconf 71' lang='lat' dir='ltr'><strong>A²</strong></span> <span class='ocrx_word' id='word_1_254' title='bbox 764 2929 774 2995; x_wconf 81' lang='grc' dir='ltr'><strong>ΙΙ</strong></span> <span class='ocrx_word' id='word_1_255' title='bbox 788 2934 820 2981; x_wconf 81' lang='lat'><strong>17</strong></span> <span class='ocrx_word' id='word_1_256' title='bbox 838 2927 974 2996; x_wconf 86' lang='lat' dir='ltr'><strong>paciaetis</strong></span> <span class='ocrx_word' id='word_1_257' title='bbox 992 2926 1019 2979; x_wconf 88' lang='lat' dir='ltr'><em>L</em></span> <span class='ocrx_word' id='word_1_258' title='bbox 1032 2928 1041 2995; x_wconf 84' lang='grc' dir='ltr'><strong>ΙΙ</strong></span> <span class='ocrx_word' id='word_1_259' title='bbox 1060 2926 1164 2995; x_wconf 88' lang='lat' dir='ltr'><strong>etpasti</strong></span> 
     </span>
     <span class='ocr_line' id='line_1_34' title="bbox 187 2993 1164 3065; baseline 0.002 -19"><span class='ocrx_word' id='word_1_260' title='bbox 187 2993 263 3060; x_wconf 89' lang='lat' dir='ltr'><strong>LA,</strong></span> <span class='ocrx_word' id='word_1_261' title='bbox 282 2994 398 3062; x_wconf 86' lang='lat' dir='ltr'><strong>eupasto</strong></span> <span class='ocrx_word' id='word_1_262' title='bbox 418 2995 464 3060; x_wconf 75' lang='lat' dir='ltr'><strong>Pl</strong></span> <span class='ocrx_word' id='word_1_263' title='bbox 478 2999 510 3048; x_wconf 87' lang='lat'><strong>18</strong></span> <span class='ocrx_word' id='word_1_264' title='bbox 528 2995 605 3048; x_wconf 84' lang='lat' dir='ltr'><strong>facta</strong></span> <span class='ocrx_word' id='word_1_265' title='bbox 623 2995 702 3048; x_wconf 87' lang='lat' dir='ltr'><strong>L¹A¹</strong></span> <span class='ocrx_word' id='word_1_266' title='bbox 717 2997 727 3062; x_wconf 82' lang='grc' dir='ltr'><strong>ΙΙ</strong></span> <span class='ocrx_word' id='word_1_267' title='bbox 743 3001 773 3050; x_wconf 86' lang='grc'><strong>19</strong></span> <span class='ocrx_word' id='word_1_268' title='bbox 792 2997 879 3049; x_wconf 88' lang='lat' dir='ltr'><strong>etiam</strong></span> <span class='ocrx_word' id='word_1_269' title='bbox 897 3012 965 3048; x_wconf 90' lang='lat' dir='ltr'><strong>uum</strong></span> <span class='ocrx_word' id='word_1_270' title='bbox 978 2995 1017 3049; x_wconf 63' lang='lat' dir='ltr'><strong>Al</strong></span> <span class='ocrx_word' id='word_1_271' title='bbox 1029 2997 1039 3062; x_wconf 78' lang='lat' dir='ltr'>u</span> <span class='ocrx_word' id='word_1_272' title='bbox 1052 3001 1085 3050; x_wconf 80' lang='lat'><strong>20</strong></span> <span class='ocrx_word' id='word_1_273' title='bbox 1103 3009 1164 3065; x_wconf 88' lang='lat' dir='ltr'><strong>spe-</strong></span> 
     </span>
     <span class='ocr_line' id='line_1_35' title="bbox 188 3061 1165 3132; baseline 0.002 -18"><span class='ocrx_word' id='word_1_274' title='bbox 188 3063 265 3115; x_wconf 90' lang='lat' dir='ltr'><strong>ctare</strong></span> <span class='ocrx_word' id='word_1_275' title='bbox 283 3061 390 3128; x_wconf 70' lang='grc'>1111122</span> <span class='ocrx_word' id='word_1_276' title='bbox 408 3061 502 3130; x_wconf 87' lang='lat' dir='ltr'><strong>patria</strong></span> <span class='ocrx_word' id='word_1_277' title='bbox 520 3061 602 3115; x_wconf 82' lang='lat' dir='ltr'><strong>L¹A1</strong></span> <span class='ocrx_word' id='word_1_278' title='bbox 615 3063 625 3130; x_wconf 75' lang='lat' dir='ltr'><strong>{l</strong></span> <span class='ocrx_word' id='word_1_279' title='bbox 638 3062 751 3116; x_wconf 83' lang='lat' dir='ltr'><strong>cleobus</strong></span> <span class='ocrx_word' id='word_1_280' title='bbox 770 3063 808 3115; x_wconf 82' lang='grc' dir='ltr'><strong>Α1</strong></span> <span class='ocrx_word' id='word_1_281' title='bbox 822 3063 831 3132; x_wconf 86' lang='grc' dir='ltr'><strong>ΙΙ</strong></span> <span class='ocrx_word' id='word_1_282' title='bbox 849 3065 878 3118; x_wconf 86' lang='lat' dir='ltr'><strong>et</strong></span> <span class='ocrx_word' id='word_1_283' title='bbox 896 3062 994 3116; x_wconf 91' lang='lat' dir='ltr'><strong>obiton</strong></span> <span class='ocrx_word' id='word_1_284' title='bbox 1013 3063 1107 3131; x_wconf 89' lang='lat' dir='ltr'><strong>amph.</strong></span> <span class='ocrx_word' id='word_1_285' title='bbox 1127 3063 1165 3127; x_wconf 83' lang='lat' dir='ltr'><strong>L,</strong></span> 
     </span>
     <span class='ocr_line' id='line_1_36' title="bbox 188 3127 1161 3249; baseline 0 -67"><span class='ocrx_word' id='word_1_286' title='bbox 188 3131 217 3182; x_wconf 87' lang='lat' dir='ltr'><strong>et</strong></span> <span class='ocrx_word' id='word_1_287' title='bbox 236 3128 313 3182; x_wconf 91' lang='lat' dir='ltr'><strong>obito</strong></span> <span class='ocrx_word' id='word_1_288' title='bbox 332 3127 558 3197; x_wconf 88' lang='lat' dir='ltr'><strong>Namphinomus</strong></span> <span class='ocrx_word' id='word_1_289' title='bbox 577 3130 638 3249; x_wconf 49' lang='lat' dir='ltr'><strong>plaic)</strong></span> <span class='ocrx_word' id='word_1_290' title='bbox 656 3130 739 3193; x_wconf 67' lang='lat'>21¹0,</span> <span class='ocrx_word' id='word_1_291' title='bbox 759 3133 788 3184; x_wconf 81' lang='lat' dir='ltr'><strong>et</strong></span> <span class='ocrx_word' id='word_1_292' title='bbox 805 3131 866 3184; x_wconf 88' lang='lat' dir='ltr'><strong>bito</strong></span> <span class='ocrx_word' id='word_1_293' title='bbox 884 3135 924 3184; x_wconf 79' lang='lat' dir='ltr'><strong>est</strong></span> <span class='ocrx_word' id='word_1_294' title='bbox 942 3130 1025 3184; x_wconf 78' lang='lat' dir='ltr'><strong>ctiam</strong></span> <span class='ocrx_word' id='word_1_295' title='bbox 1042 3130 1076 3184; x_wconf 73' lang='lat' dir='ltr'><strong>ia</strong></span> <span class='ocrx_word' id='word_1_296' title='bbox 1093 3130 1161 3184; x_wconf 73' lang='lat' dir='ltr'><strong>Por.</strong></span> 
     </span>
     <span class='ocr_line' id='line_1_37' title="bbox 192 3193 1164 3266; baseline 0.002 -18"><span class='ocrx_word' id='word_1_297' title='bbox 192 3197 202 3263; x_wconf 76' lang='lat' dir='ltr'><strong>ll</strong></span> <span class='ocrx_word' id='word_1_298' title='bbox 223 3203 255 3250; x_wconf 80' lang='lat'><strong>23</strong></span> <span class='ocrx_word' id='word_1_299' title='bbox 274 3197 401 3264; x_wconf 85' lang='lat' dir='ltr'><strong>Anapias</strong></span> <span class='ocrx_word' id='word_1_300' title='bbox 419 3211 482 3266; x_wconf 80' lang='lat' dir='ltr'><strong>noa,</strong></span> <span class='ocrx_word' id='word_1_301' title='bbox 503 3213 576 3266; x_wconf 85' lang='lat' dir='ltr'><strong>anap</strong></span> <span class='ocrx_word' id='word_1_302' title='bbox 598 3213 629 3250; x_wconf 88' lang='lat' dir='ltr'><strong>as</strong></span> <span class='ocrx_word' id='word_1_303' title='bbox 643 3197 701 3250; x_wconf 87' lang='lat' dir='ltr'><strong>LA</strong></span> <span class='ocrx_word' id='word_1_304' title='bbox 719 3197 785 3252; x_wconf 84' lang='lat' dir='ltr'><strong>dett.</strong></span> <span class='ocrx_word' id='word_1_305' title='bbox 803 3199 857 3252; x_wconf 74' lang='grc'>11111</span> <span class='ocrx_word' id='word_1_306' title='bbox 874 3193 1107 3263; x_wconf 78' lang='grc' dir='ltr'>ο11111.,Ἀναπιάς</span> <span class='ocrx_word' id='word_1_307' title='bbox 1126 3203 1164 3251; x_wconf 87' lang='lat' dir='ltr'><strong>est</strong></span> 
     </span>
     <span class='ocr_line' id='line_1_38' title="bbox 187 3263 1164 3334; baseline 0.002 -18"><span class='ocrx_word' id='word_1_308' title='bbox 187 3279 205 3316; x_wconf 86' lang='lat' dir='ltr'><strong>u</strong></span> <span class='ocrx_word' id='word_1_309' title='bbox 227 3309 231 3320; x_wconf 90' lang='lat'>.</span> <span class='ocrx_word' id='word_1_310' title='bbox 252 3263 342 3318; x_wconf 81' lang='lat' dir='ltr'><strong>Strab.</strong></span> <span class='ocrx_word' id='word_1_311' title='bbox 359 3263 438 3317; x_wconf 73' lang='lat' dir='ltr'><strong>Vra</strong></span> <span class='ocrx_word' id='word_1_312' title='bbox 477 3268 555 3322; x_wconf 78' lang='lat'><strong>,269</strong></span> <span class='ocrx_word' id='word_1_313' title='bbox 578 3270 604 3318; x_wconf 83' lang='lat' dir='ltr'><strong>et</strong></span> <span class='ocrx_word' id='word_1_314' title='bbox 629 3263 724 3318; x_wconf 80' lang='grc'>01111011</span> <span class='ocrx_word' id='word_1_315' title='bbox 746 3281 826 3319; x_wconf 78' lang='lat' dir='ltr'><strong>narr.</strong></span> <span class='ocrx_word' id='word_1_316' title='bbox 844 3268 878 3319; x_wconf 85' lang='lat'><strong>43</strong></span> <span class='ocrx_word' id='word_1_317' title='bbox 900 3281 942 3334; x_wconf 82' lang='lat' dir='ltr'><strong>ap.</strong></span> <span class='ocrx_word' id='word_1_318' title='bbox 963 3266 1044 3319; x_wconf 83' lang='lat' dir='ltr'><strong>Pbot.</strong></span> <span class='ocrx_word' id='word_1_319' title='bbox 1063 3281 1094 3332; x_wconf 79' lang='lat' dir='ltr'><strong>p.</strong></span> <span class='ocrx_word' id='word_1_320' title='bbox 1113 3269 1164 3318; x_wconf 87' lang='lat'><strong>139</strong></span> 
     </span>
    </p>

    <p class='ocr_par' dir='ltr' id='par_1_12' title="bbox 188 3330 1165 3540">
     <span class='ocr_line' id='line_1_39' title="bbox 217 3330 1163 3402; baseline 0.003 -19"><span class='ocrx_word' id='word_1_321' title='bbox 217 3330 281 3393; x_wconf 71' lang='lat' dir='ltr'><strong>eblo„</strong></span> <span class='ocrx_word' id='word_1_322' title='bbox 302 3331 421 3400; x_wconf 86' lang='lat' dir='ltr'><strong>anapius</strong></span> <span class='ocrx_word' id='word_1_323' title='bbox 466 3349 507 3390; x_wconf 85' lang='lat' dir='ltr'><strong>ar.</strong></span> <span class='ocrx_word' id='word_1_324' title='bbox 526 3332 626 3397; x_wconf 83' lang='lat' dir='ltr'><strong>Halm,</strong></span> <span class='ocrx_word' id='word_1_325' title='bbox 651 3337 677 3386; x_wconf 88' lang='lat' dir='ltr'><strong>et</strong></span> <span class='ocrx_word' id='word_1_326' title='bbox 693 3334 733 3388; x_wconf 83' lang='lat' dir='ltr'><strong>sa&#39;c</strong></span> <span class='ocrx_word' id='word_1_327' title='bbox 750 3333 796 3387; x_wconf 83' lang='lat' dir='ltr'><strong>uel</strong></span> <span class='ocrx_word' id='word_1_328' title='bbox 814 3333 952 3402; x_wconf 85' lang='lat' dir='ltr'><strong>anaphius</strong></span> <span class='ocrx_word' id='word_1_329' title='bbox 978 3333 1057 3389; x_wconf 84' lang='lat' dir='ltr'><strong>codd.</strong></span> <span class='ocrx_word' id='word_1_330' title='bbox 1076 3332 1163 3387; x_wconf 79' lang='lat' dir='ltr'><strong>Solia.</strong></span> 
     </span>
     <span class='ocr_line' id='line_1_40' title="bbox 192 3395 1163 3521; baseline 0.005 -72"><span class='ocrx_word' id='word_1_331' title='bbox 192 3395 261 3474; x_wconf 48' lang='lat'><strong>1315</strong></span> <span class='ocrx_word' id='word_1_332' title='bbox 266 3413 297 3464; x_wconf 78' lang='lat' dir='ltr'><strong>p.</strong></span> <span class='ocrx_word' id='word_1_333' title='bbox 311 3402 347 3452; x_wconf 85' lang='lat'><strong>56</strong></span> <span class='ocrx_word' id='word_1_334' title='bbox 358 3399 399 3454; x_wconf 83' lang='lat' dir='ltr'><strong>ed.</strong></span> <span class='ocrx_word' id='word_1_335' title='bbox 412 3399 538 3478; x_wconf 59' lang='lat' dir='ltr'><strong>Memora.</strong></span> <span class='ocrx_word' id='word_1_336' title='bbox 553 3401 563 3468; x_wconf 84' lang='grc' dir='ltr'><strong>ΙΙ</strong></span> <span class='ocrx_word' id='word_1_337' title='bbox 577 3407 610 3478; x_wconf 64' lang='grc'>14</span> <span class='ocrx_word' id='word_1_338' title='bbox 621 3401 754 3521; x_wconf 45' lang='lat' dir='ltr'><strong>matrem}</strong></span> <span class='ocrx_word' id='word_1_339' title='bbox 771 3401 838 3455; x_wconf 84' lang='lat' dir='ltr'><strong>odd.</strong></span> <span class='ocrx_word' id='word_1_340' title='bbox 851 3401 924 3454; x_wconf 92' lang='lat' dir='ltr'><strong>collo</strong></span> <span class='ocrx_word' id='word_1_341' title='bbox 937 3401 1007 3455; x_wconf 81' lang='lat' dir='ltr'><strong>Par.</strong></span> <span class='ocrx_word' id='word_1_342' title='bbox 1019 3402 1029 3468; x_wconf 79' lang='lat' dir='ltr'><strong>ll</strong></span> <span class='ocrx_word' id='word_1_343' title='bbox 1042 3407 1075 3454; x_wconf 78' lang='lat'><strong>25</strong></span> <span class='ocrx_word' id='word_1_344' title='bbox 1087 3415 1163 3454; x_wconf 89' lang='lat' dir='ltr'><strong>ume-</strong></span> 
     </span>
     <span class='ocr_line' id='line_1_41' title="bbox 188 3464 1165 3540; baseline 0.012 -26"><span class='ocrx_word' id='word_1_345' title='bbox 188 3481 226 3515; x_wconf 84' lang='lat' dir='ltr'><strong>rrs</strong></span> <span class='ocrx_word' id='word_1_346' title='bbox 244 3464 271 3515; x_wconf 93' lang='lat' dir='ltr'><em>L</em></span> <span class='ocrx_word' id='word_1_347' title='bbox 289 3465 368 3527; x_wconf 65' lang='lat' dir='ltr'><strong>Par„</strong></span> <span class='ocrx_word' id='word_1_348' title='bbox 386 3465 510 3519; x_wconf 84' lang='lat' dir='ltr'><strong>humens</strong></span> <span class='ocrx_word' id='word_1_349' title='bbox 523 3467 550 3519; x_wconf 93' lang='lat' dir='ltr'><strong>A</strong></span> <span class='ocrx_word' id='word_1_350' title='bbox 563 3469 572 3534; x_wconf 80' lang='grc' dir='ltr'><strong>ΙΙ</strong></span> <span class='ocrx_word' id='word_1_351' title='bbox 584 3470 676 3535; x_wconf 80' lang='lat' dir='ltr'><strong>rgnes]</strong></span> <span class='ocrx_word' id='word_1_352' title='bbox 696 3469 733 3522; x_wconf 85' lang='lat' dir='ltr'><strong>ad</strong></span> <span class='ocrx_word' id='word_1_353' title='bbox 756 3508 761 3519; x_wconf 93' lang='lat'><em>.</em></span> <span class='ocrx_word' id='word_1_354' title='bbox 781 3468 802 3520; x_wconf 92' lang='grc' dir='ltr'><strong>Ι.</strong></span> <span class='ocrx_word' id='word_1_355' title='bbox 820 3468 850 3526; x_wconf 89' lang='grc' dir='ltr'><strong>Ρ.</strong></span> <span class='ocrx_word' id='word_1_356' title='bbox 869 3467 973 3540; x_wconf 67' lang='lat' dir='ltr'><strong>aethna</strong></span> <span class='ocrx_word' id='word_1_357' title='bbox 990 3484 1087 3538; x_wconf 76' lang='lat' dir='ltr'><strong>marpo</strong></span> <span class='ocrx_word' id='word_1_358' title='bbox 1104 3469 1131 3521; x_wconf 88' lang='lat' dir='ltr'><strong>A</strong></span> <span class='ocrx_word' id='word_1_359' title='bbox 1151 3483 1165 3527; x_wconf 79' lang='lat' dir='ltr'><strong>e</strong></span> 
     </span>
    </p>
   </div>
   <div class='ocr_carea' id='block_1_4' title="bbox 186 3531 1164 3604">
    <p class='ocr_par' dir='ltr' id='par_1_13' title="bbox 186 3531 1164 3604">
     <span class='ocr_line' id='line_1_42' title="bbox 186 3531 1164 3604; baseline 0.004 -20"><span class='ocrx_word' id='word_1_360' title='bbox 186 3531 258 3588; x_wconf 81' lang='lat' dir='ltr'><strong>Par.</strong></span> <span class='ocrx_word' id='word_1_361' title='bbox 271 3531 281 3598; x_wconf 80' lang='grc' dir='ltr'><strong>ΙΙ</strong></span> <span class='ocrx_word' id='word_1_362' title='bbox 295 3537 327 3583; x_wconf 73' lang='grc'>17</span> <span class='ocrx_word' id='word_1_363' title='bbox 341 3531 468 3585; x_wconf 86' lang='lat' dir='ltr'><strong>detracto</strong></span> <span class='ocrx_word' id='word_1_364' title='bbox 481 3533 517 3584; x_wconf 80' lang='grc' dir='ltr'><strong>Α1</strong></span> <span class='ocrx_word' id='word_1_365' title='bbox 534 3540 566 3599; x_wconf 84' lang='lat' dir='ltr'><strong>ct,</strong></span> <span class='ocrx_word' id='word_1_366' title='bbox 584 3541 617 3588; x_wconf 80' lang='lat' dir='ltr'><strong>at</strong></span> <span class='ocrx_word' id='word_1_367' title='bbox 632 3535 700 3602; x_wconf 78' lang='lat' dir='ltr'><strong>aid,</strong></span> <span class='ocrx_word' id='word_1_368' title='bbox 716 3535 751 3588; x_wconf 85' lang='lat' dir='ltr'><strong>L&#39;</strong></span> <span class='ocrx_word' id='word_1_369' title='bbox 767 3537 776 3604; x_wconf 84' lang='grc' dir='ltr'><strong>ΙΙ</strong></span> <span class='ocrx_word' id='word_1_370' title='bbox 790 3535 886 3590; x_wconf 84' lang='lat' dir='ltr'><strong>actnei</strong></span> <span class='ocrx_word' id='word_1_371' title='bbox 898 3537 978 3603; x_wconf 87' lang='lat' dir='ltr'><strong>LA¹,</strong></span> <span class='ocrx_word' id='word_1_372' title='bbox 998 3535 1114 3591; x_wconf 88' lang='lat' dir='ltr'><strong>aethnei</strong></span> <span class='ocrx_word' id='word_1_373' title='bbox 1125 3537 1164 3588; x_wconf 66' lang='lat' dir='ltr'><strong>A*</strong></span> 
     </span>
    </p>
   </div>
   <div class='ocr_carea' id='block_1_5' title="bbox 1100 2861 1110 2928">
    <p class='ocr_par' dir='ltr' id='par_1_14' title="bbox 1100 1687 1285 3942">
     <span class='ocr_line' id='line_1_43' title="bbox 1100 2861 1110 2928; baseline 0 1013"><span class='ocrx_word' id='word_1_374' title='bbox 1100 2861 1110 2928; x_wconf 16' lang='lat' dir='ltr'><strong>”w</strong></span> 
     </span>
    </p>
   </div>
   <div class='ocr_carea' id='block_1_6' title="bbox 1270 266 1272 302">
    <p class='ocr_par' dir='ltr' id='par_1_15' title="bbox 1270 266 1272 302">
     <span class='ocr_line' id='line_1_44' title="bbox 1270 266 1272 302; baseline 0 0"><span class='ocrx_word' id='word_1_375' title='bbox 1270 266 1272 302; x_wconf 86' lang='lat' dir='ltr'><strong>l</strong></span> 
     </span>
    </p>
   </div>
   <div class='ocr_carea' id='block_1_7' title="bbox 0 0 1308 3952">
    <p class='ocr_par' dir='ltr' id='par_1_16' title="bbox 0 0 1308 3952">
     <span class='ocr_line' id='line_1_45' title="bbox 0 0 1308 3952; baseline 0 0"><span class='ocrx_word' id='word_1_376' title='bbox 0 0 1308 3952; x_wconf 95' lang='lat' dir='ltr'><strong> </strong></span> 
     </span>
    </p>
   </div>
  </div>
 </body>
</html>
