2550 3958
380 187 448 243 LIB.
466 189 514 242 III.
542 188 619 244 CAP.
637 193 662 257 2,
676 193 768 243 3-12.
980 189 1042 254 501

140 349 287 409 Romulus
310 347 346 406 ab
362 347 479 406 Acrone
495 345 725 406 Caeninensium
746 364 816 423 rege
839 347 877 405 ad
900 345 1040 406 dimican-
1060 353 1076 402 3

73 433 149 492 dum
172 434 350 508 prouocatus
367 432 463 492 occiso
478 450 513 490 eo
530 431 663 506 fusisque
678 430 817 490 hostibus
833 431 928 505 spolia
943 431 1044 506 opima

71 517 144 576 Ioui
165 517 300 576 Feretrio
322 516 455 589 rettulit,
480 534 556 592 quae
578 515 637 573 dux
660 515 727 574 duci
750 515 929 574 detraxerat.

141 599 296 661 Cornelius
318 600 426 660 Cossus
449 601 543 658 eidem
568 600 622 658 deo
645 599 740 675 spolia
755 599 939 660 consecrauit
954 618 971 658 a
986 599 1041 658 Ro·
1060 604 1078 652 4

41 685 159 744 amulo
188 685 357 760 proximus,
392 703 458 744 eum
488 685 591 744 ducem
614 684 804 744 Fidenatium
831 685 863 744 in
891 683 954 742 acie
976 701 1042 743 oon·

73 788 198 848 gressus
219 770 428 830 interemisset.

140 855 182 913 M.
200 854 360 914 Marcellus
381 853 461 929 apud
483 853 598 912 Padum
622 851 778 912 Gallorum
799 870 901 929 regem
924 851 1076 928 ingentio

74 940 208 998 exercitu
236 938 382 1014 stipatum
416 937 577 1015 adgressus
604 936 816 996 obtruncatum
845 937 934 996 armis
962 937 1045 997 exuit

76 1043 172 1100 eaque
194 1023 260 1083 Ioui
282 1023 414 1082 Feretrio
438 1021 602 1094 dedicauit,
626 1040 701 1097 quae
723 1021 823 1096 opima
844 1023 935 1080 tertia
955 1021 1043 1080 habe-

25 1111 192 1168 rorantur.

140 1192 241 1267 Scipio
264 1190 463 1268 Aemilianus,
495 1208 562 1248 eum
590 1189 622 1248 in
656 1188 802 1264 Hispania
830 1190 886 1249 sub
914 1190 1074 1250 Lucullos

73 1277 150 1336 duee
181 1275 326 1334 militaret
357 1277 448 1350 atque
480 1273 640 1332 Intercatia
666 1274 871 1349 praeualidum
902 1275 1044 1351 oppidum
1158 1331 1164 1342 ,

74 1359 349 1432 circumsederetur,
372 1361 487 1434 primus
508 1357 626 1418 moenia
647 1359 711 1418 eius
733 1359 915 1418 conscendit.

143 1442 224 1501 Vrbe
247 1462 264 1501 a
286 1442 380 1503 Gallis
402 1446 502 1518 capta,
526 1461 593 1501 cum
616 1460 701 1502 senes
723 1442 755 1500 in
776 1443 866 1518 plana
888 1444 973 1517 parte
995 1447 1077 1500 unt

29 1545 63 1586 15
77 1528 127 1587 bis
149 1527 246 1586 relicti
268 1529 376 1596 essent.
399 1529 469 1603 quia
491 1527 573 1586 omni
587 1544 710 1584 numero
721 1545 785 1592 ,non
800 1525 968 1586 sufficiebat
981 1546 1043 1598 arx,

75 1611 129 1688 qui
158 1613 244 1670 erant
271 1611 433 1670 honoribus
465 1611 563 1670 functi
585 1611 696 1686 apertis
719 1611 815 1669 ianuis
837 1611 868 1668 in
891 1611 1043 1670 curulibus

76 1695 160 1756 sellis
193 1713 259 1769 cnm
291 1695 460 1770 insignibus
494 1695 737 1771 magistratuum,
774 1713 848 1770 quos
880 1699 1043 1771 gesserant,

76 1780 287 1840 consederunt:
325 1782 355 1838 et
382 1780 514 1853 primum
537 1780 715 1839 mirantibus
739 1777 850 1850 Gallis,
884 1778 990 1838 deinde
1011 1779 1044 1838 in

74 1865 170 1924 risum
193 1865 286 1923 uersis
302 1863 343 1922 M.
356 1863 469 1922 Atilius
492 1864 614 1922 barbam
636 1883 721 1922 suam
744 1863 941 1938 permulcenti
957 1862 1043 1922 Gallo

27 1968 61 2008 so
75 1949 239 2024 scipionem
262 1949 354 2024 capiti
375 1948 485 2008 inflixit
506 1948 591 2023 eique
612 1948 651 2006 ad
673 1966 705 2008 se
727 1947 921 2007 occidendum
944 1949 1044 2006 ruenti

74 2034 213 2110 iugulum
234 2033 355 2092 obtulit.
728 2093 730 2098 ,

140 2116 172 2176 0.
196 2117 373 2193 Sempronio
396 2117 537 2177 Atratino
561 2123 619 2177 cosi
642 2135 709 2175 eum
731 2115 848 2176 Volscis
872 2116 951 2192 apud
965 2116 1040 2176 Ver·
1060 2123 1076 2172 8

75 2202 214 2277 ruginem
236 2220 341 2276 parum
364 2218 504 2277 prospere
520 2201 679 2260 dimicante
694 2201 811 2276 equites
827 2201 940 2277 delapsi
956 2202 1042 2277 equis

77 2304 108 2343 se
130 2285 190 2360 ipsi
212 2285 468 2360 centuriauerunt,
491 2286 586 2343 etita
608 2286 684 2344 acies
706 2286 847 2344 restituta
869 2289 922 2345 est.

32 2384 63 2425 ss
142 2369 253 2428 Fabius
269 2369 415 2428 Maximus
430 2369 587 2428 Rullianus
609 2371 723 2428 uetitus
744 2370 897 2444 aPapirio
919 2369 1043 2429 Romam
1061 2377 1076 2425 9

76 2454 175 2530 gratia
197 2453 396 2529 auspiciorum
418 2454 559 2512 redeunte
574 2453 687 2512 bellum
703 2455 885 2513 committere
901 2455 1043 2514 aduersus

77 2538 228 2596 Samnites
256 2537 407 2596 commisit
435 2542 466 2596 ct
493 2538 628 2613 equitum
657 2539 770 2597 uirtute
792 2537 900 2612 proelii
922 2538 1044 2597 crimine

76 2623 193 2682 leuatus
215 2626 270 2681 est.

141 2706 227 2766 Miles
250 2705 403 2765 Romanus
419 2705 567 2766 Cannensi
589 2706 712 2780 proelio,
735 2725 802 2765 cum
824 2704 863 2764 ed
886 2707 1042 2766 retinenda
1063 2713 1092 2762 ll

34 2805 63 2846 ao
77 2810 160 2850 arma
181 2790 303 2850 inutiles
326 2791 501 2850 uulneribus
523 2807 629 2849 manus
651 2790 781 2865 baberet,
805 2790 935 2865 spoliare
949 2809 980 2849 se
996 2809 1042 2850 oo·

77 2875 176 2934 nantis
198 2875 346 2934 Numidae
369 2875 514 2934 ceruicem
535 2875 689 2949 amplexus
711 2892 744 2934 os
764 2875 887 2934 naribus
909 2876 942 2934 et
962 2877 1042 2934 euri-

19 3025 20 3030 1
77 2959 133 3018 bus
155 2959 268 3018 adrosis
290 2958 424 3018 reddidit
445 2959 587 3018 deforme.

139 3041 173 3101 P.
191 3041 314 3102 Crassus
337 3062 404 3102 eum
427 3043 598 3103 Aristonico
621 3043 732 3102 bellum
755 3061 862 3119 gerens
885 3061 903 3101 a
924 3043 1041 3104 Thraei-
1062 3051 1092 3100 12

144 3227 159 3274 9
193 3237 282 3288 eaque
300 3252 332 3262 -
352 3222 497 3277 dedicauit
526 3239 579 3279 om.
611 3223 676 3277 Mai
699 3225 709 3292 1
735 3230 765 3278 13
797 3223 1044 3278 circumsideretur

76 3305 110 3342 m.
131 3291 151 3343 2
174 3289 185 3368 11
209 3295 241 3343 15
268 3289 394 3343 omnium
420 3289 600 3345 Kellerbauer
625 3292 635 3360 1
665 3297 695 3347 18
719 3291 748 3345 et
774 3294 897 3359 primum
923 3291 1043 3353 (litterae

77 3361 107 3410 et
122 3374 157 3425 pr
173 3373 206 3410 err
222 3372 275 3411 ras.
305 3357 367 3424 ll²⁰
385 3358 544 3427 epipionem
562 3363 624 3417 m.1
649 3359 659 3426 1
682 3360 776 3414 ruenti
797 3373 847 3414 reos
870 3357 975 3423 Ναὶ,
994 3374 1042 3413 ue·

76 3422 163 3478 nienti
181 3424 240 3480 cod.
289 3425 345 3478 clm
369 3426 380 3494 11
403 3432 436 3480 25
454 3425 603 3478 rutilianus
624 3427 634 3494 11
659 3433 691 3479 26
709 3425 828 3480 aduersu
851 3432 920 3485 m.1
961 3433 993 3482 31
1013 3442 1043 3480 os

75 3491 321 3561 suppresserat,
343 3508 395 3548 om.
414 3493 473 3549 eod.
492 3492 579 3547 Helm
592 3495 602 3562 1
615 3501 647 3548 32
666 3493 819 3548 deformem
837 3496 894 3554 eod.
944 3495 1000 3552 olm
