<?xml version="1.0" encoding="UTF-8"?>
<!DOCTYPE html PUBLIC "-//W3C//DTD XHTML 1.0 Transitional//EN"
    "http://www.w3.org/TR/xhtml1/DTD/xhtml1-transitional.dtd">
<html xmlns="http://www.w3.org/1999/xhtml" xml:lang="en" lang="en">
 <head>
  <title>
</title>
<meta http-equiv="Content-Type" content="text/html;charset=utf-8" />
  <meta name='ocr-system' content='tesseract 3.04.00' />
  <meta name='ocr-capabilities' content='ocr_page ocr_carea ocr_par ocr_line ocrx_word'/>
</head>
<body>
  <div class='ocr_page' id='page_1' title='image "./valeriimaximifa00nepogoog_0475.png"; bbox 0 0 2550 3958; ppageno 0'>
   <div class='ocr_carea' id='block_1_1' title="bbox 213 157 785 226">
    <p class='ocr_par' dir='ltr' id='par_1_1' title="bbox 213 157 785 226">
     <span class='ocr_line' id='line_1_1' title="bbox 213 157 785 226; baseline 0 -14"><span class='ocrx_word' id='word_1_1' title='bbox 213 162 278 226; x_wconf 83' lang='lat'><strong>434</strong></span> <span class='ocrx_word' id='word_1_2' title='bbox 609 157 678 213; x_wconf 82' lang='lat' dir='ltr'><strong>ma.</strong></span> <span class='ocrx_word' id='word_1_3' title='bbox 697 157 785 213; x_wconf 83' lang='lat' dir='ltr'><strong>run.</strong></span> 
     </span>
    </p>
   </div>
   <div class='ocr_carea' id='block_1_2' title="bbox 171 308 1195 1839">
    <p class='ocr_par' dir='ltr' id='par_1_2' title="bbox 212 308 1195 652">
     <span class='ocr_line' id='line_1_2' title="bbox 279 308 1194 397; baseline 0.004 -22"><span class='ocrx_word' id='word_1_4' title='bbox 279 311 327 376; x_wconf 89' lang='grc'><strong>10.</strong></span> <span class='ocrx_word' id='word_1_5' title='bbox 345 312 394 378; x_wconf 83' lang='lat' dir='ltr'><strong>Ac</strong></span> <span class='ocrx_word' id='word_1_6' title='bbox 409 332 451 376; x_wconf 88' lang='lat' dir='ltr'><strong>ne</strong></span> <span class='ocrx_word' id='word_1_7' title='bbox 466 310 595 376; x_wconf 77' lang='lat' dir='ltr'>Etrusci</span> <span class='ocrx_word' id='word_1_8' title='bbox 611 308 740 394; x_wconf 86' lang='lat' dir='ltr'><strong>quidem</strong></span> <span class='ocrx_word' id='word_1_9' title='bbox 754 331 870 395; x_wconf 88' lang='lat' dir='ltr'><strong>parum</strong></span> <span class='ocrx_word' id='word_1_10' title='bbox 884 310 1012 377; x_wconf 86' lang='lat' dir='ltr'><strong>feroces</strong></span> <span class='ocrx_word' id='word_1_11' title='bbox 1028 313 1066 376; x_wconf 88' lang='lat' dir='ltr'><strong>in</strong></span> <span class='ocrx_word' id='word_1_12' title='bbox 1083 335 1194 397; x_wconf 87' lang='lat' dir='ltr'><strong>poena</strong></span> 
     </span>
     <span class='ocr_line' id='line_1_3' title="bbox 213 395 1192 482; baseline 0.003 -20"><span class='ocrx_word' id='word_1_13' title='bbox 213 396 440 482; x_wconf 74' lang='lat' dir='ltr'><strong>excogitanda,</strong></span> <span class='ocrx_word' id='word_1_14' title='bbox 473 395 528 480; x_wconf 89' lang='lat' dir='ltr'><strong>qui</strong></span> <span class='ocrx_word' id='word_1_15' title='bbox 556 395 703 460; x_wconf 89' lang='lat' dir='ltr'><strong>uiuorum</strong></span> <span class='ocrx_word' id='word_1_16' title='bbox 731 415 867 479; x_wconf 86' lang='lat' dir='ltr'><strong>corpora</strong></span> <span class='ocrx_word' id='word_1_17' title='bbox 895 395 1117 462; x_wconf 88' lang='lat' dir='ltr'><strong>cadaueribus</strong></span> <span class='ocrx_word' id='word_1_18' title='bbox 1140 401 1192 465; x_wconf 91' lang='lat' dir='ltr'><strong>ad-</strong></span> 
     </span>
     <span class='ocr_line' id='line_1_4' title="bbox 212 479 1195 569; baseline -0.001 -21"><span class='ocrx_word' id='word_1_19' title='bbox 212 503 306 548; x_wconf 86' lang='lat' dir='ltr'><strong>uersa</strong></span> <span class='ocrx_word' id='word_1_20' title='bbox 328 480 470 546; x_wconf 87' lang='lat' dir='ltr'><strong>aduersis</strong></span> <span class='ocrx_word' id='word_1_21' title='bbox 486 479 621 564; x_wconf 84' lang='lat' dir='ltr'><strong>alligata</strong></span> <span class='ocrx_word' id='word_1_22' title='bbox 641 482 737 563; x_wconf 88' lang='lat' dir='ltr'><strong>atque</strong></span> <span class='ocrx_word' id='word_1_23' title='bbox 753 479 936 560; x_wconf 88' lang='lat' dir='ltr'><strong>constricta,</strong></span> <span class='ocrx_word' id='word_1_24' title='bbox 958 480 1006 546; x_wconf 89' lang='lat' dir='ltr'><strong>ita</strong></span> <span class='ocrx_word' id='word_1_25' title='bbox 1021 485 1062 546; x_wconf 91' lang='lat' dir='ltr'><strong>ut</strong></span> <span class='ocrx_word' id='word_1_26' title='bbox 1077 484 1195 569; x_wconf 85' lang='lat' dir='ltr'><strong>singu-</strong></span> 
     </span>
     <span class='ocr_line' id='line_1_5' title="bbox 213 563 1193 652; baseline 0.001 -21"><span class='ocrx_word' id='word_1_27' title='bbox 213 568 262 633; x_wconf 87' lang='lat' dir='ltr'><strong>lae</strong></span> <span class='ocrx_word' id='word_1_28' title='bbox 284 567 499 632; x_wconf 89' lang='lat' dir='ltr'><strong>membrorum</strong></span> <span class='ocrx_word' id='word_1_29' title='bbox 519 569 627 647; x_wconf 84' lang='lat' dir='ltr'><strong>partes</strong></span> <span class='ocrx_word' id='word_1_30' title='bbox 642 563 779 648; x_wconf 84' lang='lat' dir='ltr'><strong>singulis</strong></span> <span class='ocrx_word' id='word_1_31' title='bbox 795 568 902 630; x_wconf 87' lang='lat' dir='ltr'><strong>essent</strong></span> <span class='ocrx_word' id='word_1_32' title='bbox 916 564 1193 652; x_wconf 85' lang='lat' dir='ltr'><strong>adconmodatac,</strong></span> 
     </span>
    </p>

    <p class='ocr_par' dir='ltr' id='par_1_3' title="bbox 186 648 1192 803">
     <span class='ocr_line' id='line_1_6' title="bbox 186 648 1192 734; baseline 0.005 -20"><span class='ocrx_word' id='word_1_33' title='bbox 186 653 377 718; x_wconf 84' lang='lat' dir='ltr'><strong>stabescere</strong></span> <span class='ocrx_word' id='word_1_34' title='bbox 400 650 496 716; x_wconf 91' lang='lat' dir='ltr'><strong>simul</strong></span> <span class='ocrx_word' id='word_1_35' title='bbox 517 648 739 733; x_wconf 87' lang='lat' dir='ltr'><strong>patiebantur,</strong></span> <span class='ocrx_word' id='word_1_36' title='bbox 769 650 869 715; x_wconf 87' lang='lat' dir='ltr'><strong>amari</strong></span> <span class='ocrx_word' id='word_1_37' title='bbox 892 649 980 715; x_wconf 85' lang='lat' dir='ltr'><strong>uitae</strong></span> <span class='ocrx_word' id='word_1_38' title='bbox 1001 652 1135 734; x_wconf 87' lang='lat' dir='ltr'><strong>pariter</strong></span> <span class='ocrx_word' id='word_1_39' title='bbox 1156 675 1192 718; x_wconf 88' lang='lat' dir='ltr'><strong>ac</strong></span> 
     </span>
     <span class='ocr_line' id='line_1_7' title="bbox 211 738 497 803; baseline -0.01 0"><span class='ocrx_word' id='word_1_40' title='bbox 211 738 325 803; x_wconf 86' lang='lat' dir='ltr'><strong>mortis</strong></span> <span class='ocrx_word' id='word_1_41' title='bbox 346 738 497 800; x_wconf 87' lang='lat' dir='ltr'><strong>tortores.</strong></span> 
     </span>
    </p>

    <p class='ocr_par' dir='ltr' id='par_1_4' title="bbox 210 817 1191 1074">
     <span class='ocr_line' id='line_1_8' title="bbox 278 817 1190 902; baseline 0.002 -17"><span class='ocrx_word' id='word_1_42' title='bbox 278 824 327 885; x_wconf 90' lang='lat' dir='ltr'><strong>ll.</strong></span> <span class='ocrx_word' id='word_1_43' title='bbox 360 820 451 886; x_wconf 83' lang='lat' dir='ltr'><strong>Siout</strong></span> <span class='ocrx_word' id='word_1_44' title='bbox 478 819 527 882; x_wconf 90' lang='lat' dir='ltr'><strong>illi</strong></span> <span class='ocrx_word' id='word_1_45' title='bbox 556 817 699 898; x_wconf 89' lang='lat' dir='ltr'><strong>barbari,</strong></span> <span class='ocrx_word' id='word_1_46' title='bbox 728 838 809 902; x_wconf 89' lang='lat' dir='ltr'><strong>quos</strong></span> <span class='ocrx_word' id='word_1_47' title='bbox 835 817 947 884; x_wconf 90' lang='lat' dir='ltr'><strong>ferunt</strong></span> <span class='ocrx_word' id='word_1_48' title='bbox 966 823 1190 886; x_wconf 73' lang='lat' dir='ltr'><strong>mactatarum</strong></span> 
     </span>
     <span class='ocr_line' id='line_1_9' title="bbox 211 902 1190 990; baseline 0 -20"><span class='ocrx_word' id='word_1_49' title='bbox 211 907 369 990; x_wconf 82' lang='lat' dir='ltr'><strong>pecudum</strong></span> <span class='ocrx_word' id='word_1_50' title='bbox 390 904 553 969; x_wconf 76' lang='lat' dir='ltr'><strong>intestinis</strong></span> <span class='ocrx_word' id='word_1_51' title='bbox 575 905 608 968; x_wconf 85' lang='lat' dir='ltr'><strong>et</strong></span> <span class='ocrx_word' id='word_1_52' title='bbox 629 903 804 968; x_wconf 86' lang='lat' dir='ltr'><strong>uisceribus</strong></span> <span class='ocrx_word' id='word_1_53' title='bbox 819 903 939 987; x_wconf 86' lang='lat' dir='ltr'><strong>egestis</strong></span> <span class='ocrx_word' id='word_1_54' title='bbox 961 902 1117 970; x_wconf 90' lang='lat' dir='ltr'><strong>homines</strong></span> <span class='ocrx_word' id='word_1_55' title='bbox 1141 908 1190 970; x_wconf 90' lang='lat' dir='ltr'><strong>in·</strong></span> 
     </span>
     <span class='ocr_line' id='line_1_10' title="bbox 210 986 1191 1074; baseline -0.001 -18"><span class='ocrx_word' id='word_1_56' title='bbox 210 1012 331 1072; x_wconf 81' lang='lat' dir='ltr'><strong>serere,</strong></span> <span class='ocrx_word' id='word_1_57' title='bbox 355 989 402 1054; x_wconf 90' lang='lat' dir='ltr'><strong>ita</strong></span> <span class='ocrx_word' id='word_1_58' title='bbox 423 992 460 1052; x_wconf 90' lang='lat' dir='ltr'><strong>ut</strong></span> <span class='ocrx_word' id='word_1_59' title='bbox 481 986 641 1070; x_wconf 75' lang='lat' dir='ltr'><strong>capitibus</strong></span> <span class='ocrx_word' id='word_1_60' title='bbox 663 987 889 1052; x_wconf 88' lang='lat' dir='ltr'><strong>tantummodo</strong></span> <span class='ocrx_word' id='word_1_61' title='bbox 904 987 1083 1067; x_wconf 89' lang='lat' dir='ltr'><strong>emineant,</strong></span> <span class='ocrx_word' id='word_1_62' title='bbox 1109 1012 1191 1074; x_wconf 91' lang='lat' dir='ltr'><strong>quo-</strong></span> 
     </span>
    </p>

    <p class='ocr_par' dir='ltr' id='par_1_5' title="bbox 172 1071 1189 1499">
     <span class='ocr_line' id='line_1_11' title="bbox 172 1071 1189 1160; baseline 0.007 -26"><span class='ocrx_word' id='word_1_63' title='bbox 172 1097 197 1138; x_wconf 78' lang='grc' dir='ltr'><strong>ιο</strong></span> <span class='ocrx_word' id='word_1_64' title='bbox 210 1097 273 1160; x_wconf 91' lang='lat' dir='ltr'><strong>que</strong></span> <span class='ocrx_word' id='word_1_65' title='bbox 299 1076 357 1159; x_wconf 90' lang='lat' dir='ltr'><strong>[ut]</strong></span> <span class='ocrx_word' id='word_1_66' title='bbox 388 1071 507 1136; x_wconf 91' lang='lat' dir='ltr'><strong>diutius</strong></span> <span class='ocrx_word' id='word_1_67' title='bbox 533 1092 658 1155; x_wconf 87' lang='lat' dir='ltr'><strong>poenae</strong></span> <span class='ocrx_word' id='word_1_68' title='bbox 687 1071 869 1155; x_wconf 87' lang='lat' dir='ltr'><strong>sufficiant,</strong></span> <span class='ocrx_word' id='word_1_69' title='bbox 900 1073 971 1138; x_wconf 89' lang='lat' dir='ltr'><strong>cibo</strong></span> <span class='ocrx_word' id='word_1_70' title='bbox 994 1077 1027 1137; x_wconf 87' lang='lat' dir='ltr'><strong>et</strong></span> <span class='ocrx_word' id='word_1_71' title='bbox 1049 1075 1189 1157; x_wconf 91' lang='lat' dir='ltr'><strong>potione</strong></span> 
     </span>
     <span class='ocr_line' id='line_1_12' title="bbox 209 1157 1189 1242; baseline 0.001 -18"><span class='ocrx_word' id='word_1_72' title='bbox 209 1160 371 1224; x_wconf 78' lang='lat' dir='ltr'><strong>infelicem</strong></span> <span class='ocrx_word' id='word_1_73' title='bbox 394 1157 544 1239; x_wconf 86' lang='lat' dir='ltr'><strong>spiritum</strong></span> <span class='ocrx_word' id='word_1_74' title='bbox 585 1177 752 1242; x_wconf 84' lang='lat' dir='ltr'><strong>rorogare,</strong></span> <span class='ocrx_word' id='word_1_75' title='bbox 775 1157 878 1222; x_wconf 92' lang='lat' dir='ltr'><strong>donec</strong></span> <span class='ocrx_word' id='word_1_76' title='bbox 901 1157 990 1222; x_wconf 89' lang='lat' dir='ltr'><strong>intus</strong></span> <span class='ocrx_word' id='word_1_77' title='bbox 1004 1159 1189 1242; x_wconf 80' lang='lat' dir='ltr'><strong>putrefacti</strong></span> 
     </span>
     <span class='ocr_line' id='line_1_13' title="bbox 210 1179 1187 1326; baseline 0.003 -19"><span class='ocrx_word' id='word_1_78' title='bbox 210 1243 344 1308; x_wconf 88' lang='lat' dir='ltr'><strong>laniatui</strong></span> <span class='ocrx_word' id='word_1_79' title='bbox 366 1241 433 1306; x_wconf 82' lang='lat' dir='ltr'><strong>sint</strong></span> <span class='ocrx_word' id='word_1_80' title='bbox 454 1179 664 1323; x_wconf 77' lang='lat' dir='ltr'><strong>animallbus,</strong></span> <span class='ocrx_word' id='word_1_81' title='bbox 687 1261 769 1325; x_wconf 92' lang='lat' dir='ltr'><strong>quae</strong></span> <span class='ocrx_word' id='word_1_82' title='bbox 790 1241 909 1307; x_wconf 89' lang='lat' dir='ltr'><strong>tabidis</strong></span> <span class='ocrx_word' id='word_1_83' title='bbox 930 1242 966 1306; x_wconf 92' lang='lat' dir='ltr'><strong>in</strong></span> <span class='ocrx_word' id='word_1_84' title='bbox 989 1245 1187 1326; x_wconf 87' lang='lat' dir='ltr'><strong>corporibus</strong></span> 
     </span>
     <span class='ocr_line' id='line_1_14' title="bbox 209 1327 1185 1412; baseline 0.001 -19"><span class='ocrx_word' id='word_1_85' title='bbox 209 1327 300 1394; x_wconf 88' lang='lat' dir='ltr'><strong>nasci</strong></span> <span class='ocrx_word' id='word_1_86' title='bbox 328 1327 444 1392; x_wconf 89' lang='lat' dir='ltr'><strong>solent.</strong></span> <span class='ocrx_word' id='word_1_87' title='bbox 488 1347 657 1410; x_wconf 89' lang='lat' dir='ltr'><strong>queramur</strong></span> <span class='ocrx_word' id='word_1_88' title='bbox 690 1347 776 1392; x_wconf 89' lang='lat' dir='ltr'><strong>nunc</strong></span> <span class='ocrx_word' id='word_1_89' title='bbox 809 1347 882 1390; x_wconf 92' lang='lat' dir='ltr'><strong>cum</strong></span> <span class='ocrx_word' id='word_1_90' title='bbox 914 1347 1021 1391; x_wconf 90' lang='lat' dir='ltr'><strong>rerum</strong></span> <span class='ocrx_word' id='word_1_91' title='bbox 1051 1332 1185 1412; x_wconf 87' lang='lat' dir='ltr'><strong>natura,</strong></span> 
     </span>
     <span class='ocr_line' id='line_1_15' title="bbox 210 1410 1187 1499; baseline -0.001 -20"><span class='ocrx_word' id='word_1_92' title='bbox 210 1414 294 1499; x_wconf 91' lang='lat' dir='ltr'><strong>quod</strong></span> <span class='ocrx_word' id='word_1_93' title='bbox 315 1433 375 1478; x_wconf 92' lang='lat' dir='ltr'><strong>nos</strong></span> <span class='ocrx_word' id='word_1_94' title='bbox 396 1411 507 1476; x_wconf 88' lang='lat' dir='ltr'><strong>multis</strong></span> <span class='ocrx_word' id='word_1_95' title='bbox 530 1415 562 1476; x_wconf 90' lang='lat' dir='ltr'><strong>et</strong></span> <span class='ocrx_word' id='word_1_96' title='bbox 590 1410 711 1495; x_wconf 87' lang='lat' dir='ltr'><strong>asperis</strong></span> <span class='ocrx_word' id='word_1_97' title='bbox 739 1410 890 1476; x_wconf 88' lang='lat' dir='ltr'><strong>aduersae</strong></span> <span class='ocrx_word' id='word_1_98' title='bbox 912 1411 1112 1478; x_wconf 88' lang='lat' dir='ltr'><strong>ualetudinis</strong></span> <span class='ocrx_word' id='word_1_99' title='bbox 1137 1415 1187 1478; x_wconf 91' lang='lat' dir='ltr'><strong>in·</strong></span> 
     </span>
    </p>

    <p class='ocr_par' dir='ltr' id='par_1_6' title="bbox 171 1495 1187 1839">
     <span class='ocr_line' id='line_1_16' title="bbox 171 1495 1186 1581; baseline 0.005 -22"><span class='ocrx_word' id='word_1_100' title='bbox 171 1498 385 1565; x_wconf 73' lang='lat' dir='ltr'><strong>accommodis</strong></span> <span class='ocrx_word' id='word_1_101' title='bbox 407 1496 564 1562; x_wconf 83' lang='lat' dir='ltr'><strong>obnoxios</strong></span> <span class='ocrx_word' id='word_1_102' title='bbox 592 1516 663 1560; x_wconf 90' lang='lat' dir='ltr'><strong>esse</strong></span> <span class='ocrx_word' id='word_1_103' title='bbox 691 1495 847 1576; x_wconf 89' lang='lat' dir='ltr'><strong>uoluerit,</strong></span> <span class='ocrx_word' id='word_1_104' title='bbox 874 1495 1087 1581; x_wconf 89' lang='lat' dir='ltr'><strong>habitumque</strong></span> <span class='ocrx_word' id='word_1_105' title='bbox 1111 1519 1186 1564; x_wconf 82' lang='lat' dir='ltr'><strong>cae-</strong></span> 
     </span>
     <span class='ocr_line' id='line_1_17' title="bbox 209 1579 1187 1666; baseline 0.001 -19"><span class='ocrx_word' id='word_1_106' title='bbox 209 1584 299 1649; x_wconf 86' lang='lat' dir='ltr'><strong>lestis</strong></span> <span class='ocrx_word' id='word_1_107' title='bbox 314 1583 439 1649; x_wconf 90' lang='lat' dir='ltr'><strong>roboris</strong></span> <span class='ocrx_word' id='word_1_108' title='bbox 454 1581 614 1646; x_wconf 87' lang='lat' dir='ltr'><strong>humanae</strong></span> <span class='ocrx_word' id='word_1_109' title='bbox 630 1579 813 1645; x_wconf 88' lang='lat' dir='ltr'><strong>condicioni</strong></span> <span class='ocrx_word' id='word_1_110' title='bbox 833 1581 1028 1666; x_wconf 84' lang='lat' dir='ltr'><strong>denegatum</strong></span> <span class='ocrx_word' id='word_1_111' title='bbox 1044 1583 1187 1648; x_wconf 83' lang='lat' dir='ltr'><strong>moleste</strong></span> 
     </span>
     <span class='ocr_line' id='line_1_18' title="bbox 209 1665 1186 1750; baseline -0.003 -15"><span class='ocrx_word' id='word_1_112' title='bbox 209 1668 364 1747; x_wconf 83' lang='lat' dir='ltr'><strong>feramus,</strong></span> <span class='ocrx_word' id='word_1_113' title='bbox 392 1689 465 1733; x_wconf 89' lang='lat' dir='ltr'><strong>oum</strong></span> <span class='ocrx_word' id='word_1_114' title='bbox 494 1670 545 1732; x_wconf 94' lang='lat' dir='ltr'><strong>tot</strong></span> <span class='ocrx_word' id='word_1_115' title='bbox 567 1666 725 1730; x_wconf 88' lang='lat' dir='ltr'><strong>cruciatus</strong></span> <span class='ocrx_word' id='word_1_116' title='bbox 748 1665 878 1731; x_wconf 91' lang='lat' dir='ltr'><strong>sibimet</strong></span> <span class='ocrx_word' id='word_1_117' title='bbox 900 1666 971 1750; x_wconf 87' lang='lat' dir='ltr'><strong>ipsa</strong></span> <span class='ocrx_word' id='word_1_118' title='bbox 994 1667 1186 1732; x_wconf 82' lang='lat' dir='ltr'><strong>mortalitas</strong></span> 
     </span>
     <span class='ocr_line' id='line_1_19' title="bbox 208 1749 827 1839; baseline -0.006 -19"><span class='ocrx_word' id='word_1_119' title='bbox 208 1755 340 1839; x_wconf 89' lang='lat' dir='ltr'><strong>inpulsu</strong></span> <span class='ocrx_word' id='word_1_120' title='bbox 363 1750 561 1818; x_wconf 81' lang='lat' dir='ltr'><strong>crudelitatis</strong></span> <span class='ocrx_word' id='word_1_121' title='bbox 584 1749 827 1839; x_wconf 83' lang='lat' dir='ltr'><strong>excogitauerit.</strong></span> 
     </span>
    </p>
   </div>
   <div class='ocr_carea' id='block_1_3' title="bbox 444 1949 945 2019">
    <p class='ocr_par' dir='ltr' id='par_1_7' title="bbox 444 1949 945 2019">
     <span class='ocr_line' id='line_1_20' title="bbox 444 1949 945 2019; baseline -0.002 -1"><span class='ocrx_word' id='word_1_122' title='bbox 444 1953 504 2019; x_wconf 89' lang='lat' dir='ltr'><strong>III.</strong></span> <span class='ocrx_word' id='word_1_123' title='bbox 538 1951 598 2019; x_wconf 82' lang='lat' dir='ltr'><strong>Dll</strong></span> <span class='ocrx_word' id='word_1_124' title='bbox 620 1949 697 2017; x_wconf 82' lang='lat' dir='ltr'><strong>IRA</strong></span> <span class='ocrx_word' id='word_1_125' title='bbox 720 1951 805 2017; x_wconf 73' lang='lat' dir='ltr'><strong>AVT</strong></span> <span class='ocrx_word' id='word_1_126' title='bbox 828 1950 945 2017; x_wconf 91' lang='lat' dir='ltr'><strong>ODIO.</strong></span> 
     </span>
    </p>
   </div>
   <div class='ocr_carea' id='block_1_4' title="bbox 169 2088 1261 3023">
    <p class='ocr_par' dir='ltr' id='par_1_8' title="bbox 169 2088 1261 3023">
     <span class='ocr_line' id='line_1_21' title="bbox 170 2088 1180 2175; baseline 0.003 -24"><span class='ocrx_word' id='word_1_127' title='bbox 170 2112 196 2152; x_wconf 83' lang='lat' dir='ltr'><strong>ro</strong></span> <span class='ocrx_word' id='word_1_128' title='bbox 272 2088 1033 2174; x_wconf 87' lang='lat' dir='ltr'><strong>Iraquoqueetodiuminpectoribushumanis</strong></span> <span class='ocrx_word' id='word_1_129' title='bbox 1041 2111 1180 2175; x_wconf 83' lang='lat' dir='ltr'><strong>magnos</strong></span> 
     </span>
     <span class='ocr_line' id='line_1_22' title="bbox 207 2172 1177 2258; baseline 0 -18"><span class='ocrx_word' id='word_1_130' title='bbox 207 2177 324 2240; x_wconf 88' lang='lat' dir='ltr'><strong>fluctus</strong></span> <span class='ocrx_word' id='word_1_131' title='bbox 352 2175 507 2252; x_wconf 86' lang='lat' dir='ltr'><strong>excitant,</strong></span> <span class='ocrx_word' id='word_1_132' title='bbox 531 2193 685 2258; x_wconf 88' lang='lat' dir='ltr'><strong>procursu</strong></span> <span class='ocrx_word' id='word_1_133' title='bbox 706 2172 841 2239; x_wconf 88' lang='lat' dir='ltr'><strong>celerior</strong></span> <span class='ocrx_word' id='word_1_134' title='bbox 862 2173 934 2254; x_wconf 90' lang='lat' dir='ltr'><strong>illa,</strong></span> <span class='ocrx_word' id='word_1_135' title='bbox 958 2173 1098 2239; x_wconf 87' lang='lat' dir='ltr'><strong>nocendi</strong></span> <span class='ocrx_word' id='word_1_136' title='bbox 1120 2196 1177 2240; x_wconf 90' lang='lat' dir='ltr'><strong>cu·</strong></span> 
     </span>
     <span class='ocr_line' id='line_1_23' title="bbox 207 2258 1177 2346; baseline 0 -22"><span class='ocrx_word' id='word_1_137' title='bbox 207 2260 317 2346; x_wconf 92' lang='lat' dir='ltr'><strong>pidine</strong></span> <span class='ocrx_word' id='word_1_138' title='bbox 332 2261 395 2324; x_wconf 91' lang='lat' dir='ltr'><strong>hoc</strong></span> <span class='ocrx_word' id='word_1_139' title='bbox 407 2259 611 2343; x_wconf 82' lang='lat' dir='ltr'><strong>pertinacius,</strong></span> <span class='ocrx_word' id='word_1_140' title='bbox 629 2261 761 2340; x_wconf 88' lang='lat' dir='ltr'><strong>uterque</strong></span> <span class='ocrx_word' id='word_1_141' title='bbox 772 2259 1046 2324; x_wconf 85' lang='lat' dir='ltr'><strong>consternationis</strong></span> <span class='ocrx_word' id='word_1_142' title='bbox 1057 2258 1177 2342; x_wconf 89' lang='lat' dir='ltr'><strong>plenus</strong></span> 
     </span>
     <span class='ocr_line' id='line_1_24' title="bbox 207 2343 1261 2432; baseline 0 -23"><span class='ocrx_word' id='word_1_143' title='bbox 207 2345 340 2410; x_wconf 85' lang='lat' dir='ltr'><strong>affectus</strong></span> <span class='ocrx_word' id='word_1_144' title='bbox 368 2365 406 2408; x_wconf 90' lang='lat' dir='ltr'><strong>ac</strong></span> <span class='ocrx_word' id='word_1_145' title='bbox 433 2364 610 2428; x_wconf 89' lang='lat' dir='ltr'><strong>numquam</strong></span> <span class='ocrx_word' id='word_1_146' title='bbox 637 2343 706 2406; x_wconf 89' lang='lat' dir='ltr'><strong>sine</strong></span> <span class='ocrx_word' id='word_1_147' title='bbox 734 2346 895 2408; x_wconf 88' lang='lat' dir='ltr'><strong>tormento</strong></span> <span class='ocrx_word' id='word_1_148' title='bbox 925 2343 976 2409; x_wconf 89' lang='lat' dir='ltr'><strong>sui</strong></span> <span class='ocrx_word' id='word_1_149' title='bbox 1003 2343 1176 2427; x_wconf 89' lang='lat' dir='ltr'><strong>uiolentus,</strong></span> <span class='ocrx_word' id='word_1_150' title='bbox 1260 2391 1261 2432; x_wconf 72' lang='lat'><strong>,</strong></span> 
     </span>
     <span class='ocr_line' id='line_1_25' title="bbox 207 2427 1261 2515; baseline -0.003 -20"><span class='ocrx_word' id='word_1_151' title='bbox 207 2429 283 2515; x_wconf 90' lang='lat' dir='ltr'><strong>quia</strong></span> <span class='ocrx_word' id='word_1_152' title='bbox 297 2429 459 2511; x_wconf 89' lang='lat' dir='ltr'><strong>dolorem,</strong></span> <span class='ocrx_word' id='word_1_153' title='bbox 482 2451 554 2494; x_wconf 91' lang='lat' dir='ltr'><strong>cum</strong></span> <span class='ocrx_word' id='word_1_154' title='bbox 577 2427 697 2492; x_wconf 86' lang='lat' dir='ltr'><strong>inferre</strong></span> <span class='ocrx_word' id='word_1_155' title='bbox 713 2427 797 2510; x_wconf 89' lang='lat' dir='ltr'><strong>uult,</strong></span> <span class='ocrx_word' id='word_1_156' title='bbox 820 2429 959 2511; x_wconf 89' lang='lat' dir='ltr'><strong>patitur,</strong></span> <span class='ocrx_word' id='word_1_157' title='bbox 982 2449 1092 2492; x_wconf 89' lang='lat' dir='ltr'><strong>amara</strong></span> <span class='ocrx_word' id='word_1_158' title='bbox 1115 2429 1177 2494; x_wconf 88' lang='lat' dir='ltr'><strong>sol·</strong></span> <span class='ocrx_word' id='word_1_159' title='bbox 1260 2433 1261 2473; x_wconf 72' lang='lat' dir='ltr'><strong>l</strong></span> 
     </span>
     <span class='ocr_line' id='line_1_26' title="bbox 169 2512 1177 2597; baseline 0.001 -21"><span class='ocrx_word' id='word_1_160' title='bbox 169 2536 194 2576; x_wconf 83' lang='lat' dir='ltr'><strong>ss</strong></span> <span class='ocrx_word' id='word_1_161' title='bbox 207 2514 372 2581; x_wconf 89' lang='lat' dir='ltr'><strong>licitudine</strong></span> <span class='ocrx_word' id='word_1_162' title='bbox 393 2535 435 2579; x_wconf 90' lang='lat' dir='ltr'><strong>ne</strong></span> <span class='ocrx_word' id='word_1_163' title='bbox 462 2536 530 2580; x_wconf 86' lang='lat' dir='ltr'><strong>non</strong></span> <span class='ocrx_word' id='word_1_164' title='bbox 552 2513 720 2597; x_wconf 82' lang='lat' dir='ltr'><strong>contingat</strong></span> <span class='ocrx_word' id='word_1_165' title='bbox 746 2512 827 2578; x_wconf 90' lang='lat' dir='ltr'><strong>ultio</strong></span> <span class='ocrx_word' id='word_1_166' title='bbox 850 2512 975 2578; x_wconf 84' lang='lat' dir='ltr'><strong>anxius.</strong></span> <span class='ocrx_word' id='word_1_167' title='bbox 1020 2512 1076 2577; x_wconf 90' lang='lat' dir='ltr'><strong>sed</strong></span> <span class='ocrx_word' id='word_1_168' title='bbox 1098 2535 1177 2597; x_wconf 89' lang='lat' dir='ltr'><strong>pro-</strong></span> 
     </span>
     <span class='ocr_line' id='line_1_27' title="bbox 206 2597 1177 2700; baseline -0.003 -34"><span class='ocrx_word' id='word_1_169' title='bbox 206 2601 353 2700; x_wconf 84' lang='lat' dir='ltr'><strong>prietatis</strong></span> <span class='ocrx_word' id='word_1_170' title='bbox 377 2620 487 2664; x_wconf 83' lang='lat' dir='ltr'><strong>corum</strong></span> <span class='ocrx_word' id='word_1_171' title='bbox 511 2597 708 2662; x_wconf 85' lang='lat' dir='ltr'><strong>certissimae</strong></span> <span class='ocrx_word' id='word_1_172' title='bbox 730 2601 807 2661; x_wconf 90' lang='lat' dir='ltr'><strong>sunt</strong></span> <span class='ocrx_word' id='word_1_173' title='bbox 827 2597 1001 2682; x_wconf 83' lang='lat' dir='ltr'><strong>imagines,</strong></span> <span class='ocrx_word' id='word_1_174' title='bbox 1032 2618 1114 2681; x_wconf 89' lang='lat' dir='ltr'><strong>quas</strong></span> <span class='ocrx_word' id='word_1_175' title='bbox 1141 2599 1177 2663; x_wconf 85' lang='lat' dir='ltr'><strong>di</strong></span> 
     </span>
     <span class='ocr_line' id='line_1_28' title="bbox 207 2677 1260 2771; baseline -0.004 -20"><span class='ocrx_word' id='word_1_176' title='bbox 207 2687 268 2771; x_wconf 81' lang='lat' dir='ltr'><strong>ipsi</strong></span> <span class='ocrx_word' id='word_1_177' title='bbox 291 2685 325 2748; x_wconf 89' lang='lat' dir='ltr'><strong>in</strong></span> <span class='ocrx_word' id='word_1_178' title='bbox 349 2684 442 2750; x_wconf 87' lang='lat' dir='ltr'><strong>claris</strong></span> <span class='ocrx_word' id='word_1_179' title='bbox 464 2683 608 2768; x_wconf 90' lang='lat' dir='ltr'><strong>personis</strong></span> <span class='ocrx_word' id='word_1_180' title='bbox 631 2684 687 2746; x_wconf 88' lang='lat' dir='ltr'><strong>aut</strong></span> <span class='ocrx_word' id='word_1_181' title='bbox 702 2680 787 2746; x_wconf 92' lang='lat' dir='ltr'><strong>dicto</strong></span> <span class='ocrx_word' id='word_1_182' title='bbox 810 2682 917 2766; x_wconf 88' lang='lat' dir='ltr'><strong>aliquo</strong></span> <span class='ocrx_word' id='word_1_183' title='bbox 940 2687 997 2747; x_wconf 89' lang='lat' dir='ltr'><strong>aut</strong></span> <span class='ocrx_word' id='word_1_184' title='bbox 1018 2682 1107 2746; x_wconf 85' lang='lat' dir='ltr'><strong>facto</strong></span> <span class='ocrx_word' id='word_1_185' title='bbox 1124 2703 1176 2747; x_wconf 89' lang='lat' dir='ltr'><strong>ue·</strong></span> <span class='ocrx_word' id='word_1_186' title='bbox 1259 2677 1260 2735; x_wconf 82' lang='lat' dir='ltr'><strong>l</strong></span> 
     </span>
     <span class='ocr_line' id='line_1_29' title="bbox 206 2767 780 2851; baseline -0.01 -16"><span class='ocrx_word' id='word_1_187' title='bbox 206 2769 408 2835; x_wconf 82' lang='lat' dir='ltr'><strong>hamentiore</strong></span> <span class='ocrx_word' id='word_1_188' title='bbox 430 2767 575 2851; x_wconf 89' lang='lat' dir='ltr'><strong>conspici</strong></span> <span class='ocrx_word' id='word_1_189' title='bbox 598 2767 780 2833; x_wconf 90' lang='lat' dir='ltr'><strong>uoluerunt.</strong></span> 
     </span>
     <span class='ocr_line' id='line_1_30' title="bbox 273 2849 1176 2920; baseline -0.002 -2"><span class='ocrx_word' id='word_1_190' title='bbox 273 2859 301 2918; x_wconf 92' lang='lat' dir='ltr'><strong>l.</strong></span> <span class='ocrx_word' id='word_1_191' title='bbox 335 2853 415 2920; x_wconf 82' lang='lat' dir='ltr'><strong>Cum</strong></span> <span class='ocrx_word' id='word_1_192' title='bbox 438 2854 590 2918; x_wconf 87' lang='lat' dir='ltr'><strong>aduersus</strong></span> <span class='ocrx_word' id='word_1_193' title='bbox 613 2851 849 2916; x_wconf 88' lang='lat' dir='ltr'><strong>Hasdrubalem</strong></span> <span class='ocrx_word' id='word_1_194' title='bbox 875 2849 988 2915; x_wconf 88' lang='lat' dir='ltr'><strong>Liuius</strong></span> <span class='ocrx_word' id='word_1_195' title='bbox 1011 2850 1176 2916; x_wconf 81' lang='lat' dir='ltr'><strong>Salinator</strong></span> 
     </span>
     <span class='ocr_line' id='line_1_31' title="bbox 169 2935 1175 3023; baseline -0.003 -19"><span class='ocrx_word' id='word_1_196' title='bbox 169 2960 195 3004; x_wconf 83' lang='lat' dir='ltr'><strong>ec</strong></span> <span class='ocrx_word' id='word_1_197' title='bbox 209 2938 329 3006; x_wconf 88' lang='lat' dir='ltr'><strong>bellum</strong></span> <span class='ocrx_word' id='word_1_198' title='bbox 356 2941 504 3023; x_wconf 86' lang='lat' dir='ltr'><strong>gesturus</strong></span> <span class='ocrx_word' id='word_1_199' title='bbox 531 2936 610 3002; x_wconf 91' lang='lat' dir='ltr'><strong>urbe</strong></span> <span class='ocrx_word' id='word_1_200' title='bbox 638 2937 856 3022; x_wconf 84' lang='lat' dir='ltr'><strong>egrederetur,</strong></span> <span class='ocrx_word' id='word_1_201' title='bbox 891 2939 1044 3002; x_wconf 88' lang='lat' dir='ltr'><strong>monente</strong></span> <span class='ocrx_word' id='word_1_202' title='bbox 1073 2935 1175 3001; x_wconf 85' lang='lat' dir='ltr'><strong>Fabio</strong></span> 
     </span>
    </p>
   </div>
   <div class='ocr_carea' id='block_1_5' title="bbox 204 3137 1176 3612">
    <p class='ocr_par' dir='ltr' id='par_1_9' title="bbox 204 3137 1258 3377">
     <span class='ocr_line' id='line_1_32' title="bbox 274 3137 1176 3207; baseline -0.003 -11"><span class='ocrx_word' id='word_1_203' title='bbox 274 3143 433 3196; x_wconf 81' lang='lat' dir='ltr'><strong>2uir0rum</strong></span> <span class='ocrx_word' id='word_1_204' title='bbox 455 3138 528 3206; x_wconf 80' lang='lat' dir='ltr'><strong>LA,</strong></span> <span class='ocrx_word' id='word_1_205' title='bbox 551 3155 600 3195; x_wconf 84' lang='lat' dir='ltr'><strong>cm.</strong></span> <span class='ocrx_word' id='word_1_206' title='bbox 624 3140 656 3194; x_wconf 79' lang='lat' dir='ltr'><strong>in</strong></span> <span class='ocrx_word' id='word_1_207' title='bbox 678 3138 824 3193; x_wconf 76' lang='lat' dir='ltr'><strong>nonnullis</strong></span> <span class='ocrx_word' id='word_1_208' title='bbox 846 3137 912 3194; x_wconf 85' lang='lat' dir='ltr'><strong>dett.</strong></span> <span class='ocrx_word' id='word_1_209' title='bbox 936 3138 946 3207; x_wconf 92' lang='lat' dir='ltr'><strong>l</strong></span> <span class='ocrx_word' id='word_1_210' title='bbox 970 3145 986 3194; x_wconf 85' lang='lat'>9</span> <span class='ocrx_word' id='word_1_211' title='bbox 1009 3153 1125 3206; x_wconf 87' lang='lat' dir='ltr'><strong>quoque</strong></span> <span class='ocrx_word' id='word_1_212' title='bbox 1143 3141 1176 3193; x_wconf 88' lang='lat' dir='ltr'><strong>ut</strong></span> 
     </span>
     <span class='ocr_line' id='line_1_33' title="bbox 206 3206 1174 3285; baseline -0.004 -21"><span class='ocrx_word' id='word_1_213' title='bbox 206 3210 278 3277; x_wconf 84' lang='lat' dir='ltr'><strong>LA,</strong></span> <span class='ocrx_word' id='word_1_214' title='bbox 297 3225 411 3278; x_wconf 90' lang='lat' dir='ltr'><strong>quoque</strong></span> <span class='ocrx_word' id='word_1_215' title='bbox 428 3208 607 3270; x_wconf 72' lang='lat' dir='ltr'><strong>Perizonius,</strong></span> <span class='ocrx_word' id='word_1_216' title='bbox 626 3221 674 3285; x_wconf 77' lang='lat' dir='ltr'><strong>cos</strong></span> <span class='ocrx_word' id='word_1_217' title='bbox 696 3222 732 3260; x_wconf 88' lang='lat' dir='ltr'><strong>ue</strong></span> <span class='ocrx_word' id='word_1_218' title='bbox 750 3207 783 3260; x_wconf 89' lang='lat' dir='ltr'><strong>ut</strong></span> <span class='ocrx_word' id='word_1_219' title='bbox 805 3212 836 3263; x_wconf 87' lang='grc' dir='ltr'><em>Π</em></span> <span class='ocrx_word' id='word_1_220' title='bbox 849 3206 959 3275; x_wconf 77' lang='grc' dir='ltr'><strong>ΗαῑηιΙΙ</strong></span> <span class='ocrx_word' id='word_1_221' title='bbox 974 3212 1004 3261; x_wconf 93' lang='lat'><strong>10</strong></span> <span class='ocrx_word' id='word_1_222' title='bbox 1022 3221 1114 3275; x_wconf 88' lang='lat' dir='ltr'><strong>poene</strong></span> <span class='ocrx_word' id='word_1_223' title='bbox 1134 3207 1174 3273; x_wconf 84' lang='lat' dir='ltr'><strong>L,</strong></span> 
     </span>
     <span class='ocr_line' id='line_1_34' title="bbox 204 3273 1174 3377; baseline -0.006 -43"><span class='ocrx_word' id='word_1_224' title='bbox 204 3293 297 3350; x_wconf 71' lang='lat' dir='ltr'><strong>paene</strong></span> <span class='ocrx_word' id='word_1_225' title='bbox 314 3279 362 3344; x_wconf 57' lang='grc' dir='ltr'><strong>Αἱ,</strong></span> <span class='ocrx_word' id='word_1_226' title='bbox 380 3292 453 3346; x_wconf 88' lang='lat' dir='ltr'><strong>peno</strong></span> <span class='ocrx_word' id='word_1_227' title='bbox 473 3279 502 3331; x_wconf 91' lang='grc' dir='ltr'><strong>Π</strong></span> <span class='ocrx_word' id='word_1_228' title='bbox 517 3278 527 3345; x_wconf 76' lang='grc' dir='ltr'><strong>ΙΙ</strong></span> <span class='ocrx_word' id='word_1_229' title='bbox 544 3275 672 3377; x_wconf 84' lang='lat' dir='ltr'><strong>suflicrat¹</strong></span> <span class='ocrx_word' id='word_1_230' title='bbox 717 3275 780 3342; x_wconf 70' lang='grc' dir='ltr'><strong>Α1ΙΙ</strong></span> <span class='ocrx_word' id='word_1_231' title='bbox 802 3278 870 3353; x_wconf 78' lang='lat' dir='ltr'><strong>potu</strong></span> <span class='ocrx_word' id='word_1_232' title='bbox 891 3278 920 3328; x_wconf 88' lang='grc' dir='ltr'>Π</span> <span class='ocrx_word' id='word_1_233' title='bbox 973 3279 1002 3327; x_wconf 76' lang='lat'><strong>12</strong></span> <span class='ocrx_word' id='word_1_234' title='bbox 1020 3278 1050 3326; x_wconf 90' lang='lat' dir='ltr'><strong>in</strong></span> <span class='ocrx_word' id='word_1_235' title='bbox 1068 3273 1174 3353; x_wconf 75' lang='lat' dir='ltr'><strong>tabidis</strong></span> 
     </span>
    </p>

    <p class='ocr_par' dir='ltr' id='par_1_10' title="bbox 204 3341 1173 3612">
     <span class='ocr_line' id='line_1_35' title="bbox 277 3387 1151 3490; baseline -0.002 -24"><span class='ocrx_word' id='word_1_236' title='bbox 277 3387 381 3490; x_wconf 42' lang='grc' dir='ltr'><strong>ἶῌαῑηι,</strong></span> <span class='ocrx_word' id='word_1_237' title='bbox 398 3427 448 3466; x_wconf 85' lang='lat' dir='ltr'><strong>ern.</strong></span> <span class='ocrx_word' id='word_1_238' title='bbox 465 3412 506 3466; x_wconf 82' lang='lat' dir='ltr'><strong>Ps&#39;</strong></span> <span class='ocrx_word' id='word_1_239' title='bbox 523 3413 587 3467; x_wconf 78' lang='lat' dir='ltr'><strong>binc</strong></span> <span class='ocrx_word' id='word_1_240' title='bbox 622 3416 663 3489; x_wconf 35' lang='lat' dir='ltr'><strong>&#39;ab</strong></span> <span class='ocrx_word' id='word_1_241' title='bbox 682 3411 854 3489; x_wconf 39' lang='lat' dir='ltr'><strong>contingata·</strong></span> <span class='ocrx_word' id='word_1_242' title='bbox 877 3411 972 3489; x_wconf 66' lang='lat' dir='ltr'><strong>cetat</strong></span> <span class='ocrx_word' id='word_1_243' title='bbox 988 3409 1020 3463; x_wconf 83' lang='lat' dir='ltr'><strong>in</strong></span> <span class='ocrx_word' id='word_1_244' title='bbox 1037 3424 1093 3464; x_wconf 83' lang='lat' dir='ltr'><strong>ras.</strong></span> <span class='ocrx_word' id='word_1_245' title='bbox 1124 3409 1151 3464; x_wconf 85' lang='lat' dir='ltr'><strong><em>L</em></strong></span> 
     </span>
     <span class='ocr_line' id='line_1_36' title="bbox 206 3341 1173 3467; baseline -0.003 -68"><span class='ocrx_word' id='word_1_246' title='bbox 206 3362 239 3467; x_wconf 69' lang='lat' dir='ltr'><strong>cLo</strong></span> <span class='ocrx_word' id='word_1_247' title='bbox 305 3346 398 3413; x_wconf 76' lang='lat' dir='ltr'><strong>Hll3</strong></span> <span class='ocrx_word' id='word_1_248' title='bbox 416 3359 586 3412; x_wconf 85' lang='lat' dir='ltr'><strong>quaeramus</strong></span> <span class='ocrx_word' id='word_1_249' title='bbox 603 3344 662 3397; x_wconf 80' lang='lat' dir='ltr'><strong>LA</strong></span> <span class='ocrx_word' id='word_1_250' title='bbox 686 3343 741 3410; x_wconf 79' lang='lat' dir='ltr'><strong>l¹9</strong></span> <span class='ocrx_word' id='word_1_251' title='bbox 760 3345 789 3396; x_wconf 88' lang='lat' dir='ltr'><strong>et</strong></span> <span class='ocrx_word' id='word_1_252' title='bbox 807 3343 872 3398; x_wconf 81' lang='lat' dir='ltr'><strong>odio</strong></span> <span class='ocrx_word' id='word_1_253' title='bbox 890 3342 921 3396; x_wconf 93' lang='lat' dir='ltr'><em>D</em></span> <span class='ocrx_word' id='word_1_254' title='bbox 966 3342 1021 3409; x_wconf 76' lang='grc'>1120</span> <span class='ocrx_word' id='word_1_255' title='bbox 1039 3343 1091 3395; x_wconf 84' lang='lat' dir='ltr'><strong>aut</strong></span> <span class='ocrx_word' id='word_1_256' title='bbox 1107 3341 1173 3396; x_wconf 80' lang='lat' dir='ltr'><strong>odio</strong></span> 
     </span>
     <span class='ocr_line' id='line_1_37' title="bbox 204 3429 1171 3612; baseline 0.003 -83"><span class='ocrx_word' id='word_1_257' title='bbox 204 3479 362 3598; x_wconf 39' lang='lat' dir='ltr'><strong>&amp;meludit</strong></span> <span class='ocrx_word' id='word_1_258' title='bbox 379 3492 435 3596; x_wconf 45' lang='lat' dir='ltr'><strong>omk</strong></span> <span class='ocrx_word' id='word_1_259' title='bbox 443 3429 583 3612; x_wconf 49' lang='grc' dir='ltr'><em>Ιμῖζῃῖἵ</em></span> <span class='ocrx_word' id='word_1_260' title='bbox 620 3479 677 3532; x_wconf 77' lang='lat' dir='ltr'><strong>ictu</strong></span> <span class='ocrx_word' id='word_1_261' title='bbox 689 3477 748 3530; x_wconf 78' lang='lat' dir='ltr'><strong>LA</strong></span> <span class='ocrx_word' id='word_1_262' title='bbox 761 3479 771 3545; x_wconf 82' lang='grc' dir='ltr'><strong>ΙΙ</strong></span> <span class='ocrx_word' id='word_1_263' title='bbox 784 3483 816 3532; x_wconf 79' lang='grc'><strong>29</strong></span> <span class='ocrx_word' id='word_1_264' title='bbox 835 3478 920 3532; x_wconf 85' lang='lat' dir='ltr'><strong>hbrus</strong></span> <span class='ocrx_word' id='word_1_265' title='bbox 932 3477 992 3530; x_wconf 77' lang='lat' dir='ltr'><strong>LA</strong></span> <span class='ocrx_word' id='word_1_266' title='bbox 1004 3477 1014 3544; x_wconf 86' lang='grc' dir='ltr'><strong>ΙΙ</strong></span> <span class='ocrx_word' id='word_1_267' title='bbox 1026 3483 1060 3532; x_wconf 82' lang='grc'><strong>30</strong></span> <span class='ocrx_word' id='word_1_268' title='bbox 1077 3478 1171 3547; x_wconf 80' lang='lat' dir='ltr'><strong>gesta·</strong></span> 
     </span>
    </p>

    <p class='ocr_par' dir='ltr' id='par_1_11' title="bbox 272 3559 508 3602">
     <span class='ocr_line' id='line_1_38' title="bbox 272 3559 508 3602; baseline 0.008 -24"><span class='ocrx_word' id='word_1_269' title='bbox 272 3559 284 3578; x_wconf 74' lang='lat' dir='ltr'>fl</span> <span class='ocrx_word' id='word_1_270' title='bbox 324 3559 341 3580; x_wconf 77' lang='grc' dir='ltr'><strong>,Ω</strong></span> <span class='ocrx_word' id='word_1_271' title='bbox 361 3559 386 3580; x_wconf 70' lang='grc' dir='ltr'><strong><em>Μ</em></strong></span> <span class='ocrx_word' id='word_1_272' title='bbox 451 3561 471 3599; x_wconf 65' lang='grc'><strong>8.</strong></span> <span class='ocrx_word' id='word_1_273' title='bbox 501 3589 508 3602; x_wconf 53' lang='grc'>1</span> 
     </span>
    </p>
   </div>
   <div class='ocr_carea' id='block_1_6' title="bbox 0 0 1280 3958">
    <p class='ocr_par' dir='ltr' id='par_1_12' title="bbox 0 0 1280 3958">
     <span class='ocr_line' id='line_1_39' title="bbox 0 0 1280 3958; baseline 0 4"><span class='ocrx_word' id='word_1_274' title='bbox 0 0 1280 3958; x_wconf 95' lang='lat' dir='ltr'><strong> </strong></span> 
     </span>
    </p>
   </div>
  </div>
 </body>
</html>
