2562 3950
228 169 370 225 movit
390 168 504 237 cnse,
521 168 690 226 nats-10.
720 169 796 226 cAP.
809 177 834 240 4,
849 177 872 230 1.
884 177 908 226 s.
999 172 1063 240 553

92 329 225 390 auertit:
263 347 391 405 namque
419 347 455 388 ex
476 327 579 389 amicis
601 327 749 405 quendam
772 329 971 390 subornatum
993 329 1062 391 Oar-

92 408 249 490 thagineln
271 413 362 473 misit.
407 413 469 490 qui,
493 431 560 473 oum
582 414 716 474 uenisset
739 413 771 472 in
793 413 915 488 curiam,
940 417 1062 476 ‘consu-

92 498 150 557 lit’
180 498 280 574 inquii
309 500 379 558 ‘uos
402 497 554 557 Hannibal
581 516 620 557 an
649 517 716 558 cum
739 498 812 558 duce
834 499 968 560 Romano
991 518 1061 561 con-

92 583 197 660 fligere
225 582 348 654 debeat,
371 583 512 654 †eadem
542 583 689 642 clamante
711 586 817 643 senatu
839 601 901 644 non
923 603 987 644 esee
1008 584 1062 643 du-

64 666 177 727 ⁵binm
199 667 272 743 quin
287 669 447 742 oporteret,
472 667 631 727 ‘conflixit'
647 668 746 744 inquit
761 669 803 727 ‘et
818 669 975 744 superatus
991 669 1059 729 est'.

159 751 320 827 Hannibal,
344 752 471 811 Fabium
492 751 655 812 Maximum
678 752 916 813 cunctationibus
942 765 1096 830 pugnae8

92 855 125 896 so
147 836 350 897 ludificantem
377 838 412 895 ut
439 837 540 913 aliqua
568 837 734 913 suspicione
757 836 893 896 trahendi
915 837 987 897 belli
1008 856 1061 897 no-

91 923 182 994 taret,
205 921 299 981 totius
314 920 420 980 Italiae
442 938 532 998 agros
553 922 699 981 uastando
722 922 811 982 unius
826 921 913 981 Fabii
931 922 1058 982 fundum

91 1007 248 1066 inmunem
268 1005 306 1064 ab
328 1006 384 1065 boc
406 1005 532 1065 iniuriae
554 1025 663 1084 genere
684 1007 846 1082 praestitit.

48 1106 76 1145 ιο
158 1089 234 1150 Cum
248 1089 359 1150 crebris
376 1090 537 1156 Tusculani
558 1089 803 1151 rebellationibus
825 1091 1004 1152 meruissent
1025 1095 1060 1151 ut
1077 1105 1093 1152 9

91 1174 231 1234 funditus
254 1176 469 1250 euerterentur‚
492 1177 583 1250 atque
605 1175 643 1234 ad
664 1175 696 1234 id
712 1176 933 1252 exsequendum
948 1177 1059 1237 Furius

92 1257 238 1318 Camillus
259 1259 368 1319 missus
391 1264 479 1332 esset,
503 1260 637 1319 uniuersi
659 1261 757 1336 togati
778 1260 898 1320 obuiam
914 1263 1062 1321 uenerunt

92 1345 337 1419 commeatusque
359 1346 390 1402 et
413 1346 509 1403 cetere
529 1346 610 1420 pscis
625 1345 730 1403 munia
743 1346 970 1419 praestiterunt.
1003 1364 1062 1420 que

91 1428 263 1488 constantia
285 1428 322 1486 ad
346 1430 584 1488 communionem
599 1429 731 1489 ciuitatis
747 1447 841 1504 usque
855 1430 1059 1504 penetrarunt.

47 1525 76 1568 rs
157 1512 275 1572 Tullius
298 1513 358 1572 dux
379 1512 565 1587 Volscorum,
589 1531 656 1572 cnm
680 1513 795 1588 aliquot
819 1513 952 1573 aduersis
974 1531 1058 1590 pros·
1080 1528 1112 1577 10

88 1597 140 1657 liis
169 1599 307 1657 contusos
336 1598 451 1657 animos
479 1616 599 1657 suorum
623 1598 888 1670 animaduerteret,
917 1598 1061 1658 insidiosa

89 1682 208 1741 ratione
230 1699 281 1741 eos
304 1681 518 1758 conpulitque
540 1681 674 1741 uolebat:
705 1700 774 1740 nam
797 1700 863 1741 cum
886 1683 1060 1757 spectando·

89 1784 161 1824 rum
189 1765 328 1825 ludorum
355 1767 455 1843 gratia
482 1785 593 1843 magna
614 1766 792 1826 Volscorum
820 1766 981 1826 multitudo
1003 1767 1060 1826 Ro·

90 1869 172 1909 mam
195 1850 340 1924 uenisset,
364 1851 500 1910 consules
521 1851 639 1910 monuit
659 1853 695 1909 ut
717 1853 817 1910 essent
839 1851 994 1910 cautiores.
1028 1870 1060 1910 re

47 1948 75 1989 ao
92 1935 226 2011 cognite·
246 1937 365 1996 senatus
395 1935 489 1995 edixit
516 1937 642 1995 utente
664 1937 783 1995 noctem
806 1933 908 1995 Volsci
931 1934 1060 1995 abirent.

89 2037 150 2094 qua
183 2019 365 2079 contumelio
398 2019 514 2079 inritati
542 2019 629 2080 facile
662 2019 775 2096 inpulsi
803 2021 875 2079 sunt
902 2019 940 2079 ad
967 2019 1061 2080 rebel-

89 2103 223 2165 landum.

401 2204 741 2266 STRATEGEMATA.

156 2305 303 2368 Omnibus
324 2307 506 2369 militaribus
529 2308 621 2384 copiis
636 2308 742 2368 Tullus
757 2308 905 2369 Hostilius
920 2310 1048 2372 Fidenas
1062 2324 1111 2389 4‚1

44 2392 259 2469 remigremus,
284 2409 351 2450 cum
373 2393 502 2452 Mettum
515 2393 669 2454 Fufetium
690 2393 786 2468 ipsam
808 2393 902 2452 aciem
924 2393 1060 2454 deseren-

89 2480 154 2536 tem
174 2477 305 2552 uideret‚
336 2478 452 2537 ueritus
479 2496 517 2536 ne
545 2477 707 2553 trepidatio
735 2477 866 2535 militum
887 2480 1060 2538 nostrorum

33 2575 45 2588 ¹
90 2561 206 2621 animos
234 2561 406 2621 debilitaret
435 2563 584 2621 concitato
613 2580 690 2637 equo
728 2579 830 2642 omnes
863 2564 1058 2638 percucurrit,

89 2664 145 2706 suo
167 2645 249 2706 iussu
272 2645 373 2707 dicens
396 2647 551 2707 secessisse
573 2665 658 2724 eum,
687 2649 736 2720 ut,
761 2663 828 2704 cum
850 2646 916 2721 ipse
938 2646 1058 2723 signum

91 2729 232 2807 dedisset,
255 2733 341 2808 terga
362 2731 553 2790 Fidenatium
574 2730 738 2795 inuaderet.

45 2828 76 2870 so
157 2814 224 2874 Sex.
246 2813 427 2891 Tarquinius
456 2814 612 2891 Tarquinii
638 2814 732 2889 filius,
756 2833 822 2875 cum
845 2833 876 2874 sc
899 2815 999 2876 subito
1021 2817 1093 2881 adn

91 2897 225 2960 Gabinos
248 2900 440 2974 contulisset,
465 2902 617 2976 tamquam
638 2900 771 2975 parentis
795 2899 953 2959 saeuitiam
976 2900 1059 2978 fuge·

90 2987 139 3044 ret
145 3027 155 3062 ,
185 2983 361 3044 familiarem
383 3003 470 3044 suum
492 2984 530 3043 sd
551 2987 668 3060 patrem
691 2984 774 3044 misit
796 2984 948 3045 dicturum
971 3004 1058 3062 quem

162 3153 172 3199 1
194 3147 300 3202 auertit
318 3147 387 3202 ocni.
405 3147 503 3217 Halm,
523 3146 610 3202 uertit
627 3147 709 3216 corti
726 3146 819 3216 nique
839 3147 942 3213 Gertz*¹
960 3149 1002 3202 ita
1022 3166 1058 3203 ue

90 3215 149 3272 cod.
168 3213 255 3270 Halm
279 3217 289 3284 ΙΙ
312 3221 329 3268 4
348 3215 446 3269 eadem
465 3216 605 3269 clamante
623 3216 689 3281 cod,
718 3218 747 3269 et
764 3214 943 3293 adclamante
961 3166 1056 3282 Hodoi,

109 3282 165 3337 uod
182 3298 280 3338 aarum
296 3283 366 3350 uid,
385 3281 430 3337 Ibi
448 3285 544 3338 autem
556 3283 696 3337 clamante
708 3282 781 3349 Mai,
800 3283 865 3336 dem
883 3284 1058 3339 acclamante

121 3351 190 3405 estc·
214 3351 224 3419 ΙΙ
248 3351 350 3419 tquin
368 3353 443 3419 Μ,
463 3351 512 3419 qui
529 3365 586 3405 non
603 3354 667 3408 m.1
688 3353 692 3418 Ι
719 3351 904 3405 euastandos
922 3353 989 3420 cod,
1009 3369 1058 3408 sm.

90 3417 683 3541 Halchcl.)laobhoom.1llla

704 3433 759 3484 que
777 3418 850 3482 Mai,
867 3419 953 3487 idque
972 3421 1030 3475 cod.
1044 3421 1058 3492 ΙΙ

90 3493 125 3542 25
142 3487 252 3540 metum
269 3500 299 3542 co
321 3528 338 3553 .‚
357 3485 474 3540 Matium
491 3486 557 3541 Mai
568 3487 578 3554 ΙΙ
591 3492 623 3541 at
642 3501 739 3540 omnes
770 3484 892 3546 addend.
910 3503 981 3544 cena.
1001 3489 1060 3560 glo·

90 3555 145 3610 bos
164 3569 178 3609 e
198 3552 260 3611 Vol.
278 3555 324 3610 cel
342 3554 455 3609 ordines
473 3559 552 3622 recte,
569 3559 601 3611 at
619 3555 689 3621 uid„
739 3554 794 3610 alm
