2596 3954
152 181 163 208 .
213 109 277 176 544
501 106 570 161 ure.
588 105 638 162 vr.
670 105 748 165 cau.
766 111 792 173 a,
806 111 881 164 1-a.

214 285 281 325 rum
303 269 375 325 ncta
396 265 531 325 inustum
552 263 667 324 habuit.
699 264 761 340 qui,
785 281 853 324 cum
869 263 1112 338 superuenientes
1130 264 1189 323 mi·

215 351 284 410 lites
307 350 513 428 cognouisset‚
544 350 644 408 amoto
667 349 789 408 dominc
811 366 917 424 rogum
939 348 1073 408 extruxit
1095 349 1188 424 eique

215 435 331 495 ardenti
354 451 551 510 conprensum
573 438 604 492 et
626 433 757 492 occisum
777 451 880 492 senem
895 433 1064 508 superiacit.
1093 434 1189 492 inter-

215 520 391 596 rogantibus
420 519 527 579 deinde
554 517 701 578 militibus
730 517 783 576 ubi
811 520 891 577 esset
919 517 1029 576 Antius
1058 536 1184 576 manum

215 622 288 680 rogo
315 605 468 664 intentans
489 603 534 663 ibi
551 603 638 662 illum
661 603 739 661 datis
762 601 821 660 sibi
844 601 1029 662 crudelitatis
1051 602 1181 678 piaculis
1211 615 1225 656 e

214 690 262 747 uri
293 687 458 765 respondit.
508 687 579 764 quia
612 688 676 746 ueri
709 687 820 746 similia
851 686 1047 762 loquebatur,
1080 687 1187 748 habita

215 776 261 834 est
282 773 365 833 fides.

449 907 504 966 DE
526 903 766 966 MVTATIONE
791 903 948 966 MORVM.

165 1023 214 1089 921
279 1025 410 1084 Manlius
424 1024 593 1100 Torquatus
616 1025 688 1084 adeo
711 1023 826 1084 hebetis
841 1027 932 1100 atque
947 1023 1070 1084 obtunsi
1085 1023 1184 1084 cordis

215 1110 403 1169 existimatus
435 1111 496 1180 est,
527 1112 562 1167 ut
589 1128 606 1168 a
635 1112 720 1185 patre
747 1109 783 1167 1..
811 1109 923 1168 Manlio
949 1125 1002 1167 rus
1030 1110 1184 1186 relegatus
1200 1121 1227 1162 10

214 1193 327 1270 agresti
359 1210 448 1269 opere
481 1193 670 1270 fatigaretur.
720 1193 911 1270 postmodum
937 1211 1022 1254 reum
1049 1192 1184 1254 iudiciali

213 1277 345 1353 periculo
367 1277 517 1338 liberauit.
1278 1277 1279 1282 ’

181 1367 196 1416 ι
278 1361 376 1439 Scipio
407 1362 569 1423 Africanus
603 1363 737 1438 superior
769 1362 920 1422 solutioris
952 1362 1033 1422 uitae
1067 1363 1183 1438 primos

214 1446 432 1507 adulescentiae
453 1466 548 1507 annos
570 1447 667 1524 egisse
689 1446 793 1506 fertur.

181 1537 197 1586 3
280 1529 312 1592 O.
335 1531 473 1592 Valerius
493 1531 662 1607 †pontifex
683 1531 755 1590 luxu
776 1531 924 1607 perditam
945 1530 1183 1592 adulescentiam
1197 1546 1224 1588 re
1278 1603 1279 1610 ἵ

214 1615 379 1694 inchoauit,
408 1616 462 1676 sed
489 1619 628 1692 receptus
655 1616 730 1675 aP.
752 1616 867 1675 Licinio
888 1615 1031 1692 pontifice
1052 1617 1183 1678 maximo
1278 1619 1279 1676 ἶ

214 1701 323 1760 flamen
337 1705 356 1772 †
370 1701 514 1760 liberatus
536 1704 593 1761 est.

180 1789 198 1837 4
280 1787 314 1857 Q.
338 1785 452 1846 Fabius
474 1785 621 1844 Maximus
643 1784 825 1846 adulescunt
802 1788 875 1844 bam
897 1784 946 1844 inf
945 1804 1040 1844 amem
1061 1784 1180 1846 habuit.
1278 1819 1279 1852 ι

180 1874 196 1924 5
279 1871 314 1942 Q.
331 1869 387 1930 Oat
374 1871 465 1943 t‚ulus
487 1869 654 1946 superiores
676 1870 740 1929 eius
763 1869 833 1928 anni
856 1870 882 1928 si
903 1869 1061 1930 reuoluant
1062 1889 1107 1942 ur,
1131 1871 1180 1930 de
1278 1911 1279 1914 η

213 1955 404 2020 lieatissimus
426 1958 516 2032 atque
537 1954 760 2014 effusissimae
752 1954 923 2013 inuenietur
1194 1970 1221 2010 ao

180 2043 195 2091 6
277 2038 312 2097 L.
336 2038 419 2097 Sulla
448 2057 542 2115 usque
568 2039 606 2098 ad
635 2041 814 2136 quaesturae
843 2056 912 2097 suae
934 2038 1055 2098 comitia
1084 2036 1181 2099 uitam
1278 2067 1279 2104 ι

213 2121 348 2199 libidine,
370 2123 457 2198 uino,
479 2117 610 2183 ludicrae
632 2123 676 2182 rei
698 2141 797 2182 amore
819 2123 1006 2199 inquinatam
1027 2124 1180 2202 perduxit.

414 2292 467 2351 DE
490 2290 729 2352 MVTATIONE
751 2289 982 2351 FORTVNAE.

180 2417 195 2465 ‘1
276 2409 311 2469 Ρ.
326 2410 476 2484 Aufidius,
499 2429 566 2470 cum
581 2410 706 2470 Asiatici
727 2410 842 2485 publici
862 2411 1001 2485 exiguam
1016 2410 1179 2470 admodum

212 2496 390 2639 particulam
420 2495 586 2569 habuisset
559 2497 723 2570 tpcstea
754 2497 850 2554 totam
884 2495 986 2554 Asiam
1017 2495 1179 2570 proconsul
1193 2510 1218 2549 as

180 2581 276 2720 aoht
269 2581 365 2723 IVZNt
344 2664 444 2742 tidius‚
467 2664 519 2739 qui
541 2663 577 2723 de
598 2663 718 2723 Parthis
739 2664 952 2739 triumphauit,
976 2664 1081 2724 aetatis
1104 2683 1180 2724 non·
1278 2709 1279 2754 q

214 2749 285 2808 dum
305 2749 427 2825 puberis
441 2747 553 2808 Asculo
575 2751 664 2823 capto
688 2768 705 2806 a
728 2747 782 2810 On.
797 2747 940 2824 Pompeio
962 2751 1015 2824 pat
1016 2767 1048 2808 re
1069 2752 1178 2858 captus

212 2834 244 2893 in
265 2834 417 2910 triumpho
439 2837 486 2892 est
506 2833 620 2893 ductus.

281 3019 297 3068 3
315 3013 539 3082 conprehensum
556 3013 621 3068 Mai
644 3013 654 3082 ι
678 3019 693 3067 9
711 3012 839 3067 haebetis
852 3013 862 3082 ΙΙ
875 3018 906 3067 11
925 3011 1119 3082 postmodum]
1139 3028 1179 3066 aa

214 3080 334 3136 addend.
353 3082 463 3151 patrem
482 3097 496 3135 e
517 3080 600 3139 Vol?
623 3081 634 3150 fl
659 3086 691 3134 15
713 3080 888 3182 pontifex}
875 3095 958 3135 ammo
980 3079 1110 3146 Flaccus,
1130 3081 1180 3134 sed
1278 3167 1279 3180 χ

214 3154 326 3228 corrupt
326 3165 374 3203 am
397 3165 410 3204 e
378 3148 535 3282 )PuEi⁰⁰
558 3149 634 3202 bello
648 3151 734 3216 putat
753 3148 835 3203 Gertz
877 3149 887 3218 ΙΙ
913 3154 944 3268 116
961 3147 1101 3226 pontifice
1114 3147 1178 3226 (litt.

212 3215 1179 3363 reuss-s*attributus-‘arrisuremeasset

213 3349 272 3402 cod.
295 3351 409 3404 titulum
433 3351 521 3412 ιοιοι,
516 3367 628 3471 ‚guara
649 3355 714 3405 cate
731 3349 780 3422 §7
796 3351 993 3420 truacpoaead.
1012 3367 1067 3406 ease
1084 3351 1180 3406 docuit
1278 3417 1279 3440 χ

215 3414 339 3482 Gertap
340 3420 413 3473 ,285
434 3419 444 3484 fl
464 3423 498 3472 22
516 3418 573 3471 lu
565 3434 654 3472 rorare
672 3433 768 3473 amore
790 3434 824 3475 m.
843 3424 860 3473 1
884 3420 894 3488 ΙΙ
918 3425 950 3473 27
973 3421 1097 3472 nondum
1119 3433 1179 3486 noe,

212 3432 364 3534 admodum
381 3475 440 3538 cod.
459 3483 548 3540 Halm
559 3486 570 3554 11
582 3491 616 3541 28
632 3500 753 3555 pompeo
