2606 3952
199 141 259 206 134
611 138 683 192 LlB.
703 136 752 194 Ill.

194 293 303 376 rigore
336 313 469 376 corpora
502 313 559 357 sua
588 290 756 373 durantes,
794 289 891 355 modo
927 289 1064 354 flammis
1094 290 1165 356 sine

195 378 262 445 ullo
285 379 407 464 gemitu
430 377 617 442 obicientes.
652 379 749 459 atque
771 374 822 439 hie
844 374 930 438 haud
945 395 1047 458 parua
1061 375 1165 459 gloria

196 465 383 610 gontemptu
413 461 531 526 doloris
565 460 745 544 adquiritur
775 459 951 543 titulusque
984 460 1165 543 sapientiae

218 551 298 612 atur.

170 649 183 690 a
261 632 290 697 7.
320 631 410 696 Haec
432 652 449 694 e
471 631 655 715 pectoribus
677 629 752 694 altis
775 632 807 694 et
829 628 961 693 eruditis
983 631 1055 694 orta
1077 632 1163 707 sunt,

194 714 273 780 illud
301 719 410 780 tamen
438 736 503 781 non
531 716 637 780 minus
665 713 853 779 admirabile
883 712 1008 778 seruilis
1037 713 1164 780 animus

195 801 290 884 cepit.
336 821 447 865 seruus
482 800 636 866 barbarus
663 798 913 877 Hasdrubalem,
948 797 1033 882 quod
1063 798 1164 864 domi·

194 907 273 950 num
295 907 388 950 suum
411 883 580 950 occidisset
601 885 743 971 grauiter
760 883 881 964 ferens,
905 883 1012 948 subito
1035 883 1163 966 adgres-

194 991 249 1035 sus
271 969 448 1046 interemit,
471 991 607 1054 cumque
624 967 861 1052 conprehensus
877 968 966 1032 omni
985 967 1079 1034 modo
1095 989 1164 1032 cru-

157 1056 342 1132 moleretur,
365 1055 522 1119 laetitiam
543 1058 663 1136 tamen,
686 1074 782 1138 quam
805 1074 844 1118 ex
866 1053 1011 1118 uindicta
1026 1057 1163 1137 ceperat,

194 1140 230 1204 in
252 1160 307 1203 ore
332 1139 592 1205 constantissime
618 1139 761 1204 retinuit.
803 1159 870 1202 non
893 1159 970 1223 ergo
993 1137 1163 1203 fastidioso

194 1223 283 1288 aditu
305 1225 422 1289 uirtus:
445 1225 582 1288 excitata
604 1223 713 1289 uiuida
735 1222 866 1307 ingenia
889 1222 929 1286 ad
944 1243 979 1287 se
993 1226 1164 1306 penetrare

193 1308 317 1392 patitur
338 1329 441 1392 neque
464 1307 614 1374 haustum
641 1309 691 1373 sui
720 1329 792 1372 cum
820 1307 928 1391 aliquo
951 1328 1163 1391 personarum

195 1392 376 1458 discrimine
402 1392 528 1479 largum
555 1393 775 1478 malignumue
802 1394 948 1476 praebet,
980 1392 1036 1458 sed
1061 1394 1162 1457 omni·

156 1477 252 1542 robus
268 1477 445 1562 aequaliter
463 1479 609 1562 exposita
629 1477 706 1562 quid
729 1477 913 1561 cupiditatis
934 1477 1044 1560 potius
1065 1498 1163 1561 qnam

193 1562 271 1648 quid
293 1562 460 1648 dignitatis
484 1562 630 1627 attuleris
652 1563 800 1628 aestimat
822 1563 919 1646 inque
943 1566 1039 1646 captu
1061 1561 1161 1628 bono·

192 1669 263 1711 rum
286 1669 417 1712 suorum
432 1647 492 1712 tibi
507 1649 570 1732 ipsi
585 1647 711 1732 pondus
730 1646 980 1712 examinandum
995 1648 1159 1731 relinquit,

192 1735 229 1796 ut
251 1736 405 1816 quantum
429 1733 536 1797 subire
559 1733 667 1797 animo
683 1731 887 1815 sustinueris,
910 1735 1038 1797 tantum
1054 1737 1161 1797 tecum

193 1816 330 1884 auferas.
364 1838 428 1901 quo
451 1817 558 1882 euenit
579 1821 615 1881 ut
637 1819 669 1881 et
690 1815 805 1882 humili
827 1817 899 1882 loco
921 1817 988 1882 nati
1013 1816 1054 1881 ad
1077 1839 1162 1882 sum-

154 1921 180 1961 ao
193 1923 278 1966 mam
312 1901 503 1987 dignitatem
540 1923 657 1968 consur
681 1905 737 1966 ant
773 1905 806 1966 et
865 1903 1161 1966 enerosissimarum

192 1985 371 2083 imaginum
392 1986 478 2052 fetus
500 1987 536 2051 in
547 1921 680 2072 aliquod
691 1986 830 2052 reuoluti
842 1922 981 2052 dedecus
996 1991 1160 2070 acceptam

193 2090 212 2132 a
234 2071 409 2135 maioribus
432 2072 535 2136 lucem
557 2072 592 2135 in
607 2072 757 2137 tenebras
773 2074 973 2136 conuertunt.
997 2093 1078 2155 quae
1094 2073 1161 2155 qui·

123 2196 124 2200 =
192 2155 264 2218 dem
286 2154 433 2238 planiora
455 2155 522 2220 suis
545 2158 699 2240 exemplis
720 2155 908 2239 reddentur,
938 2177 976 2221 ac
1003 2156 1092 2240 prius
1120 2155 1159 2221 de

190 2237 242 2302 his
264 2240 378 2324 ordiar,
401 2261 536 2324 quorum
556 2241 590 2305 in
604 2242 770 2307 meliorem
785 2244 906 2305 statum
921 2239 1006 2306 facta
1022 2241 1158 2306 mutatio

153 2344 178 2386 ae
192 2323 392 2406 splendidam
414 2324 516 2390 relatu
538 2328 671 2409 praebet
693 2326 868 2394 materiam.

258 2582 274 2630 2
313 2578 390 2632 enitu
408 2578 444 2631 L¹
462 2578 473 2648 ll
489 2578 565 2632 haud
584 2607 617 2619 -
635 2579 799 2648 contemptu
817 2578 849 2632 ia
866 2592 923 2632 roa.
940 2576 983 2644 A,
1001 2593 1090 2647 parua
1109 2579 1158 2632 aut

191 2645 271 2712 (corr.
288 2594 370 2713 daut)
388 2645 480 2714 gloria
492 2647 567 2700 cont.
582 2645 609 2700 L
621 2648 659 2768 {kl
678 2647 807 2716 concepit
818 2647 928 2700 amauit
939 2645 1027 2699 Halm
1040 2647 1050 2714 ΙΙ
1063 2652 1078 2700 9
1092 2662 1158 2700 oon-

189 2712 345 2780 prebeneus
362 2728 424 2778 ace,
445 2729 610 2783 conpressus
653 2714 707 2782 ¹A,
726 2730 897 2782 conprensus
910 2713 947 2767 L·
959 2713 1055 2780 Halm,
1073 2713 1157 2767 Mod·

189 2779 359 2849 ai911318,
378 2787 408 2835 at
424 2779 484 2835 Vol.
497 2797 601 2850 semper
613 2782 749 2850 pleniore,
768 2783 838 2840 Par.
856 2781 914 2848 sere
931 2781 1055 2836 breuiore
1066 2782 1158 2848 fornae

189 2849 291 2903 atitwr.
319 2847 353 2914 cf.
373 2849 431 2902 ΙΙΙ
444 2852 471 2915 2,
490 2854 524 2903 19
543 2855 567 2904 et
583 2854 601 2905 7
618 2855 671 2908 eccl.
689 2854 707 2904 3
712 2869 723 2916 ;
745 2849 809 2903 VII
822 2853 842 2904 2
860 2853 913 2904 ext.
925 2853 959 2904 15
965 2868 975 2915 ;
996 2847 1100 2902 VIIII
1113 2853 1159 2930 13,

188 2918 221 2980 3;
239 2915 280 2969 ΙΙ
292 2921 319 2984 1,
337 2921 373 2970 10
383 2918 394 2986 ΙΙ
408 2923 440 2972 10
458 2919 591 2986 caeperat
607 2917 647 2982 L,
667 2924 802 2986 coeperat
818 2917 870 2983 ΑΙ,
889 2916 956 2972 add.
976 2916 998 2971 Ι.
1017 2915 1048 2970 P.
1067 2917 1160 2988 lqtitia

188 2982 314 3056 uindiotq
332 2983 390 3038 risu
408 2985 528 3040 testatus
547 2986 591 3039 est
610 2999 704 3054 morus
721 2986 749 3040 A
767 3001 781 3039 c
797 2984 866 3040 Por.
891 2987 901 3054 ΙΙ
926 2991 958 3038 12
977 2984 1066 3038 uirtus
1085 2985 1158 3039 exci-

188 3050 251 3104 tata
284 3052 373 3120 prior.
392 3051 470 3118 edd,
491 3057 562 3108 recte
584 3052 716 3108 distinxit
733 3052 851 3120 Lipsiae
875 3053 885 3120 ΙΙ
912 3052 1009 3106 uiuida
1027 3051 1099 3116 LA,
1125 3068 1157 3107 ac

189 3092 286 3172 uuila
302 3119 433 3198 sepau,
451 3120 480 3175 ur
497 3120 566 3176 uiua
582 3119 653 3176 arn.
674 3119 787 3176 cesara
804 3120 836 3198 aa
851 3119 955 3175 Puero.
971 3123 1042 3174 rere
1053 3135 1084 3188 p.
1094 3124 1155 3187 aa,

189 3189 220 3239 et
245 3202 297 3242 eua
322 3204 351 3240 ur
377 3187 448 3242 urba
472 3189 594 3256 mollem,
622 3185 739 3242 effetata
764 3186 878 3242 seruilia
903 3186 1023 3256 Weaslcq
1044 3203 1074 3256 p.
1097 3192 1114 3242 6
1144 3189 1155 3260 ll

189 3257 222 3306 16
240 3255 407 3320 aequabiter
430 3259 479 3322 (aa
497 3263 587 3312 ortam
610 3272 643 3312 aa
661 3254 880 3325 aequabiliterl)
901 3255 928 3309 L
951 3256 961 3322 ll
987 3260 1017 3309 16
1041 3257 1157 3312 atuleris

188 3321 226 3372 Αί
251 3321 261 3389 ΙΙ
287 3328 317 3375 17
337 3323 553 3379 exanimandum
572 3325 599 3380 L
621 3329 646 3379 et
663 3324 717 3379 lire.
737 3323 873 3378 inandum
890 3321 1026 3392 relinquit
1047 3323 1079 3376 ia
1100 3340 1157 3382 rae.

187 3389 292 3442 maiore
308 3389 403 3458 Al18
421 3392 586 3448 sustinuerit
603 3394 684 3462 (ectr.
701 3392 715 3444 t
731 3391 764 3446 ia
780 3395 848 3457 raa)
866 3390 894 3444 L
910 3390 920 3460 ΙΙ
940 3396 969 3444 19
987 3390 1068 3445 uenit
1085 3391 1156 3448 LA¹

192 3455 246 3534 ll²l
266 3455 394 3510 deuoluti
409 3459 451 3535 51²
459 3460 518 3581 ΨΒ
536 3459 693 3514 redduntur
709 3458 779 3524 LA,
800 3474 849 3513 em.
862 3458 983 3537 Paphiae
1000 3473 1014 3512 a
1030 3458 1089 3514 cod.
1103 3460 1157 3516 Su-

187 3537 268 3578 aruao
280 3522 317 3591 (Ρ)
331 3524 341 3592 ΙΙ
354 3523 389 3578 de
406 3542 441 3580 ns
491 3527 546 3582 alm
559 3527 569 3597 ΙΙ
582 3532 615 3584 ab
633 3527 736 3583 relatui
753 3526 824 3583 onai.
842 3525 1009 3582 Perizonius
