2562 3950
392 975 668 1054 IANVARII
699 975 1042 1053 NEPOTIANI

288 1143 486 1210 EPITOMA
509 1141 735 1209 LIBRORVM
759 1142 945 1208 VALERlI
966 1143 1155 1209 MAXIMI.

664 1299 766 1308 n...—

298 1403 455 1463 Innuarius
477 1402 661 1479 Nepotianus
684 1401 799 1462 Victori
822 1421 876 1462 suo
899 1403 1034 1462 salutem.
1081 1403 1209 1480 Impen·
1257 1413 1258 1476 1

235 1491 297 1548 sius
321 1506 408 1563 quam
433 1487 524 1547 ceteri
545 1487 748 1547 adolescentes
770 1487 881 1547 litteris
904 1487 1021 1563 studes,
1051 1506 1115 1564 quo
1141 1493 1210 1548 tan·
1257 1503 1258 1506 ’

235 1577 299 1632 tum
326 1571 461 1647 proficis,
490 1575 524 1630 ut
551 1571 651 1648 exigas
680 1571 791 1646 scripta
819 1575 955 1630 ueterum
983 1574 1135 1650 coerceri,
1167 1573 1229 1632 mis
1257 1597 1258 1642 r

237 1656 349 1715 Victor.
380 1657 461 1732 quod
483 1655 625 1715 iudicium
648 1656 738 1715 etiam
755 1655 787 1715 in
802 1656 923 1716 senibus
937 1675 1037 1714 rarum
1052 1660 1110 1730 est,
1137 1658 1209 1734 quia

235 1745 315 1801 recte
340 1741 458 1800 dicendi
481 1740 604 1800 scientia
626 1740 657 1798 in
680 1741 792 1815 paucis.
829 1741 923 1816 igitur
945 1741 982 1798 de
996 1740 1121 1802 Valerio
1147 1743 1207 1802 Ma·

234 1828 313 1886 ximo
336 1843 454 1886 mecum
476 1825 569 1885 sentis
592 1843 683 1900 opera
705 1824 768 1884 eius
791 1825 878 1884 utilia
899 1843 980 1898 esse,
1002 1826 1028 1885 si
1050 1825 1116 1886 sint
1140 1829 1207 1886 bre-

235 1913 301 1970 uia:
337 1909 429 1987 digna
456 1909 538 1968 enim
566 1909 737 1986 cognitione
766 1909 932 1984 componit,
960 1909 1011 1969 sed
1034 1910 1208 1989 colligenda

236 1993 382 2071 producit,
408 1994 478 2052 dum
501 2014 532 2054 se
555 1996 686 2054 ostentat
701 1994 866 2069 sententiis,
889 1994 961 2053 locis
976 1994 1077 2068 iactet,
1103 1995 1207 2054 fundit
1220 2006 1237 2044 ¹⁰

236 2078 418 2152 excessibus,
450 2081 481 2137 et
502 2097 536 2138 eo
558 2079 685 2138 fortasse
709 2079 749 2138 sit
770 2078 959 2154 paucioribus
981 2081 1088 2151 notus,
1125 2080 1208 2156 quod

236 2162 401 2238 legentium
436 2162 576 2222 auiditati
604 2181 688 2221 mora
715 2158 781 2238 ipsa
812 2162 933 2222 fastidio
965 2167 1021 2226 est.
1071 2165 1206 2224 recidam

236 2249 354 2322 itaque,
379 2249 414 2305 ut
435 2247 497 2322 uis,
528 2248 591 2306 eius
613 2247 814 2306 redundantia
835 2250 867 2306 et
889 2247 1029 2323 pleraque
1052 2250 1206 2326 transgre-

236 2333 313 2406 diar,
343 2331 488 2391 nonnulla
510 2333 719 2406 praetermissa
741 2335 905 2391 conectam.
949 2333 999 2392 sed
1023 2332 1078 2392 hoc
1100 2352 1205 2392 meum
1258 2399 1259 2410 ,

235 2434 287 2477 rec
314 2435 438 2476 neruum
468 2417 660 2491 antiquorum
689 2415 812 2475 habebit
837 2434 891 2476 nec
919 2416 1019 2475 fucum
1040 2433 1205 2476 nouorum.
1218 2411 1259 2465 15'

236 2506 266 2561 et
288 2521 355 2562 cum
377 2502 496 2577 integra
519 2501 580 2559 sere
602 2501 633 2558 in
656 2501 772 2560 occulto
795 2500 856 2560 sint
877 2506 903 2561 ct
924 2503 1044 2576 praeter
1064 2519 1121 2562 nos
1145 2502 1204 2560 duo

236 2586 370 2664 profecto
399 2603 486 2644 nemo
510 2584 673 2660 epitomata
695 2587 869 2661 cognoscat,
897 2585 953 2645 hoc
973 2586 1069 2645 tutius
1092 2586 1204 2646 abutor

237 2672 299 2730 otio
322 2672 434 2746 tibique
457 2688 554 2745 pareo.
596 2669 701 2742 †beu‚
730 2687 848 2742 censor,
873 2670 1035 2745 pinoteres,
1059 2689 1134 2730 caue
1156 2671 1204 2730 bic

237 2756 319 2815 eliud
341 2773 431 2832 quam
453 2754 632 2813 breuitatem
647 2753 791 2831 requires,
815 2772 904 2829 quam
920 2755 1013 2814 solam
1028 2756 1201 2831 poposcisti.

236 2858 320 2914 cura,
343 2839 386 2898 mi
407 2837 521 2912 Victor,
543 2841 578 2898 ut
599 2838 707 2898 ueleas.
1215 2849 1235 2888 ²⁰

304 3009 321 3055 4
338 3003 433 3057 tentus
458 3003 462 3068 Ι
492 3006 507 3054 6
526 3001 625 3054 uictori
648 3003 658 3070 ΙΙ
682 3007 697 3055 9
716 3005 741 3055 et
761 3007 792 3055 10
810 3003 1159 3072 componat-producat
1172 3033 1202 3043 -

237 3070 338 3124 fundat
349 3070 359 3139 ΙΙ
374 3076 403 3123 11
423 3069 459 3122 sit
491 3069 599 3123 accurit
612 3073 655 3122 est
668 3068 773 3124 Gertz*
786 3069 795 3136 ΙΙ
810 3074 840 3121 12
853 3067 961 3123 recidas
974 3071 984 3138 11
999 3076 1029 3123 14
1041 3072 1201 3140 conectam]

239 3138 387 3192 adnectam
402 3137 528 3203 praefert
547 3135 651 3192 ema*
664 3138 674 3206 n
687 3137 735 3190 sed
754 3136 820 3202 cod,
840 3136 879 3189 sic
896 3136 1044 3192 Eberhard
1061 3138 1093 3192 io
1104 3138 1201 3193 Herm.

241 3205 324 3258 VIII
334 3219 362 3270 p.
376 3209 418 3270 91,
437 3204 545 3258 scilieet
561 3209 587 3259 ct
600 3210 697 3272 posteo
714 3204 762 3257 aed
781 3219 845 3256 cum
862 3204 952 3258 int·
964 3203 1021 3259 sint
1033 3206 1104 3274 (et)
1122 3222 1202 3275 prae·

237 3272 281 3324 ter
301 3271 404 3324 Gertz*
425 3273 434 3338 ss
458 3277 488 3325 15
507 3287 558 3325 nec
576 3289 694 3326 neruum
712 3271 811 3336 Halm,
832 3287 949 3324 neruum
968 3275 1030 3340 (om.
1049 3278 1112 3339 nec)
1133 3274 1201 3340 cod„

236 3352 289 3389 nec
307 3337 365 3388 uim
383 3337 448 3390 Mor'
468 3339 478 3405 ΙΙ
501 3344 532 3392 18
550 3338 610 3390 otio
628 3339 736 3405 tibique
754 3353 840 3407 parco
861 3340 870 3405 [1
891 3338 947 3392 heu
964 3340 1034 3406 cod,
1051 3340 1122 3394 heus
1141 3340 1202 3395 Mai

237 3401 385 3479 Eberhard
402 3404 419 3460 t.
439 3420 470 3468 c.‚
489 3421 525 3458 ne
544 3405 744 3472 (adfirmantis)
762 3405 794 3458 tu
814 3404 918 3458 Gertz*
940 3407 950 3474 fl
971 3407 1115 3474 piueteres
1135 3409 1203 3474 cod,

238 3483 300 3532 pius
319 3483 372 3518 eris
392 3469 475 3523 Gertz
482 3470 506 3535 ἢ
537 3471 572 3524 de
590 3473 686 3525 cetero
703 3471 782 3535 Μαί,
811 3471 874 3537 fort.
894 3474 941 3539 pie
960 3476 1087 3528 ceterum
1105 3474 1201 3540 Halm,

237 3532 384 3596 praeterea
401 3535 549 3591 Eberhard
561 3538 571 3605 ΙΙ
583 3555 622 3592 arr
640 3538 777 3592 cauebia?
796 3538 897 3593 Gertz*
911 3542 921 3608 t
936 3546 967 3594 19
985 3557 1056 3608 ques
1073 3541 1148 3596 solas
