2562 3950
173 118 257 228 Ι562
338 159 491 217 imvm.
519 157 1009 227 CAP.2,4.0AP.e,1-0AP.5,1.

194 317 389 394 inpudicitiae
404 319 542 378 sestertio
556 334 678 376 nummo
693 316 857 377 damnauit.
891 318 963 377 haec
978 319 1026 378 cst
1041 319 1172 396 Fannia,
1270 341 1271 388 1

196 422 271 479 quae
300 403 429 462 Marium
456 401 657 461 Minturnensi
688 401 798 477 palude
820 419 979 479 emersum,
1003 401 1172 464 deductum
1252 385 1271 468 l

196 489 316 547 domum
340 505 423 546 suam
446 487 571 547 adiuuit.
1271 514 1272 548 1

160 581 178 628 4
260 569 387 642 Quidam
415 571 490 630 furti
513 571 672 630 damnatus
695 572 755 645 est,
790 571 841 647 qui
864 589 957 647 equo,
986 573 1073 632 cuius
1095 592 1172 634 usus
1271 595 1272 600 ¹

194 657 241 716 illi
269 675 364 733 usque
386 655 519 715 Ariciam
547 655 751 716 commodatus
777 655 890 730 fuerat,
922 655 1072 717 ulteriore
1106 659 1210 718 eines

195 742 352 818 municipii
374 742 452 800 cliuo
474 741 578 801 uectus
600 742 688 799 esset

234 909 342 982 QVAE
365 907 550 970 FEMINAE
573 908 651 968 PRO
676 907 723 968 Su
746 907 901 968 CAVSAS
920 909 1134 970 DIXERINT.

143 1032 196 1098 8,1
261 1028 373 1088 Maesia
396 1027 535 1088 Sentinas
557 1047 607 1088 rea
628 1045 748 1086 causam
770 1045 854 1086 suam
877 1025 912 1086 Τ.
925 1027 1005 1088 Titio
1026 1031 1172 1103 praetore

196 1112 340 1173 iudicium
362 1115 487 1189 cogente
509 1112 638 1172 maximo
660 1111 764 1188 populi
785 1129 930 1171 concursu
953 1112 1025 1190 egit,
1048 1115 1173 1190 etquis

197 1199 251 1258 sub
274 1197 373 1272 speeie
395 1196 524 1257 feminae
539 1197 657 1256 uirilem
672 1195 804 1256 animum
820 1195 954 1273 gerebat,
977 1195 1170 1274 Androgyno
1187 1214 1214 1253 ro

199 1282 354 1358 adpellata
374 1283 430 1340 est.

162 1377 178 1425 2
260 1363 293 1426 O.
315 1365 440 1425 Afrania
460 1365 558 1425 Licini
580 1364 725 1425 Bucconis
754 1365 901 1425 senatoris
929 1384 1003 1424 uxor
1024 1372 1174 1443 prompta
1265 1361 1275 1448 1

196 1452 235 1512 ad
256 1451 326 1511 lites
349 1450 564 1510 contrahendas
585 1468 641 1525 pro
664 1468 695 1509 se
718 1469 835 1526 semper
857 1449 929 1526 egit,
952 1453 984 1508 et
1005 1451 1044 1510 ob
1066 1451 1100 1509 id
1122 1453 1172 1512 in·
1274 1453 1275 1496 Ὗ

196 1536 308 1613 probae
329 1535 458 1595 feminae
479 1535 571 1610 uulgo
594 1533 628 1594 Ο.
650 1535 790 1594 Afraniae
812 1534 961 1593 dicuntur.

163 1632 179 1680 3
260 1618 421 1680 Hortensia
443 1617 478 1690 Q.
501 1617 645 1678 Hortensi
666 1618 743 1692 filie,
773 1637 841 1679 cum
864 1619 936 1677 ordo
958 1620 1170 1681 matronarum
1186 1633 1212 1674 15

198 1706 283 1782 graui
306 1705 420 1765 tributo
444 1724 461 1762 a
483 1703 649 1762 triumuiris
671 1706 750 1764 esset
771 1705 921 1777 oneratuS,
945 1721 1064 1763 causam
1080 1705 1170 1765 femi·
1267 1686 1276 1798 l

198 1809 306 1848 narum
328 1789 406 1865 apud
428 1789 602 1847 triumuiros
625 1791 655 1848 ct
677 1791 848 1849 constanter
862 1792 893 1848 et
907 1786 1035 1848 feliciter
1049 1791 1124 1866 egit.

333 1958 387 2017 DE
411 1955 756 2034 QVAESTIONIBVS
777 1955 1027 2017 SERVILIBVS.

146 2083 196 2148 4‚1
262 2077 302 2139 M.
319 2076 407 2151 Agrii
429 2076 589 2152 argentarii
611 2094 716 2135 seruus
730 2074 901 2135 Alexander
923 2074 960 2135 A.
975 2076 1085 2136 Fannii
1108 2095 1170 2137 ser·
1276 2119 1277 2142 2

198 2180 270 2220 uum
299 2159 489 2228 insimulatus
520 2161 662 2221 occidisse
689 2178 781 2237 eoque
808 2161 1066 2235 nominetenus,
1090 2162 1212 2224 occi-ac
1276 2148 1277 2200 l

200 2247 279 2306 disse
301 2262 333 2304 se
355 2245 508 2304 confessus
528 2246 654 2321 punitus
676 2248 731 2306 eet.
763 2246 848 2304 breui
871 2245 977 2304 deinde
999 2249 1070 2320 post
1090 2251 1169 2307 tem·
1267 2259 1277 2316 1

171 2348 271 2416 ‘pore
292 2329 446 2390 interiecto
468 2330 510 2404 ie,
539 2330 592 2406 qui
614 2330 746 2391 creditus
768 2329 866 2388 fuerat
888 2330 1014 2402 occisus,
1044 2330 1170 2391 domum

198 2415 296 2474 rediit.

164 2511 181 2558 2
262 2499 294 2559 P.
318 2499 415 2558 Atinii
438 2517 541 2558 seruus
563 2498 743 2573 Alexander,
766 2517 833 2558 oum
855 2498 888 2557 i'n
910 2499 1168 2574 suspicionemc.

198 2584 299 2644 Flauii
319 2584 430 2660 equitis
452 2584 578 2642 Romani
600 2583 850 2656 occisi-uenisset,
874 2583 967 2643 sexies
989 2587 1036 2644 eet
1055 2587 1168 2646 tortus.
1181 2599 1209 2638 ¹⁵

165 2681 183 2729 3
264 2669 373 2728 Fuluio
389 2668 495 2728 Flacco
518 2686 637 2728 causam
660 2669 777 2728 dicente
792 2661 950 2745 Philippus
971 2685 1077 2728 seruus
1092 2671 1168 2742 cius,

198 2755 230 2814 in
260 2771 320 2830 quc
348 2756 412 2813 tota
440 2753 576 2829 quaestio
603 2753 770 2828 nitebatur,
804 2753 897 2812 octies
924 2756 1022 2814 tortus
1049 2753 1167 2812 nullum

199 2840 320 2899 omnino
348 2838 488 2912 uerbum,
517 2856 576 2913 quo
600 2837 739 2898 dominns
761 2839 1032 2914 perstringeretur,
1055 2839 1167 2898 emisit.

282 3005 429 3079 QVIBVS
452 2955 644 3066 resrlsvs
668 3005 876 3067 OREDIVVM
897 3005 984 3067 NON
1007 3006 1080 3068 SIT.

148 3129 197 3197 5,1
262 3127 298 3186 lu
323 3127 356 3198 Q.
379 3127 553 3202 Pompeium
574 3123 613 3184 A.
635 3125 731 3185 filium
751 3125 983 3202 repetundarum
1003 3145 1087 3185 reum
1110 3125 1164 3186 On.
1180 3139 1207 3180 so
1268 3163 1277 3204 ,

267 3278 283 3326 2
306 3287 445 3326 emersum
467 3271 656 3336 Kellerbauer,
685 3288 809 3326 mersum
832 3271 889 3327 cod.
907 3271 995 3326 Halm
1018 3273 1029 3340 l
1053 3277 1067 3326 7
1091 3270 1164 3326 PRO

199 3355 248 3394 nos
266 3357 280 3394 e
293 3339 365 3406 Vae,
383 3339 455 3420 Pul}
473 3339 529 3418 cod.
540 3340 627 3394 Helm
639 3341 649 3408 11
662 3346 678 3394 8
695 3339 806 3422 Maesta
817 3341 828 3408 11
840 3339 895 3393 tito
912 3339 976 3393 titio
989 3339 1045 3460 urle
1063 3339 1167 3394 alrinia

200 3412 263 3465 m.1
284 3409 294 3474 11
320 3414 351 3462 16
389 3423 452 3462 raur
469 3407 577 3462 trrbuto
595 3423 690 3477 mereo
708 3423 768 3462 eoo.
790 3409 799 3477 11
823 3413 854 3462 18
873 3405 990 3472 QVAES
1016 3405 1165 3462 IONIBVS

199 3475 335 3594 grrei'aclod,
353 3426 500 3529 IVDICIIS
518 3475 583 3574 mi
594 3477 604 3542 11
617 3481 649 3529 25
668 3475 745 3528 ortus
762 3477 826 3533 nai
848 3476 857 3543 ΙΙ
879 3482 912 3529 30
930 3479 962 3529 A.
982 3489 1044 3542 om,
1063 3475 1167 3530 addida·
1273 3557 1277 3578 4
