2606 3958
370 156 448 215 oar.
468 156 536 226 1111,
555 160 608 222 se.
622 165 646 212 s.
666 157 701 224 V,
719 161 822 222 sr-c.
1021 160 1082 225 381

182 310 212 376 3.
236 309 272 374 L.
288 330 413 393 quoque
436 309 586 388 Crassus,
608 311 720 374 tentus
735 309 819 393 apud
834 310 964 393 iudices,
981 332 1083 396 quun·

118 401 172 460 tus
206 394 290 478 apud
317 399 425 477 patres
459 394 658 477 conscriptos
695 394 852 458 Aemilius
881 394 1020 460 Scaurus
1043 433 1083 446 -·-

116 501 258 563 namque
279 499 390 543 eorum
416 478 567 564 suffragia
588 479 817 543 robustissimis
840 483 873 543 et
893 480 1095 546 felicissimis

14 603 17 612 Δ
120 563 323 648 eloquentiae
346 564 514 647 stipendiis
541 565 677 648 regebat
706 567 837 647 eratque
866 564 912 628 sic
941 564 1020 647 fori,
1050 569 1087 630 ut

114 650 172 713 illc
194 650 300 713 curiae
321 648 472 732 princeps
487 685 545 727 -,
571 669 642 712 cum
658 647 975 714 uehementissimum
997 651 1111 714 testi-⁵

120 733 221 798 monii
243 733 370 798 fulmen
391 734 426 796 in
449 733 492 796 M.
510 733 696 798 Marcellum
717 754 809 797 reum
830 733 1003 818 iniecisset,
1027 735 1085 798 im-

119 821 199 902 petu
220 819 346 902 grauis,
370 818 458 882 exitu
478 839 581 882 uanus
604 818 764 901 apparuit.

181 904 212 966 4.
246 905 333 987 Age,
356 901 391 977 Q.
411 902 561 966 Metellus
583 901 675 982 Pius,
704 901 740 966 L.
764 907 793 967 et
814 902 857 966 M.
883 902 1022 982 Luculli,
1045 902 1084 978 Q.

118 986 327 1067 Hortensius,
359 985 419 1050 Μ’.
442 985 582 1071 Lepidus
612 986 646 1052 O.
670 986 813 1052 Cornelii
839 988 1017 1052 maiestatis
1037 989 1085 1052 rei

118 1093 215 1155 quem
243 1094 311 1136 non
339 1075 512 1136 onerarunt
540 1074 668 1135 tautum
696 1070 790 1135 modo
817 1075 917 1136 testes
939 1072 1086 1157 salutem,
1101 1091 1125 1130 10

118 1156 288 1221 sedetiam
310 1159 466 1240 negantes
481 1155 538 1219 illo
559 1155 714 1220 incolumi
734 1159 820 1220 stare
841 1157 1087 1240 rempublicam

118 1263 232 1325 posse,
262 1241 533 1323 depoposcerunt!
563 1239 782 1323 quae'decora
805 1241 961 1325 ciuitatis,
989 1243 1088 1326 pudet

7 1375 8 1380 1
117 1325 260 1404 referre,
284 1327 424 1388 umbone
446 1324 586 1389 iudiciali
609 1325 738 1408 repulsa
760 1329 847 1388 sunt.

186 1412 216 1474 5.
241 1407 335 1490 Quid,
360 1407 404 1472 Μ.
422 1408 533 1474 Cicero
548 1407 670 1473 forensi
692 1408 808 1474 militia
823 1430 964 1474 summos
988 1410 1087 1474 hono-

118 1514 171 1556 res
187 1493 484 1576 amplissimumque
499 1492 669 1576 dignitatis
692 1492 797 1557 locum
812 1492 962 1577 adeptus,
978 1511 1127 1558 nonne1s

121 1577 157 1640 in
179 1577 259 1661 ipsis
287 1577 487 1661 eloquentiae
515 1598 591 1640 suae
613 1578 727 1640 castris
748 1577 841 1640 testis
863 1577 1005 1643 abiectus
1028 1582 1085 1657 est,

120 1668 194 1726 dum
216 1661 254 1726 P.
278 1661 449 1727 Claudium
471 1659 591 1725 Romae
614 1661 698 1746 apud
721 1681 755 1724 sc
777 1661 877 1726 fuisse
902 1661 1001 1741 iurat,
1030 1663 1086 1727 illo

120 1747 312 1830 sacrilegum
324 1747 483 1831 flagitium
495 1767 559 1810 uno
575 1749 764 1832 argumento
776 1746 940 1810 absentiae
953 1747 1087 1811 tuente?

120 1832 148 1896 si
178 1831 307 1916 quidem
339 1831 459 1895 iudices
488 1829 658 1896 Claudium
686 1831 802 1895 incesti
830 1831 963 1895 crimine
992 1853 1088 1915 quam

120 1916 309 1982 Ciceronem
331 1916 464 1980 infamia
484 1915 618 1998 periurii
640 1915 777 1980 liberare
799 1915 992 1980 maluerunt.
1101 1934 1127 1974 sc

160 2075 162 2078 ¹
184 2003 213 2065 6.
236 2001 300 2065 Tot
315 2001 448 2065 eleuatis
462 2000 600 2065 testibus
615 2021 728 2080 unum,
751 2000 841 2064 cuius
862 2021 949 2064 noua
963 1999 1088 2064 ratione

119 2085 273 2150 iudicium
295 2087 443 2170 ingresse
458 2086 633 2150 auctoritas
650 2085 837 2150 confirmata
852 2089 916 2166 est,
939 2083 1088 2150 referam.

120 2169 156 2232 P.
180 2169 334 2235 Seruilius
357 2170 550 2252 consularis,
580 2171 757 2248 censorius,
784 2169 1004 2252 triumphalis,
1034 2171 1089 2254 qui

120 2255 280 2319 maiorum
306 2275 436 2319 suorum
463 2254 567 2318 titulis
597 2253 729 2320 Isaurici
759 2274 938 2340 cognomen
962 2255 1088 2338 adiecit,

120 2360 194 2403 cum
217 2338 323 2403 forum
344 2340 541 2422 praeteriens
566 2342 664 2403 testes
686 2340 721 2402 in
742 2360 831 2403 reum
855 2337 923 2403 dari
944 2339 1087 2418 uidisset,
1101 2357 1127 2399 ss

120 2423 190 2487 loco
223 2424 316 2488 testis
344 2424 490 2488 constitit
522 2444 560 2487 ac
588 2435 744 2486 summam
772 2424 857 2488 inter
878 2425 1088 2508 patronorum

120 2508 242 2591 pariter
265 2512 298 2573 et
318 2513 539 2573 accusatorum
568 2507 814 2572 admirationem
844 2508 890 2572 sic
912 2529 1001 2573 orsus
1024 2511 1089 2572 est:

121 2593 225 2656 ‘hunc
246 2613 323 2678 ego,
345 2593 481 2671 iudices,
511 2594 567 2675 qui
589 2612 717 2656 causam
739 2593 832 2676 dicit,
857 2593 944 2658 cuias
967 2595 1010 2656 sit
1032 2596 1090 2656 aut

145 2803 146 2806 ’
183 2800 203 2873 ,1
221 2795 327 2862 tantus]
346 2795 411 2848 add.
429 2793 511 2848 testis
530 2792 646 2862 Georyes
663 2795 800 2864 Philoleo.
817 2798 929 2862 187312.
946 2795 1020 2863 seon
1040 2794 1090 2847 iurl

121 2861 520 2984 trtrcstlrsttl
538 2861 778 2985 recellulis·
790 2863 940 2984 tull
951 2862 1088 2986 ‘sul

121 2936 220 3075 luculli
236 2997 320 3061 Pau,
343 2997 373 3049 L.
392 2969 524 3050 Lucullu's
541 2997 630 3051 Halm
652 2945 711 3053 coit
730 2969 829 3052 Aicoa
848 2946 881 3052 cqc
900 2969 983 3051 Cois.
996 3012 1026 3064 p.
1044 2970 1089 3054 ⁶0:

121 3063 159 3130 cf.
177 3063 246 3118 tad.
261 3079 293 3131 p.
310 3065 366 3133 7911
383 3071 398 3118 9
416 3064 462 3118 Μ’.
480 3065 560 3146 Por„
579 3065 607 3118 rir
618 3065 703 3144 LAl
721 3067 846 3146 cornelii
867 3065 931 3118 mai.
950 3063 1001 3119 rei
1015 3066 1090 3188 Ἢ

122 3139 155 3187 10
171 3132 281 3185 tantum
301 3131 328 3185 L
346 3137 371 3186 et
389 3125 453 3188 dett.
470 3149 524 3187 mee
541 3147 625 3199 emsa,
644 3150 722 3187 curus
740 3147 796 3186 non
814 3142 856 3193 (aa
873 3147 928 3188 ras.
946 3149 981 3186 m.
999 3136 1024 3197 3,
1042 3149 1055 3188 s

7 3255 8 3260 χ
122 3199 201 3254 cuius
219 3205 346 3268 capuam
366 3203 392 3254 et
403 3217 424 3255 c.
437 3201 455 3258 l.
472 3203 605 3268 scriptum
623 3202 689 3268 que)
708 3200 735 3254 A
747 3202 758 3270 11
775 3201 895 3256 salutem
911 3201 1025 3268 paean
1041 3217 1077 3255 ao

121 3273 171 3322 tot.
191 3267 230 3321 Α2
251 3269 261 3336 n
284 3273 313 3321 11
337 3266 471 3322 incolomi
488 3267 569 3324 L¹A¹
598 3269 602 3337 Ι
625 3274 656 3322 12
676 3269 777 3324 detcra
794 3269 833 3333 L,
859 3268 1000 3323 dedecora
1017 3269 1057 3322 Αἱ
1076 3269 1088 3340 Η

123 3342 154 3390 17
174 3335 296 3390 clodium
313 3337 383 3390 Par.
404 3337 414 3404 ΙΙ
437 3335 514 3390 iurat
531 3335 725 3401 Katarbates,
747 3336 853 3391 iurauit
875 3337 935 3391 LA
957 3337 1045 3392 Halm
1062 3354 1090 3392 a.

122 3404 160 3458 act
180 3419 209 3471 p.
232 3407 300 3470 369,
323 3406 362 3458 20
389 3405 399 3473 ΙΙ
427 3409 458 3458 18
482 3404 669 3474 meflagitium
693 3404 779 3469 LA,
805 3405 835 3458 et
856 3405 893 3458 fla
916 3405 995 3458 'tium
1017 3404 1057 3458 Α2
1076 3407 1088 3476 ll

121 3477 154 3524 26
173 3487 312 3526 summam
330 3471 404 3526 inter
422 3471 494 3538 LA,
511 3489 564 3542 per
581 3489 719 3526 summam
736 3473 811 3526 inter
830 3473 889 3526 GE
931 3475 941 3542 ΙΙ
974 3475 1090 3528 atrocu-

9 3593 15 3604 4
121 3555 184 3590 rum
202 3539 239 3592 A¹
254 3541 309 3608 {128
327 3539 406 3593 cuius
423 3539 460 3594 sit
478 3541 550 3608 LA,
569 3542 614 3594 cui
631 3541 707 3594 adsit
722 3541 814 3609 Par.¹‚
831 3546 864 3596 at
880 3556 930 3597 eos
976 3541 1029 3602 ar.²
