2550 3958
282 151 361 207 cap.
378 151 412 219 x,
430 151 482 212 §a
494 158 519 210 a.
537 151 600 211 uxr.
618 154 632 216 s
652 156 676 205 1.
689 157 714 207 a.
749 151 801 218 xl,
820 155 871 215 §1-
884 155 908 204 a.
1016 148 1079 216 453

7 383 8 386 Ἴ
110 278 258 390 permisit
278 306 316 370 ut
330 307 385 368 aut
398 305 538 370 tricenas
553 306 593 369 ab
609 305 660 369 his
675 303 842 369 drachmas
864 301 1006 386 exigeret
1021 304 1078 366 aut

111 391 210 454 denas
231 390 345 475 plagas
362 389 500 474 singulis
519 389 701 474 inponeret.
735 408 800 472 quo
815 388 991 470 posteriore
1006 385 1077 450 uin-

7 541 9 560 ,
114 474 199 540 diota
228 495 285 539 uso
313 475 369 559 qui
398 473 631 558 uapulauerant
659 472 808 538 Iasonem
836 470 1075 550 interfecerunt,

7 605 10 648 3
111 559 221 644 animi,
244 581 312 625 non
327 560 470 642 eorporis
486 558 594 623 dolore
609 579 731 642 poenae
753 556 883 622 modum
905 555 1077 620 aestiman-

110 649 168 710 tes.
204 649 346 710 ceterum
364 664 466 727 paruo
481 643 689 709 inritamento
710 641 845 728 ingenui
860 640 992 724 pudoris
1007 660 1075 702 ma·
1092 657 1105 695 ⁵

7 779 9 818 ,
109 729 215 794 rimae
236 730 284 794 rei
306 728 485 812 expeetatio
508 729 641 794 subruta
664 730 722 810 est,
745 726 897 811 quoniam
920 723 1073 808 opinione

112 813 266 880 Graeciae
288 817 417 878 tantum
439 813 474 877 in
497 833 554 896 spe
575 812 700 878 Iasonis
724 815 880 896 quantum
903 809 938 874 in
961 809 1076 873 effectu

111 898 288 963 Alexandri
310 899 488 982 reponitur.

7 1123 9 1162 ι
110 1084 168 1150 XI.
190 1083 325 1150 DrorA
339 1080 540 1149 IMPROBA
556 1081 641 1148 AVT
656 1080 799 1148 FACTA
815 1078 1078 1147 SCELERATA.

176 1203 287 1282 Nune,
317 1205 473 1286 quatenus
500 1201 585 1265 uitae
614 1199 774 1265 humanae
804 1221 876 1265 cum
899 1200 985 1264 bona
1007 1201 1118 1261 tumro

112 1289 209 1352 etiam
231 1287 315 1351 mala
345 1286 528 1350 substitutis
550 1285 769 1369 exemplorum
790 1285 985 1370 imaginibus
1007 1303 1078 1365 per·

7 1381 10 1420 ὶ
114 1372 287 1456 sequimur,
305 1371 391 1435 diota
405 1369 542 1453 inproba
558 1374 591 1434 et
610 1369 698 1434 facta
719 1369 874 1433 scelerata
889 1369 1078 1432 referantur.

7 1499 8 1504 κ
180 1459 206 1524 1.
231 1455 326 1522 Vnde
342 1458 450 1519 autem
466 1455 573 1538 potius
597 1475 693 1538 quam
711 1475 729 1516 a
744 1453 850 1517 Tullia
865 1453 979 1531 ordiar,
1004 1451 1079 1534 quia

7 1551 8 1588 3
113 1545 259 1624 tempore
287 1539 555 1620 uetustissimum,
586 1537 782 1602 conscientia
803 1537 973 1619 nefarium,
1001 1555 1080 1599 uoce

111 1625 249 1690 monstri
271 1623 375 1689 simile
389 1625 568 1708 exemplum
584 1622 658 1686 est?
691 1644 762 1686 oum
780 1626 932 1706 carpento
949 1620 1119 1686 uehere-15

7 1721 8 1760 ³
112 1713 164 1774 tur
181 1714 213 1774 et
227 1709 263 1787 is,
289 1710 344 1793 qui
365 1709 510 1773 iumenta
525 1709 650 1793 agebat,
674 1707 832 1772 arrooussis
847 1706 946 1770 frenis
962 1705 1081 1770 eonsti-

7 1807 9 1846 ;
113 1796 220 1878 tisset,
253 1795 441 1877 repentinae
468 1814 577 1857 morae
608 1813 737 1856 oausam
764 1790 949 1875 requisiuit,
985 1794 1018 1853 et
1044 1793 1108 1852 ut¹

7 1893 8 1928 ³
115 1879 271 1963 comperit
287 1899 402 1962 eorpus
418 1879 519 1962 patris
541 1875 646 1943 Seruii
667 1875 753 1941 Tulli
775 1877 872 1941 occisi
895 1875 941 1939 ibi
962 1875 1079 1957 iaoere,

113 1986 209 2049 supra
231 1965 263 2027 id
287 1964 361 2029 duci
382 1962 566 2027 uehiculum
590 1962 697 2044 iussit,
721 1982 784 2045 quo
808 1960 941 2025 celerius
956 1960 992 2024 in
1008 1980 1081 2024 oon·

7 2059 9 2102 ῖ
112 2049 242 2134 plexum
264 2047 482 2113 interfectoris
498 2048 566 2112 eius
588 2046 755 2129 Tarquinii
772 2046 906 2110 ueniret.
937 2065 1000 2128 qua
1013 2047 1121 2107 ramo

112 2134 213 2216 impia
241 2137 372 2281 tampue
399 2134 555 2216 probrosa
583 2131 789 2196 festinatione
816 2151 883 2195 non
913 2132 1017 2194 solum
1047 2149 1081 2192 se

115 2223 248 2282 aeterna
270 2219 303 2282 iu
321 2219 415 2296 amia,
441 2217 608 2282 sedetiam
631 2218 737 2300 ipsum
760 2216 867 2280 uicum
889 2214 1082 2301 cognomine

7 2317 8 2322 ’
114 2300 244 2367 sceleris
268 2301 513 2366 oonmaoulauit.

7 2401 8 2410 ’
176 2386 208 2450 2.
245 2385 320 2450 Non
351 2391 419 2450 tam
452 2389 544 2449 atrox
572 2384 606 2450 C.
634 2385 795 2450 Fimbriae
823 2387 872 2448 est
900 2384 1023 2448 factum
1051 2386 1083 2446 et

114 2471 250 2550 dietum,
280 2470 334 2536 sed
361 2473 389 2534 si
416 2490 474 2554 per
501 2490 534 2534 se
563 2471 764 2552 aestimetur,
794 2473 963 2552 utrumque
986 2466 1081 2531 auda·
1096 2491 1122 2531 aa

115 2556 287 2620 oissimum.
324 2555 357 2620 id
380 2561 501 2638 egerat,
524 2563 560 2618 ut
576 2553 729 2618 Scaeuola
750 2554 785 2618 in
807 2554 920 2618 funere
936 2551 971 2618 Ο.
987 2549 1084 2615 Marii

116 2641 327 2726 iugularetur.
378 2660 473 2723 quem
494 2645 665 2722 postquam
688 2659 727 2702 ex
748 2639 883 2704 uulnere
905 2640 1082 2702 recreatum

186 2798 199 2846 1
227 2793 263 2847 ab
286 2793 321 2846 iis
343 2791 444 2870 Halm,
472 2803 524 2847 om.
546 2789 616 2867 1Jor5
637 2789 647 2857 l
669 2789 801 2860 dragmas
826 2790 896 2845 Par.
926 2794 951 2844 et
977 2801 1046 2842 corr.
1070 2803 1084 2841 e

116 2863 250 2940 dragmas
259 2859 338 2938 Al2
355 2877 386 2912 rn
404 2873 460 2937 quo
473 2856 501 2934 A
513 2857 524 2924 l
536 2856 678 2911 umdrotae
690 2858 737 2922 A²‚
755 2857 821 2913 udal.
840 2857 895 2912 BR.
914 2872 970 2925 quo
988 2855 1084 2934 noste

114 2945 196 2984 morra
223 2927 367 2981 umdmtae
395 2942 421 2980 er
448 2941 497 2992 qur
524 2924 730 2992 uapulauerant
757 2925 855 2981 dolore
877 2927 1011 2980 eommotr
1035 2939 1083 2977 1.1

114 3010 209 3066 morpo
226 2995 254 3048 A
271 3010 285 3049 e
301 2994 372 3050 Por.
386 2995 425 3113 psa
443 3007 492 3046 uso
512 2992 590 3057 dett„
609 2994 722 3062 usuAll
736 2994 804 3059 quia
822 2993 880 3058 (sed
898 2993 1009 3054 aerae.)
1027 2991 1055 3043 A
1068 2990 1081 3058 ΙΙ

113 3063 386 3198 sereretur
404 3059 654 3197 autito
671 3057 1083 3198 rotarentur

114 3201 156 3254 tia
172 3197 313 3253 nefarium
332 3197 397 3252 dett.
415 3197 470 3252 mei
487 3211 558 3251 orna.
577 3202 604 3250 et
621 3197 653 3250 ire
671 3213 726 3252 ros.
744 3198 785 3262 A,
805 3198 927 3266 eapeotea
943 3191 1081 3263 inpietate

114 3268 171 3322 nef.
188 3266 276 3321 Halm
289 3266 299 3335 ΙΙ
314 3271 344 3320 15
362 3281 400 3319 aa
418 3280 490 3333 quae
505 3263 592 3318 oum?
604 3264 614 3332 ΙΙ
633 3269 664 3318 te
684 3266 724 3333 [et
743 3263 927 3334 is—agebat]
946 3263 974 3315 A
997 3259 1082 3329 {sub-

116 3335 202 3390 oussis
225 3338 254 3389 Π
274 3335 284 3402 ΙΙ
307 3331 406 3403 [frenis
419 3363 452 3372 —
465 3331 644 3452 repentinae}
670 3333 781 3401 mo[rao
798 3361 828 3371 —
848 3329 984 3400 comperit
1006 3328 1048 3380 ·A

118 3409 147 3459 17
165 3417 258 3457 moras
277 3416 360 3457 eausa
380 3401 595 3469 H¹ss18soruii
645 3404 686 3466 H,
705 3399 778 3454 serui
795 3397 882 3455 Halm
895 3399 905 3468 ΙΙ
921 3397 997 3451 tullir
1019 3400 1049 3452 Π

117 3477 148 3526 19
167 3471 306 3539 conplexu
324 3469 388 3524 AH
406 3469 416 3536 ΙΙ
438 3473 470 3522 20
489 3468 625 3535 quantam
644 3468 705 3532 (aed
721 3485 742 3520 n
760 3471 840 3534 eros.)
858 3467 886 3519 A
906 3468 916 3535 l
937 3471 970 3519 23
987 3481 1082 3518 maru·

114 3536 188 3594 lauit
207 3540 303 3607 Π1126
322 3537 418 3591 seuola
436 3538 517 3604 (corr.
537 3537 613 3603 scau)
630 3535 659 3590 A
671 3536 681 3604 l
694 3541 725 3590 2⁷
745 3537 870 3592 creatum
887 3536 926 3588 A¹
1028 3553 1031 3560 ·
