2540 3950
198 153 260 218 608
485 149 688 206 ΝΕΡΟΤΙΑΝΙ
705 148 869 205 EPITOMA

73 314 347 390 varunpulturam
371 331 496 390 corpora
517 311 642 373 confusa
664 329 724 371 nou
746 315 878 388 possent,
903 313 1095 376 Simonides
1111 317 1176 377 ordi·

196 418 276 472 nem,
299 417 358 474 quo
382 400 503 475 quisque
525 397 719 474 accubuerat,
748 397 824 456 dixit
844 397 1020 475 laudesque
1045 401 1176 463 Pollucis

197 483 381 554 et,(lastoris
403 483 508 542 salutis
530 501 601 541 suae
622 482 719 558 gratia
742 482 922 543 carminibus
947 484 1142 547 celebrauit.

83 571 179 641 8,E.9
262 569 312 627 21.
340 566 515 646 Consulenti
528 566 669 642 Philippo
683 565 793 642 Apollo
815 567 977 642 respondit
1003 575 1044 630 ut
1066 591 1089 631 a
1114 592 1177 649 qua-

197 654 283 732 driga
304 655 432 712 caueret.
463 671 515 711 rex
536 652 625 710 iussit
647 668 739 726 equos
761 668 926 727 numquam
949 653 1074 731 ingeri.
1109 659 1192 716 nita-s

198 741 243 798 uit
265 739 355 797 etiam
378 738 475 797 locum
497 737 529 795 in
551 735 684 810 Boeotia,
706 734 755 795 cui
768 735 880 794 Harma
901 755 1019 798 nomen
1037 745 1101 801 est.
1132 743 1177 802 sed

197 825 335 899 princeps
357 822 407 881 uel
428 840 480 880 rex
494 820 653 891 Bithyniae
669 820 837 893 Pausanias,
860 822 912 896 qui
934 841 1009 881 eum
1035 826 1130 905 uicit,
1151 829 1177 886 in

197 909 306 984 uagirm
321 907 424 983 gladii,
441 901 535 985 [cum]
552 924 610 981 quo
625 904 782 980 Philippus
804 905 917 966 occisus
940 910 999 980 est,
1028 913 1177 972 caelatam

199 991 371 1069 quadrigam
393 989 508 1050 habuit.

69 1085 95 1146 8,
108 1078 138 1133 E.
151 1085 182 1134 10
263 1077 313 1134 22.
351 1074 478 1135 Calenus
500 1074 593 1134 Indus
621 1074 719 1133 uictus
745 1073 782 1131 ab
804 1069 979 1134 'Alexandro
1004 1075 1198 1141 Macedones

198 1181 265 1222 oum
293 1177 367 1236 rogo
396 1179 427 1219 se
454 1157 657 1236 imposuisset,
685 1157 846 1218 irridenter
873 1159 909 1218 ab
931 1159 1041 1220 hoste·
1057 1166 1176 1226 uictore

198 1248 400 1320 interrogatus
423 1247 470 1303 est
491 1243 595 1319 ecquid
618 1242 710 1302 uellet
731 1246 785 1302 aut
805 1244 969 1308 mandaret.
1010 1252 1177 1326 respondit

198 1333 225 1392 ei
247 1329 354 1389 Indus:
380 1327 458 1388 ‘cito
480 1331 510 1388 te
533 1327 641 1387 uidebo
649 1329 669 1384 ’.
713 1345 768 1387 nec
791 1327 841 1386 diu
863 1329 1042 1389 Alexander
1073 1353 1177 1410 super

197 1420 257 1477 stes
279 1414 348 1473 fuit.

41 1567 42 1570 Ἴ
68 1509 95 1569 8,
108 1503 137 1557 E.
149 1508 180 1557 12
264 1500 315 1560 23.
344 1496 516 1571 Pausaniae,
538 1496 617 1556 filius
632 1495 756 1556 Prusiae
777 1495 902 1573 Bithyni
923 1499 1016 1574 regis,
1042 1520 1107 1577 pro
1131 1523 1200 1564 suc

197 1584 364 1662 perioribus
390 1581 531 1641 dentibus
558 1600 652 1640 uuum
680 1598 713 1640 os
736 1581 912 1640 continuum
933 1585 1103 1658 pertinens
1128 1591 1175 1648 ha

197 1670 272 1743 buit,
294 1686 350 1727 nec
371 1666 505 1742 loquenti
527 1665 647 1725 obstitit
666 1665 795 1725 nouitas.

83 1757 188 1800 omvo.
266 1754 316 1812 24.
349 1751 458 1829 Pyrrhi
484 1751 572 1826 regis.
585 1749 776 1825 Epirotarum
797 1750 935 1832 pollex-e
957 1751 1072 1814 dextro
1097 1759 1175 1833 pede

198 1838 328 1898 remedio
361 1839 439 1909 erat,
473 1836 498 1895 si
527 1835 612 1894 ouius
640 1853 725 1893 renes
753 1837 902 1894 tumentes
929 1853 964 1894 eo
999 1839 1174 1918 tetigisset,

197 1925 276 1983 idem
298 1921 445 1998 Pyrrhus,
475 1938 541 1980 oum
570 1919 606 1978 ab
629 1919 781 1994 Antigono
809 1920 923 1979 uiatore
950 1921 1053 1982 iussus
1088 1932 1169 1988 esset
1185 1949 1204 1987 a

198 2007 290 2080 exuri,
313 2008 355 2065 sio
370 2007 452 2081 arsit,
476 2007 511 2063 ut
526 2003 605 2063 idem
619 2004 720 2079 pollex
733 2003 798 2079 igni
813 2004 999 2064 inueniretur
1014 2006 1168 2073 intactus.

199 2094 252 2167 qui
273 2091 386 2166 digitus
410 2108 499 2148 aureo
521 2088 616 2148 loculo
638 2088 770 2147 inclusus
793 2091 839 2148 est
860 2093 892 2148 et
904 2091 937 2148 in
951 2091 1172 2172 antiquissimo

197 2175 309 2250 templo
331 2174 485 2233 Dodonaei
507 2172 589 2232 Iouis
611 2172 759 2231 conditus·
802 2175 1005 2249 †praediotus
1028 2176 1172 2254 Pyrrhus

198 2262 229 2318 et
250 2257 412 2318 Pausanias
434 2275 527 2316 unum
549 2275 582 2316 os
606 2275 661 2332 pro
677 2255 817 2316 dentibus
831 2257 1011 2334 habuerunt,
1037 2264 1096 2322 sed
1113 2266 1172 2326 dis-

197 2343 325 2403 tinctum
348 2343 384 2400 ad
408 2341 543 2401 dentium
567 2341 804 2400 similitudinem.
1184 2370 1205 2408 23

265 2532 278 2577 1
299 2524 415 2577 contusa
430 2527 513 2588 recte,
540 2527 572 2575 at
592 2521 666 2582 aid„
694 2521 845 2578 Eberhard
863 2523 880 2577 t.
898 2540 921 2581 a.
934 2539 965 2592 p.
977 2527 1013 2578 98
1037 2526 1047 2592 fl
1072 2531 1091 2578 2
1111 2545 1170 2596 quo

195 2592 258 2671 quis
275 2592 342 2654 cad„
366 2607 414 2645 em.
431 2589 525 2667 Halm·
538 2589 586 2710 {qt
602 2588 760 2658 quadrigua
771 2591 782 2658 ΙΙ
802 2595 818 2644 6
836 2590 935 2646 boecia
952 2593 998 2646 eui
1015 2607 1099 2647 arma
1120 2599 1131 2664 Ι
1153 2603 1169 2650 7

128 2685 131 2692 ·
205 2675 328 2740 >anceps
352 2658 400 2712 uel
423 2674 472 2713 rex
494 2657 541 2710 Bc
563 2658 580 2725 .]
608 2659 674 2711 lraec
697 2673 711 2710 e
732 2656 806 2736 §23
824 2658 852 2718 (l.
866 2663 910 2723 15)
928 2659 960 2714 ia
993 2664 1020 2714 te
1037 2662 1132 2718 aesica
1149 2681 1169 2718 a

9 2745 14 2752 ·
196 2677 355 2795 hlepotrarro
377 2727 486 2795 decepto
511 2725 653 2794 scriptura
677 2725 803 2780 codrcam
828 2725 935 2781 Valerii
985 2728 1094 2781 nausias
1124 2735 1166 2800 (¹

191 2797 320 2864 p.54,15)
340 2799 365 2848 et
381 2808 432 2862 pro
450 2808 480 2848 eo
496 2793 674 2847 Pausaniam
690 2793 870 2848 substituente
886 2795 964 2849 baad
981 2795 1053 2849 male
1070 2801 1164 2868 sarapi-

196 2868 277 2919 catar
293 2862 441 2918 Eberhard
465 2863 475 2928 ΙΙ
498 2860 544 2914 uel
561 2875 611 2913 rex
630 2860 718 2930 plasea
735 2860 795 2914 add.
813 2860 929 2916 Halmio
945 2863 956 2930 ΙΙ
974 2860 1130 2932 pausianns
1149 2869 1163 2937 Η

196 2930 284 2985 uiciat
305 2931 372 2994 aad,
400 2946 448 2984 em.
466 2928 544 2992 Mai,
571 2928 619 2982 aed
641 2929 711 2982 lraaa
732 2929 880 2983 caldariam
897 2935 930 2985 at
946 2930 1035 2985 malta
1053 2932 1114 2987 alia
1132 2937 1165 2990 r'a

197 2999 245 3052 boc
268 2999 389 3066 eaemplo
411 2997 494 3052 stulte
515 2997 575 3064 ipse
591 2996 645 3050 sibi
661 2997 746 3062 duait
762 2995 833 3063 Nep.
891 3003 907 3053 8
925 2997 1040 3068 uagina]
1059 3003 1162 3070 capulo

199 3065 261 3121 Val.
274 3068 283 3134 l
297 3081 360 3119 oum
378 3065 435 3121 cod.
454 3064 548 3129 Halm,
567 3065 627 3117 eius
644 3063 804 3129 Eberhard,
822 3064 857 3118 de
868 3067 927 3122 aad.
947 3081 1016 3120 cara.
1036 3067 1161 3136 dewi

200 3140 230 3186 12
248 3133 410 3188 mandasset
421 3133 431 3202 ΙΙ
446 3139 476 3187 15
494 3131 645 3201 pausianue
663 3132 732 3212 cod,
750 3130 862 3185 Prusias
879 3134 945 3188 Μαί
965 3135 975 3202 ΙΙ
997 3139 1028 3189 18
1046 3136 1147 3205 Pyrrhi

195 3216 270 3322 ss
283 3199 1160 3348 uldells‘rsultftt,“tlttttdr'rdh

195 3335 357 3450 praedictus
379 3334 503 3400 Pyrrhus
530 3338 563 3387 ut
585 3334 737 3388 Pausamas
759 3339 843 3400 recte,
869 3342 901 3390 ut
925 3338 998 3400 aia..
1025 3345 1051 3394 et
1066 3346 1160 3406 postea

215 3400 304 3464 abuit,
322 3401 371 3454 sed
389 3401 454 3454 dist.
473 3401 620 3456 Eberhard
638 3402 655 3455 l.
667 3418 689 3457 c.
704 3417 735 3469 p.
747 3406 789 3467 99,
810 3402 932 3470 Pyrrhus
950 3405 983 3459 ut
999 3407 1160 3474 praedictus

194 3463 348 3538 Pausanias
366 3473 391 3520 et
407 3473 502 3544 postea
518 3467 631 3537 hahuit,
656 3484 753 3522 uerum
771 3470 801 3522 id
819 3470 883 3530 dist.
902 3472 1025 3541 decern
1039 3479 1071 3528 24
1088 3491 1159 3544 pau·

194 3543 286 3580 aranas
303 3533 371 3597 aod,
388 3531 502 3586 Pramus
519 3534 583 3588 Mai
