2562 3950
238 165 388 228 mavul.
407 165 538 233 cAP.1a,
552 165 697 222 Exta-u.
716 165 794 223 eAP.
802 170 842 233 14,
850 171 925 224 1-6.
1009 167 1072 236 571

103 343 145 386 nx
167 325 252 385 annis
274 324 444 399 imperauit.
473 323 535 402 qui,
558 326 593 383 ut
613 324 657 384 ait
671 322 784 401 Cicero,
807 325 869 384 iam
883 342 973 384 senex
986 341 1073 386 uum-

4 399 19 432 ·”
103 428 193 486 quam
220 411 273 469 aut
293 409 406 485 frigore
428 412 480 469 aut
500 407 597 468 imbre
618 411 709 484 caput
731 409 858 485 operuit.
901 408 982 469 idem
1002 411 1073 486 post

104 497 221 554 sextum
243 496 273 553 et
295 511 336 554 xo
358 510 469 552 annum
491 493 587 552 filium
609 493 774 570 generauit.

167 577 298 662 liturgias¹
317 578 499 652 Leontinus,
528 595 596 638 cam
624 580 703 638 esset
732 587 752 636 c
779 579 811 638 et
837 596 884 638 vn
912 587 1106 653 annorum

74 662 307 740 einterrogatus
334 666 518 739 quapropter
544 666 607 724 tam
642 663 694 724 diu
720 663 820 724 uiuere
847 662 955 737 uellet,
989 663 1105 739 ‘quia‘

102 747 194 807 nihil’
217 749 316 824 inquit
339 747 459 826 ‘habea
483 747 565 824 quod
586 765 695 824 querar
715 747 752 808 de
775 747 949 808 ananie.

166 832 352 909 Xenophilus
367 830 582 894 Chalcidiensis
602 831 820 908 Pythagoricus
841 834 962 894 centum
984 832 1069 907 quin·
1089 842 1106 892 3

103 935 161 993 que
184 934 278 977 annos
300 916 415 976 hahuit.
1185 979 1197 992 ,

165 1000 389 1078 Arganthonius
405 999 570 1062 Gaditanus
585 1017 626 1062 xo
647 1001 797 1079 regnauit,
820 1000 897 1066 uixit
913 1001 1009 1082 annis,
1032 1003 1067 1062 ut
1084 1009 1101 1058 4
1154 1034 1160 1042 .

62 1101 89 1144 ro
103 1085 146 1145 ait
163 1085 276 1159 Pollio,
299 1104 392 1146 cxxx.
1124 1147 1128 1154 ,

166 1170 330 1247 Aethiopas
352 1170 448 1230 tradit
468 1169 640 1232 Herodotus
663 1187 747 1232 cxxx
769 1188 862 1232 annos
885 1169 1068 1248 transgredi.
1088 1179 1104 1229 t

100 1254 293 1330 Epimenides
315 1254 456 1330 Cnosius,
485 1257 521 1316 ut
547 1254 591 1314 ait
618 1254 847 1333 Theopompus,
877 1255 956 1316 uixit
983 1253 1070 1316 annis

101 1355 198 1400 onvr1.

167 1423 339 1484 Hellanicus
361 1425 404 1485 ait
427 1423 573 1500 quosdam
594 1443 630 1484 ex
652 1427 742 1500 gente
757 1411 915 1484 Heliorum
938 1440 997 1486 ooo
1019 1432 1104 1484 ant

61 1519 88 1562 re
101 1509 149 1568 nis
171 1507 292 1567 uixisse.
396 1515 404 1527 '
1041 1537 1045 1548 ·

164 1591 335 1652 Alexander
355 1593 388 1652 in
409 1591 571 1667 uolumine,
595 1591 675 1668 quod
696 1591 734 1652 de
748 1591 871 1668 Illyrico
885 1594 985 1652 tractu
1000 1602 1104 1652 con-'l

100 1678 216 1753 posuit,
246 1675 386 1736 adfirmat
414 1676 589 1738 Dandonem
619 1676 769 1752 quendam
796 1676 882 1736 annis
904 1697 925 1737 n
947 1677 1068 1736 uixisse.

99 1761 278 1838 Xenophon,
302 1760 384 1820 cuius
406 1761 541 1836 periplus
563 1760 686 1838 legitur,
707 1761 823 1820 insulae
837 1760 1009 1821 Lamiorum
1025 1781 1070 1822 re·

99 1865 168 1924 gem
191 1863 274 1906 noce
296 1846 382 1906 annis
405 1846 516 1906 uixisse
540 1845 622 1923 dicit,
645 1849 762 1921 patrem
783 1844 845 1906 eius
867 1861 920 1906 no.

60 2046 86 2086 ao
318 2031 371 2090 DE
396 2029 573 2092 GLORIAE
596 2029 853 2091 CVPIDITATE.

165 2132 308 2208 Superior
321 2132 480 2193 Africanus
502 2133 594 2193 Ennii
616 2135 723 2209 poetae
744 2133 877 2210 effigiem
902 2133 935 2192 in
957 2133 1051 2195 moni.
1059 2136 1121 2201 14,1

99 2219 210 2277 mentis
233 2217 389 2279 Corneliae
416 2217 516 2294 gentis
538 2218 719 2290 conlocauit,
747 2217 828 2293 quod
854 2218 976 2295 ingenio
1004 2218 1068 2277 eius

101 2320 192 2377 opera
214 2320 268 2361 sua
289 2301 450 2362 inlustrata
472 2306 566 2362 erant.

163 2387 200 2446 D.
224 2386 336 2446 Brutus
362 2404 381 2445 a
407 2388 496 2462 poeta
522 2385 613 2448 Accio
641 2385 783 2447 laudatus
810 2404 914 2448 uersus
942 2387 1007 2448 eius
1036 2387 1104 2448 int
1224 2427 1230 2438 .

59 2481 86 2524 ae
99 2470 214 2531 foribus
234 2470 416 2547 templorum
438 2470 549 2546 posuit.
620 2483 624 2492 ·

163 2555 323 2631 Pompeius
346 2556 558 2631 Theophanem
580 2555 795 2632 Mitylenaeum
816 2557 916 2614 retum
939 2563 1097 2614 suarums

99 2640 274 2716 scriptorem
295 2639 450 2700 laudatum
471 2658 526 2716 pro
548 2640 689 2700 contione
712 2641 833 2700 ciuitate
856 2640 989 2703 donauit.

162 2723 237 2784 Cum
253 2724 353 2800 Scipio
375 2725 453 2784 dona
474 2724 616 2786 militaris
637 2725 788 2800 equitibus
812 2724 907 2801 daret,
930 2724 1097 2784 admonit

99 2812 148 2868 tus
171 2808 335 2869 aLabieno
358 2812 394 2870 ut
416 2809 487 2870 forti
510 2810 604 2885 equiti
619 2827 723 2868 aureas
738 2810 870 2869 armillas
885 2808 979 2884 daret,
1002 2825 1064 2868 non

58 2893 190 2954 sedauit.
244 2896 258 2953 t
279 2912 346 2954 cum
369 2893 516 2954 Labienus
538 2894 566 2954 ei
588 2894 728 2966 dedisset,
752 2894 850 2970 Scipio
872 2893 910 2952 ad
932 2893 1063 2969 equitem

99 2978 258 3038 ‘habebis'
286 2979 388 3055 inquit
416 2978 546 3039 ‘donum
575 2978 635 3038 uiri
658 2979 789 3039 diuitis’.
835 2977 915 3054 quod
937 2977 989 3037 uhi
1011 2976 1063 3036 ille

98 3062 222 3138 accepit,
244 3063 377 3139 proiecto
400 3062 580 3139 antepedes
603 3081 675 3122 auro
691 3062 811 3122 uultum
826 3063 956 3122 demisit.
989 3063 1062 3122 tunc

99 3147 216 3222 Scipio:
247 3148 424 3224 ‘imperator
446 3149 477 3206 te
499 3149 649 3225 argenteis
671 3148 796 3207 armillis
819 3147 944 3207 donat’:
966 3146 1064 3206 alacer

98 3232 185 3292 miles
207 3232 315 3310 gaudio
339 3233 462 3309 excepit.

168 3381 280 3466 irene
297 3411 482 3482 philosophus
500 3411 683 3468 aelemosina
710 3412 720 3480 p
751 3415 783 3466 ιι
809 3410 943 3480 epiorum
965 3410 1026 3466 aaz.
1050 3410 1064 3480 u

100 3485 132 3534 18
149 3479 324 3535 Latmiorum
345 3480 406 3538 Vel.
427 3483 437 3549 ΙΙ
459 3486 491 3534 19
509 3479 556 3550 no]
576 3497 609 3535 ao
625 3482 636 3549 {l
654 3485 685 3534 al
704 3480 893 3537 monumentis
910 3479 997 3536 Halm
1011 3480 1068 3550 [126

98 3548 301 3616 mytilenaeum
313 3549 323 3618 ΙΙ
335 3554 368 3604 32
387 3548 493 3604 dimisit
504 3550 514 3618 ΙΙ
527 3555 560 3605 34
577 3548 713 3618 gaudium
