2550 3958
234 131 299 206 462
628 129 696 184 ms.
714 129 802 186 vnn.
842 175 846 180 .

236 287 301 362 set,
324 282 459 366 ancipiti
482 283 716 346 sententiarum
739 285 857 347 euentu
881 283 935 346 diu
958 284 1142 369 sollicitus,
1166 287 1214 350 ali·

145 407 146 412 κ
236 366 365 451 quando
387 371 496 432 tamen
524 389 589 430 una
618 368 780 432 sententia
807 369 911 432 uictor
938 389 1079 434 causam
1102 373 1211 436 mortis

235 452 389 537 gaudium
410 452 531 516 habuit.

301 539 331 602 6.
366 537 586 601 Philemonem
615 540 722 600 autem
745 538 794 600 uis
815 537 897 600 risus
919 537 1127 603 inmoderati
1150 540 1211 606 abs·

210 623 323 688 ttulit.
368 625 497 706 paratas
530 621 559 684 ei
586 621 665 686 fieus
693 624 789 704 atque
814 621 849 684 in
878 626 1060 705 conspeetu
1092 626 1209 708 positos

236 707 336 772 asello
352 711 562 771 consumente
576 727 707 788 puerum
726 710 764 770 ut
783 706 876 769 illum
892 705 1041 790 abigeret
1057 709 1209 773 inclama

235 793 295 857 uit.
340 791 396 874 qui
426 811 498 854 cum
520 790 585 853 iam
607 791 759 855 comestis
781 790 931 854 omnibus
953 795 1207 874 superuenisse,

237 876 413 959 ‘quoniam'
436 875 543 958 inquit
565 878 642 939 ‘tam
658 875 770 938 tardus
787 875 888 958 fuisti,
912 876 953 938 da
967 897 1062 940 nunc
1088 899 1207 943 merum

235 959 1207 1043 mmmmmmmmffimmm

197 1067 221 1108 10
234 1046 336 1109 helitu
353 1043 581 1109 cachinnorum
602 1049 805 1127 prosecutus,
829 1044 928 1108 senile
942 1048 1061 1129 guttur
1078 1048 1207 1112 salebris

235 1130 367 1213 spiritus
389 1129 547 1213 grauauit.

299 1214 329 1311 7..
353 1215 399 1277 At
413 1213 585 1310 Pindarus,
609 1234 681 1278 eum
696 1213 731 1276 in
746 1213 915 1311 gymnasio
932 1218 1207 1311 supergremiun

234 1298 1092 1468 112111,21111111111121111321
1112 1306 1207 1471 {til

196 1489 221 1529 rs
234 1468 483 1552 gymnasiarcho
505 1466 652 1531 claudere
681 1467 745 1531 iam
774 1489 848 1531 eum
869 1467 973 1531 locum
995 1469 1140 1536 uolente
1162 1493 1209 1536 ne

234 1554 385 1636 quiquam
408 1553 610 1617 excitaretur.
654 1552 706 1616 cui
728 1552 856 1635 quidem
878 1552 1071 1618 crediderim
1099 1557 1206 1620 eaden

232 1637 436 1723 benignitate
458 1638 590 1701 deorum
613 1639 793 1701 attentum
815 1638 960 1720 poeticae
982 1637 1168 1705 facundiae
1180 1645 1207 1704 et

232 1727 299 1787 tam
321 1722 485 1807 placidum
508 1721 595 1785 uitae
617 1721 715 1786 finem
738 1723 938 1786 attributum.

297 1808 326 1871 8.
351 1807 442 1872 Siout
464 1806 664 1871 Anacreonti
686 1827 826 1890 quoque,
849 1827 945 1889 quem
967 1805 1133 1873 usitatum
1155 1809 1207 1874 hu-

194 1907 220 1950 20
233 1913 348 1957 manae
363 1892 450 1956 uitae
465 1892 596 1955 modum
612 1911 851 1976 supergressum
869 1889 972 1975 [dum]
989 1912 1112 1974 passae
1129 1915 1206 1958 uuae

232 1998 308 2040 suco
329 1981 443 2041 tenues
459 1979 491 2040 et
506 1975 604 2041 exiles
618 1977 735 2039 uirium
750 1975 902 2058 reliquias
917 1974 1087 2040 fouentem
1114 1980 1204 2042 unius

232 2061 326 2143 grani
347 2061 542 2144 pertinacior
563 2061 599 2124 in
622 2060 720 2125 aridis
741 2059 888 2124 faucibus
903 2080 997 2124 mora
1011 2060 1205 2148 absumpsit

294 2144 325 2208 9.
347 2145 486 2230 Iungam
508 2145 593 2228 illos,
616 2166 695 2228 quos
711 2148 744 2208 et
757 2147 958 2228 propositum
973 2147 1007 2208 et
1021 2146 1137 2212 exitus
1152 2170 1202 2232 pa·

230 2249 281 2292 res
302 2228 390 2294 fecit.
435 2229 513 2295 Milo
541 2229 760 2312 Crotoniates,
784 2251 856 2294 cum
878 2227 1089 2294 iterfaciens
1114 2254 1204 2316 quer-

192 2329 217 2370 25
231 2334 304 2377 cum
332 2314 366 2378 in
395 2333 473 2398 agro
502 2315 612 2380 cuneis
640 2314 761 2380 adactis
782 2313 891 2378 fissam
915 2313 1064 2398 uidisset,
1099 2315 1202 2382 fretus

231 2397 355 2463 uiribus
377 2400 513 2464 accessit
527 2401 568 2465 ad
584 2421 654 2464 eam
675 2399 866 2482 insertisque
881 2398 1030 2463 manibus
1046 2399 1203 2466 diuellere
1250 2419 1251 2460 1

231 2487 364 2549 conatus
397 2487 454 2549 est.
505 2506 584 2568 quas
613 2485 708 2548 arbor
736 2484 876 2549 excussis
904 2483 1013 2548 cuneis
1041 2484 1079 2548 in
1109 2507 1200 2551 suam

229 2573 377 2634 naturam
400 2574 551 2634 reuocate
572 2569 754 2652 conpressit
775 2589 910 2652 eumque
938 2589 1011 2633 cum
1033 2571 1088 2634 tot
1110 2592 1204 2656 gym·
1250 2589 1251 2640 1

229 2654 310 2719 nicis
331 2654 447 2738 palmis
469 2652 675 2718 lacerandum
697 2653 774 2717 feris
796 2653 954 2736 praebuit.

297 2841 361 2896 8in
381 2839 429 2893 uid
447 2840 484 2892 Α1
501 2840 512 2918 Ι]
529 2845 544 2893 9
562 2837 690 2893 hanelitu
707 2839 736 2891 A
753 2839 763 2908 ΙΙ
781 2845 814 2894 10
831 2837 1030 2891 chacinnorum
1048 2838 1089 2890 A¹
1103 2840 1113 2906 l
1127 2840 1200 2894 seni·

227 2908 333 2978 legitur
381 2911 386 2942 ¹
406 2908 410 2975 Ι
434 2913 465 2960 12
484 2907 622 2976 gimnasio
639 2907 677 2959 A¹
695 2907 705 2975 ΙΙ
724 2912 755 2960 15
773 2905 988 2984 gymnasiarcho
1006 2905 1073 2984 (litt.
1092 2909 1203 2962 nasisr-

229 2975 281 3030 cho
297 2975 357 3030 nto
379 2976 411 3030 de
424 2976 491 3044 ctae)
510 2975 538 3028 A
549 2975 560 3043 ΙΙ
573 2975 697 3051 [nolente
719 2975 904 3095 nepuiquam]
925 2979 950 3028 et
969 2978 1000 3027 16
1019 2973 1156 3052 quodem
1170 3005 1200 3015 -

229 3042 746 3114 eadem]benignita[te—poet1cae]
771 3042 920 3110 alcundiae
934 3073 961 3080 -
975 3039 1162 3112 attributum]
1174 3045 1199 3097 A
1250 3083 1251 3088 1

231 3112 241 3180 ΙΙ
256 3118 286 3166 19
308 3111 445 3166 usitatum
464 3114 503 3177 Γ,
529 3111 573 3164 uis
595 3110 678 3166 tanti
698 3111 759 3178 (sie)
777 3110 830 3176 A¹,
858 3109 901 3162 bis
923 3110 1020 3162 stultu
1047 3110 1117 3175 (sic)
1132 3113 1195 3179 A²n

227 3185 261 3234 20
279 3179 346 3233 dum
364 3179 429 3235 deb.
453 3179 507 3233 mci
523 3193 594 3233 omn.
617 3178 720 3242 Halm,
747 3191 807 3230 *a*
825 3179 866 3242 A,
896 3176 1003 3231 dolend.
1021 3192 1094 3233 oens.
1115 3177 1198 3233 Gerr
1250 3239 1251 3244 η

195 3299 197 3304 ,
248 3288 254 3301 .
272 3248 392 3315 2971121
411 3263 478 3302 suco
496 3248 556 3317 (sie)
574 3248 617 3312 A,
640 3261 722 3300 succo
739 3245 827 3299 Halm
840 3245 850 3314 ΙΙ
862 3244 1008 3299 fouentem
1027 3243 1113 3300 Gertz
1131 3246 1150 3300 l.
1169 3263 1198 3310 a,

223 3262 342 3369 iouente
360 3315 400 3381 A,
423 3315 535 3369 foueret
554 3313 590 3381 0,
612 3314 692 3368 fouet
710 3317 737 3366 Γ
750 3313 838 3367 Halm
858 3314 869 3382 ss
890 3319 922 3366 22
941 3327 1021 3365 mora
1037 3311 1165 3384 Meduiy
1181 3315 1200 3368 Ι

226 3386 268 3436 74.
295 3397 333 3436 e.
356 3381 444 3437 Halm
471 3383 503 3436 ia
524 3382 660 3437 Flerteia
689 3397 756 3436 aaa.
779 3384 849 3435 1874
866 3395 898 3448 p.
922 3382 988 3446 403,
1012 3395 1097 3434 umor
1120 3382 1149 3435 A
1171 3387 1195 3436 et

228 3447 291 3564 {din
309 3448 380 3565 plen
400 3451 410 3516 ΙΙ
432 3448 589 3518 adsumpsit
610 3450 648 3503 A¹
669 3451 679 3517 11
701 3455 734 3504 23
756 3448 805 3501 illo
821 3449 858 3500 A·
880 3450 890 3516 ll
912 3446 1055 3518 ppositum
1070 3450 1112 3502 A¹
1133 3449 1143 3518 ΙΙ
1166 3455 1195 3504 26
