2604 3960
225 174 287 238 144
639 169 708 225 ma.
724 167 775 222 111.

223 324 310 390 hunc
338 325 468 389 moduni
496 324 577 410 egit:
615 331 700 389 ‘non
727 321 841 404 redde,
869 324 978 406 patres
1008 323 1192 408 conscripti,

224 409 345 475 aerario
373 414 479 474 uestro
507 409 647 474 sestertii
674 407 863 493 quadragies
892 407 1066 487 rationem,
1095 408 1194 474 alieni
1286 440 1287 468 i

223 494 350 578 imperii
372 495 530 578 minister,
554 493 641 579 quod
662 513 734 558 meo
757 491 855 590 ductu
875 492 1018 590 meisque
1040 494 1193 576 auspiciis

226 579 276 644 bis
291 578 394 676 milies
409 579 557 644 sestertio
572 579 700 643 uberius
715 578 792 642 leci:
815 597 920 674 neque
935 597 1022 640 enim
1036 577 1099 675 huc
1113 582 1193 662 puto

200 695 213 736 a
228 665 296 748 [eo]
318 664 529 748 mahgnitatis
545 666 687 746 uentum,
707 661 796 727 utile
811 681 883 725 mea
898 665 1085 726 innocentia
1099 683 1194 760 quae·

223 749 358 814 rendum
381 751 439 814 sit:
468 770 543 813 nam
573 769 645 813 cum
667 747 812 811 Africam
839 747 940 810 totam
962 748 1117 830 potestati
1139 769 1193 812 ue·
1285 789 1287 814 i

224 837 310 898 strae
334 833 541 915 subiecerim,
564 833 648 897 nihil
671 852 709 896 ex
732 853 779 911 ea,
803 828 888 914 quod
902 852 1010 896 meum
1025 831 1193 917 diceretur,

222 922 352 1003 practer
381 938 561 1002 cognomen
587 916 693 981 retuli.
737 936 804 981 non
832 936 883 980 me
911 915 1012 1000 igitur
1038 915 1193 1000 Punicae,

224 1023 291 1067 non
312 1002 445 1067 fratrem
467 1024 574 1067 meum
590 1000 754 1066 Asiaticae
776 1021 875 1085 gazae
892 1021 1025 1065 auarum
1046 999 1193 1066 reddide-

186 1119 211 1159 10
224 1090 309 1166 runt,
334 1087 389 1151 sed
410 1090 544 1171 uterque
566 1090 713 1151 nostrum
731 1083 853 1150 inuidia
867 1085 971 1170 magis
987 1106 1193 1183 quamnpecu-

222 1171 278 1234 nia
305 1171 499 1256 locupletior
525 1174 602 1240 cst'.
646 1173 713 1234 tam
740 1172 943 1234 constantem
973 1169 1193 1236 defensionem
1287 1189 1288 1194 ’

224 1253 385 1340 Scipionis
406 1257 574 1320 uniuersus
597 1259 729 1320 senatus
750 1254 979 1338 conprobauit,
1008 1255 1091 1319 sicut
1112 1255 1193 1320 illud

222 1339 356 1422 factum,
380 1340 476 1425 quod,
500 1361 572 1405 cum
588 1340 628 1405 ad
643 1340 859 1404 necessarium
874 1339 922 1404 rei
937 1339 1083 1422 publicae
1097 1360 1191 1405 usum

222 1426 394 1507 pecuniam
410 1446 449 1490 ex
464 1426 587 1490 aerario
602 1425 708 1509 promi
723 1445 804 1508 opus
820 1428 913 1503 esset,
931 1423 1028 1508 idquc
1043 1427 1191 1508 quaesto·

185 1529 282 1587 15108,
307 1510 384 1592 quia
398 1510 451 1575 lex
466 1510 594 1576 obstare
610 1509 781 1590 uideretur,
805 1509 929 1593 aperire
944 1529 1010 1573 non
1026 1510 1190 1591 auderent,

221 1593 367 1677 priuatus
390 1597 495 1661 claues
523 1595 669 1680 poposcit
691 1593 917 1678 patefactoque
941 1593 1063 1658 aerario
1086 1591 1191 1680 legem
1289 1659 1290 1690 ἐ

220 1678 357 1745 utilitati
386 1680 497 1745 cedere
523 1680 641 1776 coegit.
691 1699 788 1763 quam
819 1679 947 1762 quidem
981 1677 1010 1742 ei
1041 1679 1192 1745 fiduciam

221 1765 420 1830 conscicntia
441 1765 500 1829 illa
523 1763 628 1847 dedit,
658 1785 721 1847 qua
746 1763 938 1828 meminerat
964 1782 1075 1828 omnes
1102 1763 1191 1849 leges

221 1870 240 1912 a
263 1868 297 1912 se
320 1870 389 1913 esse
412 1851 567 1913 seruatas.

181 1960 207 2000 so
285 1934 338 1998 le.
372 1932 449 1997 Non
470 1932 632 2019 fatigabor
654 1930 797 1997 eiusdem
816 1931 903 1997 facta
917 1931 1093 1997 identidem
1108 1931 1159 1997 ref
1177 1969 1190 1982 -
1289 1973 1290 1976 =

219 2015 337 2095 rendo,
365 2018 519 2101 quoniam
540 2038 582 2081 ne
604 2016 658 2082 ille
681 2016 811 2101 quidem
836 2017 871 2081 in
894 2016 1052 2081 consimili
1072 2037 1190 2102 genere

219 2099 356 2164 uirtutes
371 2101 494 2166 edendo
509 2101 665 2187 fatigatus
682 2105 739 2166 est.
760 2100 844 2165 diem
859 2100 907 2165 illi
922 2100 963 2164 ad
977 2101 1132 2186 populum
1144 2101 1188 2167 M.

218 2181 362 2249 Naeuius
383 2189 423 2250 11.
441 2185 485 2270 pl.
503 2189 568 2268 aut,
591 2191 628 2251 ot
664 2186 771 2251 uidam
790 2189 981 2269 memorant,
1004 2186 1066 2251 duo
1081 2185 1190 2252 Petilii

220 2267 387 2335 (1111111111.ι
411 2291 474 2354 quo
497 2271 624 2356 ingenti
641 2208 828 2355 irequentia
849 2272 884 2335 in
907 2269 1014 2335 forum
1034 2271 1190 2337 deductus

180 2381 206 2421 aa
219 2356 325 2418 rostra
353 2355 541 2420 conscendit
569 2356 729 2440 capitique
757 2376 815 2419 ruo
846 2375 965 2420 corona
997 2355 1188 2440 triumphali

218 2437 361 2521 inposita
380 2440 452 2504 ‘hoc
468 2447 541 2525 ego’
565 2441 683 2524 inquit,
699 2438 861 2522 ‘Quirites
885 2439 936 2504 die
951 2438 1187 2525 Karthaginem

218 2542 337 2608 magna
359 2524 535 2608 spirantem
563 2527 651 2611 leges
673 2528 802 2590 nostras
825 2523 971 2609 accipere
993 2525 1087 2589 iussi:
1114 2546 1188 2609 pro·

286 2749 302 2797 3
320 2742 435 2798 doctum
453 2743 522 2812 eisq.
542 2743 623 2798 L¹A¹
637 2745 676 2812 [14
693 2742 771 2797 milia
783 2742 829 2809 L¹‚
848 2742 953 2799 milites
964 2744 1003 2796 A¹
1016 2745 1026 2813 ΙΙ
1038 2743 1094 2798 huc
1106 2744 1186 2812 Lm,

217 2809 309 2890 adhuc
326 2811 375 2873 Αἱ,
394 2810 440 2864 hic
457 2815 503 2876 (sc.
521 2811 679 2879 insertato)
698 2809 829 2891 Foprtsch
845 2811 887 2864 II
900 2812 985 2881 191Ιὸ
1003 2826 1035 2865 eo
1053 2827 1103 2869 orn.
1123 2813 1188 2868 dett.

212 2877 1189 3029 1111111111111111111111

216 3029 277 3090 rem
295 3016 357 3083 (oin.
377 3014 430 3082 est)
448 3015 561 3083 Auta*
580 3015 637 3084 (aed
655 3031 719 3069 aia
735 3030 790 3070 raa.
820 3014 870 3086 Ln
890 3020 920 3069 18
939 3030 994 3083 qua
1011 3017 1187 3082 Pannonius,

216 3096 285 3158 qiua
302 3081 361 3135 LA
384 3082 389 3149 1
419 3087 452 3136 20
473 3082 550 3136 facta
571 3097 621 3138 cm.
641 3082 689 3139 sed
709 3097 802 3151 supp.
822 3082 855 3136 111
877 3098 964 3152 inorp.
982 3082 1010 3136 L
1033 3083 1044 3152 ΙΙ
1067 3087 1099 3162 ti
1118 3099 1187 3153 quc·

215 3163 344 3226 mamt-
363 3165 378 3228 c
400 3150 472 3203 endo
490 3152 604 3217 01Δὶ,
622 3150 738 3218 supplet.
755 3167 790 3205 m.
809 3152 933 3220 2morp.
953 3150 1047 3272 ΑΨ
1066 3153 1187 3206 uirtutes

215 3215 256 3281 A,
274 3217 390 3270 uirtutrs
408 3217 435 3271 L
453 3217 586 3287 11111122
604 3218 728 3273 sedendo
746 3216 853 3287 L¹ll23
871 3219 970 3274 neuius
1018 3218 1047 3271 A
1086 3219 1119 3273 ut
1136 3233 1186 3274 om.

215 3280 276 3336 LA
339 3284 388 3339 uid
406 3285 444 3339 ad
461 3286 620 3340 memorant
636 3286 677 3352 L,
716 3285 765 3340 uid
782 3286 983 3340 armemorant
999 3286 1039 3339 A1
1090 3285 1187 3341 Petilli

215 3349 254 3402 L¹
303 3301 371 3419 olm,
390 3357 420 3407 at
437 3369 465 3407 u.
484 3353 506 3406 I
517 3358 543 3418 1,
556 3357 591 3408 12
611 3355 621 3422 ΙΙ
642 3359 676 3408 24
693 3303 865 3408 deducturus
883 3353 962 3432 1241,
982 3352 1121 3408 deductus
1139 3371 1187 3408 rus

215 3416 276 3484 (aed
293 3435 339 3472 rus
462 3421 492 3488 t.)
510 3421 550 3474 Αι
569 3422 579 3489 l}
600 3427 633 3476 26
651 3436 767 3476 coronas
784 3421 865 3475 L¹A¹
883 3423 893 3492 11
910 3421 1095 3491 triumphales
1113 3421 1151 3475 L¹
1172 3423 1184 3490 11

214 3484 323 3606 {putidos
342 3488 413 3608 L¹Ai
439 3494 471 3542 ei
489 3490 594 3559 magni
610 3488 681 3543 LA*
705 3490 715 3558 ΙΙ
739 3489 892 3559 spirantem
915 3489 980 3545 cett.
993 3489 1095 3557 pauci,
1123 3505 1187 3559 spa·

280 3569 325 3608 cm

1288 3541 1291 3612 1
