2606 3952
462 201 542 260 CAP.
559 202 600 268 ΙΙ,
620 207 725 267 §5-9.
1039 205 1080 271 65

107 376 187 420 cura
210 354 451 436 examinabant,
482 361 534 435 ut,
564 355 592 419 si
615 375 678 438 qua
700 378 738 420 ex
767 357 812 420 eis
833 357 1079 442 improbassent,

107 445 181 504 rata
214 459 282 502 esse
315 460 383 504 non
417 440 570 504 sinerent.
614 439 723 524 itaque
759 442 919 506 ueteribus
949 447 1079 508 senatus

109 523 269 589 consultis
303 523 328 590 O
362 523 471 587 littera
504 524 660 588 subscribi
691 525 830 604 solebat,
868 548 968 610 eaque
1000 533 1080 593 nota

108 609 354 706 significabatur
380 608 438 672 illa
466 610 614 674 tribunos
642 629 768 693 quoque
798 613 967 675 censuisse.
1014 614 1079 696 qui,
1190 687 1194 692 ‚

109 701 257 777 quamuis
279 714 339 777 pro
362 694 539 758 commodis
561 692 664 776 plebis
686 694 888 759 excubabant
907 697 1005 782 inque
1021 698 1105 761 im·s

12 813 14 862 L
108 779 207 863 pariis
230 778 461 862 conpescendis
476 779 625 863 occupati
647 784 755 859 erant,
778 781 895 844 instrui
910 785 1019 845 tamen
1042 803 1081 846 ea

108 885 145 928 ar
169 863 275 927 enteis
297 864 384 927 uasis
407 867 439 926 et
461 861 567 927 anulis
582 865 686 928 aureis
706 864 834 946 publice
856 866 1010 948 praebitis
1026 888 1080 949 pa-

109 949 155 1012 tie
179 952 290 1030 antur,
323 969 400 1032 quo·
414 947 527 1011 talium
553 968 659 1012 rerum
691 970 750 1012 usu
778 950 952 1014 auctoritas
981 952 1079 1035 magi-

109 1037 269 1097 stratuum
292 1037 376 1096 esset
397 1032 550 1096 ornatior.

176 1117 206 1181 8.
239 1115 381 1192 Quorum
403 1116 670 1199 quemadmodum
692 1119 842 1181 maiestas
864 1119 1118 1203 amplificam-10

110 1207 175 1283 tur,
200 1203 246 1265 ita
261 1200 457 1266 abstinentia
471 1201 629 1265 artissime
645 1203 943 1288 constringebatur:
967 1205 1078 1270 immo·

111 1287 250 1352 latarum
273 1288 359 1350 enim
381 1285 421 1349 ab
444 1285 494 1350 his
524 1286 699 1350 hostiarum
729 1292 802 1351 exta
833 1288 872 1350 ad
896 1294 1081 1371 quaestores

111 1371 229 1436 aerarii
251 1371 357 1435 delata
372 1371 543 1448 uenibant,
567 1371 794 1455 sacrificiisque
815 1373 926 1457 populi
942 1373 1081 1439 [tomani

112 1477 185 1520 oum
209 1457 340 1520 deornm
368 1454 598 1520 immortalium
628 1455 731 1520 cultus
761 1459 830 1519 tum
860 1457 956 1520 etiam
979 1458 1081 1524 homi-

112 1563 192 1604 uum
214 1540 415 1605 continentia
436 1539 555 1618 inerat,
578 1540 825 1622 imperatoribus
839 1542 961 1606 nostris
984 1565 1080 1626 quam
1095 1566 1120 1607 rs

112 1630 242 1690 sanctas
273 1645 389 1688 manus
422 1623 541 1688 habere
574 1624 727 1688 deberent
760 1625 844 1707 apud
876 1626 939 1690 ista
967 1627 1081 1692 altaria

111 1710 325 1774 discentibus:
357 1709 639 1792 continentiaeque
661 1712 789 1773 tantum
811 1709 1022 1793 tribuebatur,
1044 1716 1082 1775 ut

110 1795 284 1859 multorum
308 1814 362 1857 aes
385 1793 541 1870 alienum,
570 1795 645 1877 quia
666 1795 850 1877 prouincias
879 1796 1003 1860 sincere
1026 1797 1081 1859 ad-

112 1878 395 1961 ministrauerant,
419 1900 437 1942 a
460 1883 574 1943 senatu
596 1879 796 1963 persolutum
819 1879 876 1942 sit:
904 1901 981 1944 nam
1003 1902 1081 1964 quo·

111 1985 184 2028 rum
207 1985 304 2047 opera
326 1963 489 2047 publicam
512 1963 736 2028 auctoritatem
759 1963 961 2047 splendorem
989 1987 1081 2030 suum
1095 1988 1120 2028 so

110 2049 226 2132 procul
248 2048 426 2113 obtinuisse
447 2047 611 2126 uiderant,
642 2068 751 2111 eorum
780 2048 973 2132 dignitatem
996 2051 1081 2114 domi

12 2205 13 2220 ,
111 2133 237 2198 conlabi
260 2133 428 2216 indignum
449 2133 573 2215 sibique
589 2132 733 2196 deforme
748 2152 816 2196 esse
831 2134 1080 2200 arbitrabantur.

177 2219 206 2283 9.
229 2217 398 2301 Equestris
413 2238 489 2281 uero
506 2217 627 2281 ordinis
649 2217 800 2280 inuentus
823 2220 971 2282 omnibus
987 2221 1082 2283 annis

111 2304 161 2367 bis
183 2303 295 2367 urbem
318 2302 501 2385 spectaculo
517 2301 574 2366 sui
597 2302 656 2366 sub
678 2302 806 2386 magnis
830 2305 1014 2368 auctoribus
1032 2301 1081 2368 ce·

109 2389 269 2453 lebrabat:
293 2385 518 2471 Lupercalium
542 2387 628 2450 enim
651 2407 719 2449 mos
742 2384 914 2451 aRomulo
931 2392 963 2452 et
977 2387 1080 2454 Remo
1094 2409 1120 2450 aa

110 2473 282 2536 inchoatus
311 2478 360 2536 est
385 2476 480 2553 tunc,
516 2491 588 2535 aum
616 2470 740 2535 laetitia
767 2473 963 2554 exultanteS,
994 2475 1080 2556 quod

179 2647 192 2692 1
212 2641 325 2694 senatus
343 2638 489 2708 consultis]
503 2641 523 2694 i.
538 2656 560 2693 c.
574 2639 601 2692 L
612 2640 680 2693 Par.
694 2644 720 2693 at
731 2639 764 2693 im
774 2657 829 2694 ras.
842 2643 870 2693 A
882 2642 892 2708 l
905 2648 920 2694 3
934 2640 963 2697 O.
979 2642 1012 2695 ia
1023 2657 1079 2696 ras.

108 2709 136 2762 A
146 2724 159 2762 a
170 2707 250 2767 Par„
264 2723 314 2761 om.
328 2707 363 2768 L,
382 2706 405 2758 Τ
417 2707 482 2766 dett,
492 2707 587 2772 Halm,
605 2711 635 2761 at
648 2707 709 2762 aid.
722 2706 874 2762 Mommsen
886 2709 918 2762 ia
930 2715 982 2764 act.
997 2709 1080 2764 acad.

109 2776 279 2844 rapsaces
291 2791 321 2843 p.
335 2779 371 2828 90
389 2779 414 2828 at
430 2775 574 2838 Hastam,
592 2775 625 2828 im
641 2775 773 2830 Fleckeis.
789 2792 854 2829 aaa.
873 2777 1005 2844 supplem.
1024 2776 1084 2828 III

104 2859 137 2911 p.
150 2845 204 2898 584
225 2845 236 2911 ΙΙ
257 2858 366 2909 eaquae
383 2843 420 2894 A¹
441 2849 465 2898 et
483 2848 515 2896 at
532 2843 592 2896 aid.
612 2843 647 2896 L¹
670 2844 680 2910 ΙΙ
702 2848 716 2894 6
736 2843 915 2909 capescendis
934 2844 999 2911 (litt.
1019 2859 1078 2913 cap.

108 2913 142 2965 ia
158 2919 227 2974 ras.)
245 2911 273 2964 A
289 2911 298 2978 l
317 2913 423 2964 errant
434 2911 461 2964 L
478 2913 487 2980 ΙΙ
511 2917 526 2964 8
545 2925 601 2976 quo
619 2911 684 2966 dett.
697 2911 794 2977 paca,
813 2910 888 2979 quod
907 2911 967 2964 LA
983 2911 1081 2975 Halm,

108 2984 140 3033 at
156 2979 320 3045 a.111,5,·
338 2982 364 3042 1,
381 2981 431 3044 10,-
453 2981 527 3043 2,2;
544 2981 630 3041 6,16.
660 2979 695 3044 ef.
713 2977 751 3036 N.
766 2978 796 3048 Q.
811 2993 840 3044 p.
860 2982 898 3032 26
918 2981 928 3047 ΙΙ
949 2993 1020 3032 usu*
1043 2981 1082 3047 (m

107 3047 169 3101 aid.
188 3047 272 3109 erae.)
284 3047 343 3099 LA
356 3047 365 3114 ΙΙ
381 3052 411 3100 10
429 3048 571 3114 magestas
589 3047 625 3098 A¹
644 3048 653 3114 l
673 3053 703 3099 11
727 3046 993 3115 constringebantur
1009 3048 1079 3101 Par.
1108 3051 1111 3056 '

110 3116 122 3184 ΙΙ
146 3121 177 3170 12
199 3114 235 3169 ab
258 3114 293 3167 iis
311 3113 412 3175 Halm,
435 3114 502 3168 add.
526 3113 546 3165 I.
567 3113 597 3167 P.
623 3131 641 3167 a
667 3113 881 3182 magistratibus
904 3129 999 3184 maroa
1016 3115 1044 3168 A
1069 3131 1084 3170 e

106 3183 178 3237 Par.
200 3185 210 3249 ΙΙ
232 3183 379 3250 questores
396 3183 423 3236 L
444 3185 454 3251 ΙΙ
477 3189 507 3236 13
526 3181 648 3235 aerarios
665 3196 759 3250 maryo
770 3183 799 3235 A
810 3182 879 3236 Par.
901 3183 911 3251 ΙΙ
929 3183 1082 3236 ueniebant

108 3251 173 3304 LA
187 3250 273 3314 Pam,
292 3249 466 3303 uaeniebant
483 3250 554 3304 com.
567 3249 691 3316 Lipsiae.
722 3248 757 3316 cf.
777 3255 868 3304 tamem
888 3251 1026 3305 Haasiam
1044 3251 1083 3304 ad

112 3318 194 3373 Reisc'
214 3361 219 3371 .
239 3317 320 3372 select.
339 3317 356 3371 l.
370 3333 399 3385 p.
418 3320 488 3384 226,
511 3315 604 3381 Noae,
623 3316 763 3372 Formeal.
782 3317 953 3385 113471119
971 3319 1081 3384 senatu]

103 3392 170 3454 post
187 3333 213 3440 iq.
230 3402 258 3438 a.
276 3401 378 3438 raswra
390 3389 501 3440 10-11
520 3385 683 3454 litaturo
700 3383 815 3453 publica
827 3386 995 3438 auctoritate
1012 3385 1082 3438 LA¹

107 3456 164 3522 {121
184 3452 262 3507 domi
281 3453 340 3521 (sed
357 3453 367 3505 i
387 3455 419 3508 ia
437 3453 535 3520 litam)
548 3453 576 3507 A
593 3454 603 3521 ΙΙ
621 3460 654 3506 22
672 3451 799 3530 deforme
822 3453 849 3506 A
870 3454 879 3521 ΙΙ
904 3458 937 3506 24
959 3453 1082 3506 celebra·

17 3562 31 3571 ..
107 3523 179 3575 bant
190 3522 273 3588 Pam,
293 3521 362 3575 add.
381 3522 426 3575 die
439 3521 628 3591 lupercalium
640 3523 670 3574 et
682 3523 810 3600 equitum
822 3519 990 3590 probatione
1010 3523 1081 3589 (caaz

106 3606 170 3644 aar.
190 3590 249 3647 zea.
264 3588 435 3658 prolatione)
453 3604 548 3658 marpo
562 3590 589 3642 A
606 3590 703 3643 aPar.

159 3683 222 3725 Van.
235 3685 301 3724 Max.
915 3678 930 3726 5
