2590 3948
214 145 268 200 nu
588 100 822 198 recuruum.¹

215 299 402 364 adnotasset
427 290 576 361 Paridem
605 299 637 360 et
665 295 709 360 Α2
736 295 887 359 exhibere
914 296 1200 378 instrumentoque

213 403 280 466 suc,
304 382 427 446 nescire
442 403 476 446 se
492 381 609 445 adiecit
630 402 673 445 en
693 377 774 444 haec
796 401 874 445 uera
896 379 992 446 lectio
1013 383 1110 446 esset.
1147 385 1195 446 at

214 489 281 532 non
311 467 393 532 uidit
424 487 495 530 eam
522 467 624 550 ipsam
653 464 907 529 luculentissime
937 468 1047 528 extare
1069 465 1105 528 in
1127 467 1193 548 A¹‚

213 553 249 616 in
279 553 368 617 cuius
396 551 555 635 scripture
581 553 850 632 instrumentoque
875 567 933 615 suo
961 549 1010 614 bis
1033 570 1050 615 o
1072 549 1195 616 littera

215 659 258 701 m.
282 637 303 699 2
325 639 450 701 mutata
471 638 521 701 est
542 635 576 699 in
600 658 631 701 a.

278 721 447 786 Praeterea
478 719 659 785 accuratius
692 718 810 783 librum
840 717 1034 782 Beruensem
1065 721 1192 786 exami-

213 807 307 870 nanti
335 805 475 889 contigit
503 803 583 868 mihi
610 804 696 868 haud
723 804 834 887 paucis
856 804 962 901 loeis,-
991 803 1049 868 ubi
1076 805 1191 902 prisca
1236 839 1238 844 ·

212 887 1189 1058 ullllttzsslllttltuiutilititatem&
1266 999 1268 1042 2

214 1080 277 1143 quo
292 1081 411 1144 genere
427 1079 530 1142 panes
545 1058 700 1142 quaedam
712 1059 858 1141 exempla
873 1061 1089 1143 composuisse
1104 1060 1188 1124 satis
1267 1079 1268 1082 ’

217 1145 269 1208 sit.
307 1145 416 1228 itaque
434 1145 462 1226 1,
481 1142 545 1210 6.2
567 1143 612 1227 (p.
630 1142 681 1223 25,
697 1141 754 1227 20)
778 1143 855 1206 olim
871 1141 951 1206 mihi
974 1148 1185 1208 enoteueram
1266 1199 1267 1202 ,

200 1229 349 1312 ,primam
366 1249 496 1293 manum
511 1226 676 1311 scripsisse
688 1227 791 1292 uideri
810 1229 1019 1294 cormonte
1032 1230 1184 1312 sacar,
1267 1233 1268 1304 1

211 1313 267 1377 ubi
295 1311 443 1377 Halmius
476 1312 560 1375 nihil
589 1311 705 1376 adiecit
732 1312 765 1376 in
793 1312 879 1376 notis
907 1313 970 1376 nisi
998 1315 1116 1379 soluat
1137 1314 1182 1392 A,

212 1399 322 1480 eflurr't
350 1418 410 1480 my.
434 1397 481 1477 A,
510 1397 652 1480 illudque
680 1399 766 1460 reete
799 1418 850 1460 me
883 1396 1040 1461 detexisse
1068 1402 1185 1482 postea

212 1482 422 1547 Laurentiani
445 1482 554 1547 docuit
575 1481 806 1546 testimonium.
819 1518 860 1530 -
874 1483 902 1564 1,
919 1483 947 1546 7.
964 1483 984 1546 3
999 1481 1044 1568 (p.
1058 1483 1110 1565 35,
1128 1483 1183 1566 18)
1267 1541 1268 1545 ,

212 1569 247 1632 in
269 1573 299 1630 A
321 1587 409 1631 nuno
430 1567 592 1652 legiturp
615 1567 740 1648 equitis
767 1567 867 1647 specii
890 1565 946 1630 sed
968 1569 1072 1650 prima
1094 1589 1109 1632 e
1131 1568 1182 1632 in-
1267 1567 1268 1594 ³

212 1654 309 1718 ducta
342 1656 374 1716 et
402 1653 438 1716 &i
463 1653 497 1714 in
524 1671 602 1729 res,
637 1671 717 1734 quae
750 1671 823 1714 oum
855 1649 1003 1715 Halmius
1037 1657 1182 1717 correcta

211 1741 304 1820 putat
317 1759 356 1800 ex
370 1737 529 1817 equalem,
550 1734 690 1799 fallitur:
714 1755 789 1798 nem
811 1734 891 1799 haec
914 1737 996 1818 quin
1019 1741 1091 1800 orte
1113 1738 1180 1802 sint
1267 1731 1269 1816 j

214 1843 253 1885 ex
274 1822 387 1902 epatis
408 1821 508 1902 specii
530 1818 584 1882 uix
607 1821 656 1881 ost
678 1819 760 1902 quod
784 1819 918 1883 dubites.
933 1857 974 1867 —
986 1821 1018 1902 4,
1036 1822 1064 1885 7.
1081 1825 1145 1886 ext.
1164 1826 1179 1886 l

215 1904 353 1989 (paee,
378 1903 448 1989 13),
477 1903 532 1966 ubi
561 1923 578 1967 e
604 1901 762 1988 Maduigii
797 1903 981 1968 coniectura
1008 1906 1123 1989 scripsi
1152 1913 1181 1972 et

211 2011 282 2055 eom
303 1991 375 2072 qui,
404 1991 480 2051 ante
500 2007 654 2068 rasuram,
676 2009 756 2071 quac
779 2009 864 2052 nunc
887 1991 936 2052 est
957 1989 992 2054 in
1016 1992 1045 2055 A
1068 2013 1182 2056 *scaro
1268 2004 1269 2033 ¹

213 2077 277 2157 qui,
301 2077 465 2137 exaratum
479 2072 580 2136 fuisse
595 2074 651 2154 qui
669 2093 739 2138 eoru
762 2074 818 2154 qui
839 2095 857 2137 e
879 2074 1027 2158 uestigiis
1050 2077 1181 2158 quibus·

213 2161 287 2223 dam
309 2157 426 2222 ueteris
449 2158 625 2241 scripturae
646 2178 712 2220 non
734 2157 829 2240 plane
852 2158 1040 2243 absumptae
1062 2181 1183 2258 cogno-

213 2244 320 2309 scitur.
354 2242 438 2326 quod
453 2242 481 2306 si
496 2242 638 2322 uidisset,
654 2241 791 2307 fortasse
807 2241 954 2306 Halmius
970 2244 1180 2311 abstinmsset

213 2326 428 2393 aFoertschii
442 2347 509 2390 non
524 2326 689 2411 probando
704 2327 894 2391 emendandi
911 2332 1027 2392 conatu
1048 2332 1178 2396 ueniam

213 2415 268 2497 qut
296 2417 463 2494 cremat.
481 2449 519 2459 -
536 2413 565 2488 6,
579 2413 608 2475 7.
625 2412 645 2475 3
668 2416 714 2496 (p.
731 2411 805 2490 306,
824 2411 877 2497 13)
899 2411 1049 2478 Halmius
1080 2415 1181 2479 edidit

207 2501 449 2582 prosequeremur
464 2517 536 2560 cum
551 2496 629 2560 dett.
645 2496 754 2580 paucis
770 2500 803 2560 et
817 2496 987 2562 adnoteuit
1000 2505 1181 2581 sequeretur
1266 2499 1269 2584 ι,

212 2583 245 2647 A
259 2601 355 2648 craso
377 2586 449 2646 orete
463 2600 479 2645 s
501 2581 605 2646 Meiere
621 2602 647 2662 p
661 2582 712 2646 uel
727 2607 751 2659 p
758 2629 766 2661 ‚
791 2580 823 2645 id
845 2582 930 2665 quod
952 2582 1046 2647 uelde
1069 2584 1178 2667 miror,

214 2689 286 2733 cum
302 2665 439 2729 dilucide
462 2668 616 2748 appareat
637 2669 712 2729 ante
734 2687 880 2730 rasuram
902 2667 1056 2750 scriptum
1079 2669 1178 2734 fuisse

206 2755 421 2834 perureretur.
438 2785 476 2797 -
494 2749 524 2833 9,
540 2750 570 2812 2.
585 2749 608 2812 4
630 2751 675 2834 (p.
690 2751 763 2832 430,
780 2751 825 2834 9),
847 2751 903 2816 ubi
924 2750 1071 2816 Halmius
1092 2754 1128 2817 in
1150 2754 1179 2819 Α

213 2857 300 2901 nunc
321 2857 389 2899 esse
410 2836 594 2900 lusitaniae
614 2834 727 2914 refert,
755 2835 901 2918 equidem
927 2835 1009 2900 mihi
1030 2844 1179 2904 enotaue-
1262 2904 1269 2918 „

212 2943 282 2986 ram
304 2921 380 2986 lesit
400 2920 519 2985 areimis
546 2919 657 2985 litteris
687 2921 731 2984 mr‘
752 2923 867 3001 ausu,
896 2921 928 2985 id
956 2923 1040 3004 quod
1067 2928 1179 3007 postea

212 3006 448 3070 Laurentianus
469 3007 555 3068 recte
576 3026 626 3068 me
646 3003 765 3069 uidisse
780 3006 994 3070 confirmauit.
1030 3007 1086 3071 sed
1100 3007 1178 3073 haee

213 3091 253 3155 ad
282 3088 529 3176 significandum
556 3088 637 3152 illud
659 3089 859 3174 corruptelae
880 3111 984 3175 genus
1007 3092 1177 3158 sufficiunt.
1267 3117 1269 3136 1

214 3175 307 3259 plura
327 3175 433 3259 quiuis
454 3173 550 3238 facile
572 3173 810 3257 deprehendere
831 3175 961 3259 poterit,
985 3179 1040 3260 qui
1058 3175 1177 3241 Halmii

215 3261 403 3324 uenatatem
420 3258 597 3342 scripturae
620 3280 692 3323 cum
714 3279 786 3323 mea
809 3261 1051 3344 comparauerit.
1084 3262 1176 3326 simul
1267 3259 1268 3268 ’

217 3348 323 3409 autem
347 3343 486 3408 elucebit
508 3365 546 3408 ex
568 3343 640 3421 heo,
663 3365 758 3428 quem
781 3367 878 3428 supra
899 3346 1074 3430 composui,
1098 3346 1176 3411 loco·

213 3452 284 3494 rum
313 3427 478 3511 congerie,
515 3430 549 3492 in
582 3429 698 3512 quibus
732 3429 852 3494 errauit
883 3432 935 3495 uir
965 3431 1174 3515 doctissimus,

213 3514 316 3578 multa
348 3534 386 3578 ex
417 3511 513 3594 meis,
544 3534 626 3596 quae
654 3513 708 3578 illc
736 3513 887 3579 acerrime
915 3517 951 3580 in
979 3517 1176 3599 praefatione
1267 3565 1268 3578 ,
