2540 3950
235 151 300 218 622
529 146 736 203 umorum
751 145 914 202 ermom

106 390 234 434 vuius
443 371 573 434 XVIIII.
610 372 665 432 DE
686 369 991 432 VENERATIONE.

150 503 216 567 10,2
299 496 329 554 1.
352 492 521 569 Superioris
542 490 677 551 Africani
698 489 795 550 filium
817 492 939 566 captum
960 509 1014 549 rex
1036 491 1219 554 Antiochus

234 582 265 639 et
286 578 452 638 liberaliter
471 575 579 636 habuit
600 578 631 634 et
651 575 855 636 maturissime
877 575 916 634 ad
937 579 1059 651 patrem
1081 581 1219 650 remisit

234 682 333 741 aquo
354 661 465 721 finibus
485 661 664 736 pellebatur.

150 758 218 819 10,2
300 750 329 808 2.
355 747 440 807 Idem
460 743 621 804 Africanus
641 746 780 821 priuatus
795 744 827 802 in
840 743 999 804 Liternino
1020 764 1096 804 rure
1121 748 1237 825 dege-⁵

233 834 296 894 bat.
328 832 427 892 subito
442 830 574 889 aduertit
588 830 626 888 ad
642 829 747 888 uillam
761 829 949 887 uenientium
971 829 1217 892 multitudinem

233 918 410 993 piratarum.
453 917 534 974 tecta
559 933 615 990 per
641 914 819 974 domesticos
845 913 936 973 iussit
956 916 1079 974 armari.
1129 920 1217 992 quod

236 1020 303 1062 cum
331 1002 422 1062 duces
448 999 614 1076 piratarum
642 998 854 1074 aduertissent,
881 998 1005 1057 remotis
1032 1000 1133 1060 sociis
1162 1003 1219 1062 ala

234 1087 379 1161 lectisque
408 1085 501 1144 armis
523 1102 609 1142 orare
631 1086 793 1159 coeperunt
814 1083 947 1158 nequid
968 1084 1001 1141 in
1023 1102 1077 1142 eos
1099 1105 1218 1162 aspere

234 1171 367 1230 facerent
388 1172 442 1228 aut
461 1187 500 1227 ne
522 1167 559 1226 ab
581 1167 627 1227 his
650 1168 806 1227 timerent:
829 1169 957 1240 uenisse,
979 1170 1015 1226 ut
1027 1168 1143 1228 liceret
1167 1172 1245 1234 hisu

234 1256 296 1314 frui
323 1255 484 1329 conspectu
512 1252 591 1312 tanti
617 1254 685 1312 uiri.
733 1253 814 1328 quod
841 1270 910 1311 cum
932 1250 1034 1327 Scipio
1057 1255 1217 1330 audisset

233 1338 367 1417 patefieri
387 1339 509 1397 munem
529 1337 775 1413 iutrouooarique
797 1355 847 1397 eos
868 1336 962 1396 iubet
999 1341 1067 1396 tum
1087 1340 1217 1416 piratae

233 1428 390 1500 tamquam
410 1422 517 1498 templi
539 1422 679 1497 postibus
700 1421 831 1482 adoratis
852 1422 981 1498 ingressi
1003 1425 1077 1481 sunt
1099 1430 1136 1483 et
1150 1446 1216 1484 am-

233 1510 314 1586 plexi
336 1509 488 1566 dexteram
511 1506 661 1583 Scipionis
688 1506 797 1568 osculis
819 1507 976 1566 coluerunt
997 1525 1033 1566 aa
1053 1508 1217 1585 reliquere

234 1595 313 1653 dona
334 1595 487 1668 tamquam
509 1587 565 1652 deo
587 1592 684 1652 dicata
706 1593 738 1650 et
758 1592 831 1651 laeti
845 1592 901 1652 hae
914 1591 1104 1653 beatitudine
1121 1607 1247 1654 sumno

234 1679 360 1740 classem
381 1676 626 1737 conscenderunt.

93 1935 235 1982 votnm
457 1913 522 1974 XX.
556 1913 610 1973 Du
631 1910 785 1973 INDOLE
807 1910 983 1971 PVERILI.

167 2028 218 2088 1‚2
301 2018 329 2077 1.
351 2015 435 2074 Idem
458 2013 543 2089 Cato,
566 2033 634 2074 eum
654 2013 891 2090 proscriptorum
913 2013 1025 2072 ciuium
1048 2017 1157 2090 capita
1180 2019 1214 2079 in

232 2101 309 2160 atrio
325 2099 426 2158 Sullae
448 2100 572 2173 uideret,
595 2099 796 2174 interrogauit
811 2097 1013 2172 Sarpedonem
1030 2116 1121 2159 suum
1137 2121 1213 2178 pae-

234 2184 384 2261 dagogum
407 2202 460 2243 cur
481 2187 543 2243 tam
565 2186 721 2243 cruentum
742 2186 905 2259 tyrannum
920 2183 1022 2241 nullus
1038 2186 1210 2248 occideret.
1224 2199 1257 2239 ¹⁰¹

232 2267 388 2344 respondit
415 2268 517 2328 deesse
538 2268 708 2328 uolentibus
729 2266 913 2327 facultatem.
958 2267 1023 2326 dari
1044 2267 1107 2330 sili
1130 2269 1212 2332 Cato

232 2353 345 2413 ferrum
375 2372 393 2411 a
412 2354 533 2430 proprio
555 2353 737 2429 pedissequo
758 2352 908 2429 poposcit,
939 2371 974 2412 eo
996 2353 1078 2428 quod
1100 2355 1213 2417 timeri
1256 2349 1257 2368 ¹

232 2437 270 2498 ad
292 2439 365 2498 haec
386 2439 523 2498 audenda
544 2456 605 2497 nou
626 2442 738 2514 posset.
774 2441 880 2513 postea
900 2437 1096 2514 paedagogus
1118 2459 1213 2500 num·
1256 2439 1257 2448 ’

232 2543 321 2600 quam
348 2523 514 2583 intromisit
535 2521 693 2597 Catonem,
724 2523 798 2598 quin
823 2521 907 2600 prius
928 2522 1027 2582 sinum
1049 2523 1117 2582 eius
1140 2545 1212 2602 pcr-

233 2612 424 2669 scrutaretur.
1222 2621 1238 2662 u
1256 2663 1257 2674 ,

167 2704 217 2766 1,3
299 2694 329 2752 2.
367 2693 494 2752 Faustus
520 2690 600 2751 filius
623 2690 723 2750 Sullae
751 2692 784 2751 iu
811 2691 915 2752 schola
942 2689 1053 2768 degens
1081 2695 1211 2768 patrem
1256 2687 1257 2736 i

231 2777 469 2854 proscribentem
497 2779 600 2852 aperte
628 2795 715 2853 saepe
736 2795 809 2836 uoce
831 2776 975 2836 laudabat
996 2775 1099 2836 dicens
1121 2778 1210 2838 idem

232 2881 264 2922 se
285 2862 444 2934 facturum,
466 2879 535 2920 oum
555 2861 671 2938 potitus
692 2879 793 2921 rerum
815 2861 929 2921 fuisset.
964 2860 1048 2920 audit
1071 2859 1108 2924 G.
1134 2860 1210 2923 Oas-

232 2947 294 3008 sius
322 2946 559 3022 condiscipulum
593 2949 624 3006 et
652 2947 776 3023 colapho
810 2946 890 3009 ferit.
933 2965 950 3006 o
983 2964 1107 3006 manum
1140 2948 1210 3008 iam
1256 2943 1257 2972 ¹

231 3031 467 3109 tyrannicidam!
1220 3043 1237 3084 a

300 3193 418 3249 olitiuo
441 3195 452 3262 ΙΙ
476 3193 581 3272 egebat
597 3194 673 3260 cod,
696 3194 803 3264 egebat
818 3194 892 3260 Mai,
910 3210 959 3253 em.
977 3193 1067 3248 Helm
1089 3194 1101 3262 Ι
1128 3200 1208 3250 ion

230 3261 301 3330 (et)
319 3263 415 3316 tecta?
428 3263 467 3330 118
485 3278 546 3330 cuq;
566 3262 651 3316 duces
664 3263 674 3331 l
691 3268 707 3316 9
725 3263 862 3330 ceperunt
878 3279 913 3317 ne
931 3261 1007 3330 quod
1045 3267 1075 3316 10
1093 3263 1147 3316 aut
1166 3265 1206 3318 eb
1256 3275 1257 3280 ’

229 3327 274 3380 hia
293 3328 356 3396 (dei.
374 3330 421 3398 ne)
439 3330 575 3383 timerent
592 3332 637 3396 (ec.
649 3346 745 3398 aspere
762 3329 880 3396 factam)
901 3329 1019 3399 Gertffl
1039 3335 1071 3383 13
1087 3330 1205 3400 templo
1256 3379 1257 3400 p

232 3393 333 3472 Gst'l'*
346 3395 356 3462 ΙΙ
371 3402 402 3448 lo
419 3397 473 3450 hac
485 3397 538 3450 Du
548 3396 630 3461 Rieu,
650 3413 682 3450 ac
699 3397 782 3467 eodll
797 3402 827 3452 18
845 3397 936 3519 iden&
955 3413 1006 3452 om.
1020 3396 1093 3463 Mae,
1112 3398 1205 3453 inter·

230 3459 331 3536 odisee
347 3462 408 3514 eid.
427 3462 543 3518 Halmio
561 3465 727 3532 exemplum,
751 3465 824 3533 quod
841 3479 887 3533 ap.
926 3466 963 3520 cl.
979 3464 1136 3534 precedit,
1153 3482 1206 3522 ne·

229 3538 285 3577 ecio
303 3541 343 3577 oe
360 3532 430 3580 reete
447 3531 457 3595 l
470 3536 503 3584 24
520 3531 569 3598 qui
586 3531 664 3600 prius
676 3533 686 3600 l
699 3538 732 3587 28
750 3549 814 3586 cum
831 3535 944 3602 pontus}
