2590 3948
193 173 237 240 20
627 168 696 226 nun.
713 170 735 224 1.

108 333 179 390 Por.
193 331 262 408 logii
276 331 378 388 lerrum
392 330 455 388 loco
471 337 574 388 motum
590 331 709 387 excussit
728 339 756 387 et
770 331 895 405 protinus
918 330 951 388 ad
972 333 1062 407 ipsum
1080 341 1168 390 teten-

193 417 232 472 dit
255 433 285 472 ac
307 415 429 472 laciniam
450 423 532 490 togae
555 431 588 472 eo
611 431 699 489 usqne
721 431 815 472 morsu
837 417 935 489 tenuit,
958 415 1045 475 donec
1069 434 1169 475 seruus

193 499 294 558 milites
316 499 349 556 ad
372 517 433 556 enm
457 499 633 558 occidendum
657 500 766 556 uenisse
787 501 934 561 nuntiaret.

258 585 286 646 7.
300 584 334 641 Μ.
347 585 447 642 Brutus
462 601 523 642 cum
533 584 661 658 reliquias
673 585 808 640 exercitus
823 585 864 642 sui
880 585 1012 642 aduersus
1027 585 1170 644 Gaesarem

167 676 222 727 oet
243 671 391 727 Antonium
414 670 568 741 eduxisset,
592 668 661 726 duae
683 668 787 741 aquilae
810 685 842 725 ex
865 669 981 726 diuersis
1003 672 1100 727 castris
1122 671 1170 728 ad·

196 754 359 812 nolauernnt
381 763 409 812 et
431 754 504 812 edita
526 755 597 811 inter
618 769 649 810 se
670 770 762 827 pugna
789 769 835 827 ea,
864 770 933 828 quae
955 772 970 811 a
992 764 1068 828 parte
1090 755 1169 812 Bruti

200 838 336 911 adfuerat,
360 838 428 895 male
452 839 567 896 mulcata
588 837 671 913 fugit.

256 923 325 982 mor.
336 922 363 981 1.
371 923 437 980 Cum
446 939 493 980 rex
500 922 650 990 Alexander
662 921 756 979 urbem
763 924 789 979 in
798 924 923 998 Aegypto
930 924 1099 980 constituere
1110 923 1170 980 uel-

194 1008 243 1081 let,
258 1009 422 1066 architectus
436 1008 600 1065 Dinocrates·
610 1022 670 1064 cum
686 1015 788 1062 cretam
804 1023 859 1063 non
875 1007 987 1064 haberet
1002 1007 1169 1082 polentaque

155 1107 180 1146 ιο
193 1092 302 1149 futurae
325 1091 400 1148 nrlris
421 1091 577 1148 liniamenta
596 1090 763 1163 deduxisset,
786 1093 883 1166 ingens
905 1094 996 1149 auium
1018 1091 1168 1150 multitudo

193 1178 318 1251 proximo
341 1174 401 1233 lacu
424 1169 528 1233 emensa
547 1174 685 1249 polentam
701 1174 814 1252 depasta
837 1186 890 1249 est,
913 1176 987 1251 quod
1009 1176 1168 1234 sacerdotes

194 1261 390 1334 Aegyptiorum
412 1261 583 1335 interpretati
606 1268 686 1332 sunt,
715 1276 899 1318 conuenarum
921 1259 1091 1336 frequentiae
1119 1261 1168 1318 ali-

193 1345 290 1401 mentis
313 1343 490 1402 suffecturam
512 1343 617 1400 urbem.

106 1503 178 1573 Nep,
194 1495 306 1554 classem
328 1497 400 1573 apud
415 1496 531 1571 Aegates
553 1496 656 1554 insulas
679 1513 740 1554 cum
763 1497 849 1555 multo
872 1498 912 1553 rei
934 1496 998 1573 pub.
1018 1497 1117 1555 damno
1140 1506 1168 1555 et

155 1582 461 1641 mmmmmm

257 1666 287 1724 5.
303 1667 412 1726 llcteflo
427 1666 549 1741 pontiflci
565 1667 680 1722 maximo
695 1663 881 1740 proficiscenti
903 1667 931 1723 in
952 1682 1047 1740 agrum
1063 1668 1167 1723 Tuscu·

193 1750 284 1808 lanum
301 1754 377 1809 corui
391 1753 446 1809 duo
469 1751 613 1808 euidenter
636 1750 812 1822 obstiterunt,
835 1751 883 1807 sed
906 1750 1034 1825 neglecto
1050 1753 1168 1828 augurio

191 1837 232 1891 ire
254 1836 405 1892 contendit.
443 1837 515 1892 inter
537 1852 567 1891 sc
589 1851 654 1891 aues
677 1835 815 1909 unguibus
837 1835 939 1892 laniare
965 1845 1117 1910 coeperunt
1140 1845 1170 1893 et

192 1921 292 1976 rostris
315 1918 379 1977 dare
401 1922 482 2000 ictus.
520 1921 621 1976 mirans
636 1919 762 1976 Metellus
777 1918 888 1976 Romam
911 1919 1001 1979 rediit.
1039 1923 1169 1994 sequenti

155 2015 180 2055 20
195 2010 275 2061 nocte
298 2019 331 2060 ex
353 2004 480 2061 incendio
502 2002 650 2060 Palladium
672 2005 772 2080 rapuit.

258 2088 288 2146 6.
298 2087 333 2146 ll.
347 2088 450 2146 Tullius
458 2087 552 2146 Cicero
565 2082 681 2166 [noster]
694 2105 755 2146 cum
766 2091 795 2145 ln
807 2105 874 2164 agro
888 2089 1015 2147 Caietano
1027 2091 1169 2164 proscrip-

193 2180 238 2228 tus
258 2173 354 2231 lateret
370 2173 521 2232 insectante
536 2175 664 2247 Antonio,
688 2190 789 2230 coruus
813 2172 949 2248 uirgulam
964 2173 1090 2246 ferream,
1114 2190 1170 2247 qua
1221 2175 1235 2190 ⁸

194 2256 432 2332 distinguebantur
439 2259 540 2330 ¹horae,
559 2260 599 2314 sic
614 2257 747 2315 conscidit
762 2266 864 2324 rostro,
888 2266 919 2315 ut
934 2273 994 2314 eam
1015 2267 1170 2334 excuteret,

196 2349 343 2418 togamque
359 2342 440 2400 Tullii
455 2342 635 2418 apprehendit
656 2352 684 2399 ct
699 2344 791 2400 traxit.
819 2342 879 2408 sub
902 2351 1041 2400 momento
1056 2342 1089 2400 ad
1105 2360 1168 2400 eum

154 2445 180 2486 os
197 2443 373 2502 percussores
395 2430 544 2484 irruerunt.

260 2512 288 2570 7.
305 2511 339 2571 Μ.
354 2513 454 2569 Brutus
476 2511 582 2587 collega
598 2509 682 2568 Cassii
704 2510 739 2568 de
761 2513 836 2570 exitu
851 2511 915 2568 belll
937 2513 1024 2570 ciuilis
1047 2519 1090 2568 est
1112 2529 1170 2570 am·

194 2598 323 2654 monitus.
361 2613 422 2653 nam
445 2597 515 2654 duae
538 2596 642 2671 aquilae
657 2595 817 2654 aduolantes
840 2613 1008 2672 supereum
1031 2613 1168 2673 campum,

195 2682 222 2738 in
245 2698 300 2757 quo
322 2683 472 2757 pugnauit,
501 2697 535 2738 ex
557 2680 673 2737 diuersis
695 2685 792 2738 castris
815 2697 970 2739 conuenere
993 2689 1021 2738 ct
1043 2684 1115 2738 inter
1136 2699 1169 2740 se

193 2791 756 2929 ,moestitudinem
773 2794 1029 2930 ''sielill‘tii
1033 2794 1039 2827 ¹
1049 2789 1171 2914 liei

194 2929 361 3008 conlocaram
369 2929 378 2996 tl
386 2928 417 2980 fu
439 2930 462 2982 it
473 2927 598 3006 mulcato
606 2927 671 3007 Mqa‘
682 2929 687 2996 Ι
704 2902 900 3009 pdlmoorqtes
908 2901 944 2995 13,
958 2945 1006 2984 cin.
1019 2927 1140 2998 Pighius
1153 2927 1166 2994 ii

196 3002 228 3051 10
245 2995 408 3050 deduxrssei
453 3037 459 3061 ‚
480 2996 605 3048 dux1ssei
621 2929 756 3064 PagNeus,
780 3011 871 3052 nmmo
892 3013 932 3050 cn
947 3001 1018 3052 recte
1030 2997 1040 3065 ΙΙ
1055 3005 1080 3049 11
1103 3009 1168 3063 pro-

194 3063 270 3117 ximo
283 3063 411 3133 Pighius,
433 3062 524 3133 primo
542 3063 569 3116 P
581 3064 591 3131 ΙΙ
606 3069 636 3116 12
654 3063 852 3135 interprseieii
868 3065 909 3120 sic
924 3080 979 3120 sem
1000 3080 1028 3119 er
1045 3063 1104 3130 scre
1119 3062 1168 3128 1²¹,
1230 3125 1232 3130 ,

196 3131 238 3185 ita
254 3131 374 3200 interpr.
392 3129 494 3186 Gesta*
507 3127 517 3198 ss
530 3143 734 3185 conuentorum
751 3134 780 3187 P
792 3133 802 3200 i
815 3131 955 3186 alimentis
1002 3134 1008 3168 ¹

265 3220 296 3268 14
316 3231 331 3268 e
353 3213 421 3269 adas
439 3215 480 3282 Ν,
504 3215 577 3284 qood
594 3215 724 3285 oorrecc'l
740 3222 770 3271 te
788 3231 869 3270 rome
885 3216 920 3271 N
928 3217 938 3294 ll
951 3223 981 3270 21
1004 3216 1111 3284 noster]
1131 3219 1169 3270 Hi

196 3280 235 3359 N,
253 3296 303 3358 om.
325 3232 413 3360 qum
429 3285 440 3352 l
458 3283 585 3338 celeieno
612 3281 646 3336 N
660 3285 670 3352 [l
687 3290 719 3337 23
747 3283 787 3338 sic
812 3284 949 3338 conscidit
969 3283 1069 3349 Halm,
1094 3283 1168 3336 sicce

197 3347 281 3402 sordui
297 3347 336 3416 N,
356 3365 396 3403 sic
414 3351 529 3406 rescidit
545 3350 619 3416 Mai,
637 3353 676 3405 sic
694 3351 798 3405 cecidit
814 3349 915 3407 Nocalc
932 3351 990 3406 coli.
1011 3351 1077 3406 Lice.
1090 3350 1172 3404 XLI

195 3419 239 3483 13,
262 3420 278 3470 1
296 3417 306 3486 ll
325 3420 358 3470 26
378 3418 421 3471 est
438 3417 528 3472 ciuilis
546 3416 586 3485 N,
611 3434 659 3472 ern.
679 3418 785 3474 Gertz*
803 3421 863 3488 1128
881 3434 1038 3474 conuenere
1061 3419 1091 3472 ci
1107 3433 1168 3485 uos,

196 3484 347 3538 conuenire
361 3483 400 3549 N,
420 3486 617 3540 conuenientes
632 3486 696 3541 Mai
710 3487 808 3554 Halm,
822 3502 965 3542 conuenae
977 3485 1084 3552 Novak,
1103 3503 1168 3541 cum

197 3551 328 3606 uenirent
347 3549 452 3605 Geir*
464 3552 475 3619 ΙΙ
486 3552 561 3607 inter
572 3569 601 3607 se
614 3553 709 3619 Halm,
721 3554 750 3608 in
765 3570 795 3608 sa
809 3554 847 3621 N,
860 3569 911 3609 om.
922 3554 986 3608 Moe'

1283 3497 1286 3552 l

1284 3567 1286 3598 i
