2590 3948
19 31 93 132 s

189 145 303 202 XXXIV
318 155 323 160 ’
627 166 695 220 ΠΒ,
714 167 735 225 Ι,

199 318 372 402 colligitur,
397 321 452 382 tua
472 318 635 401 praesenti
653 317 715 382 fide
736 321 872 402 patemo
894 320 1046 404 auitoque
1069 320 1167 386 sideri

198 424 258 490 par
286 402 427 482 uidetur,
458 425 593 486 quorum
617 404 733 467 eximio
755 404 884 488 fulgore
906 405 1043 469 multum
1066 405 1166 470 caeri-

197 487 315 552 moniis
347 488 466 552 nostris
499 488 629 552 inclitae
664 487 819 552 claritatis
842 489 991 554 accessit:
1025 489 1167 573 reliquos

200 573 287 636 enim
310 573 384 636 deos
401 573 591 656 accepimus,
616 571 768 638 Caesares
784 573 938 638 dedimus.
963 577 995 638 et
1010 576 1167 658 quoniam

171 656 327 721 sinitium
343 679 361 720 a
376 657 464 722 cultu
479 658 610 722 deorum
632 661 740 741 petere
762 658 797 721 in
819 659 927 723 animo
950 661 1009 742 est,
1032 659 1070 725 de
1091 681 1166 725 con·

198 740 325 807 dicione
347 741 414 806 eius
436 741 621 806 summatim
644 741 808 810 disseram.

477 927 505 992 Ι.
544 927 603 993 DE
625 925 880 993 RELIGIONE.

263 1046 290 1110 l.
314 1043 455 1110 Maiores
478 1048 577 1110 statas
599 1045 833 1130 sollemnesque
856 1047 1067 1112 caerimonias
1082 1070 1169 1132 pon-

195 1130 319 1195 tificum
340 1130 483 1209 scientia,
507 1131 589 1194 bene
606 1130 819 1214 gerendarum
833 1152 941 1195 rerum
956 1133 1168 1200 auctoritates

158 1238 184 1278 ιο
196 1236 355 1300 augurum
370 1216 605 1298 obseruatione,
621 1215 783 1298 Apollinis
797 1216 1034 1299 praedictiones
1051 1221 1166 1284 uatum

196 1299 304 1379 libris,
338 1302 560 1383 portentorum
590 1299 789 1382 depulsiones
822 1299 960 1365 Etrusca
993 1300 1167 1389 disciplina

196 1384 350 1467 explicari
372 1384 552 1448 uoluerunt.
590 1385 696 1467 prisco
718 1384 816 1449 etiam
837 1386 987 1450 instituto
1003 1388 1099 1452 rebus
1115 1388 1165 1452 di-

195 1469 282 1534 uinis
305 1490 403 1551 opera
424 1467 534 1553 datur,
565 1490 636 1534 cum
659 1469 781 1553 aliquid
804 1472 1080 1536 conmendandum.
1103 1477 1164 1557 cst,

195 1553 392 1639 precatione,
415 1575 487 1618 cum
502 1553 747 1638 exposcendum,
770 1557 858 1634 uoto,
875 1576 948 1620 cum
963 1557 1165 1642 soluendum,

157 1657 182 1699 15
196 1638 423 1724 gratulatione,
445 1659 518 1703 cum
538 1638 764 1722 inquirendum
780 1639 832 1703 uel
847 1641 927 1704 extis
940 1642 995 1706 uel
1010 1641 1165 1722 sortibus,

194 1723 361 1808 inpetrito,
385 1745 458 1787 cum
484 1723 631 1787 sollemni
653 1723 718 1787 ritu
739 1725 970 1809 peragendum,
994 1725 1163 1812 sacrificio,

196 1827 260 1891 quo
289 1807 387 1872 etiem
416 1810 616 1872 ostentorum
646 1827 682 1872 ao
711 1809 876 1895 fulgurum
898 1809 1163 1876 denuntiationes

195 1894 421 1975 procurantur.

259 1975 400 2040 Tantum
423 1979 530 2040 autem
553 1975 694 2040 studium
719 1978 861 2062 antiquis
882 1999 949 2043 non
974 1980 1076 2044 solum
1100 2001 1164 2046 ser-

155 2061 319 2124 sonandas
347 2060 402 2125 sed
431 2061 528 2125 etiarn
556 2061 800 2145 amplificandae
826 2062 993 2148 religionis
1019 2063 1096 2144 fuit,
1125 2069 1164 2130 ut

194 2145 422 2210 florentissima
454 2149 524 2210 tum
556 2150 589 2210 ct
623 2147 866 2231 opulentissima
899 2149 1029 2214 ciuitate
1052 2149 1162 2216 decem

192 2230 378 2313 principum
409 2230 469 2294 filii
502 2233 632 2295 senatus
670 2233 815 2297 consulto
845 2233 981 2318 singulis
1009 2233 1162 2300 Etruriae

194 2315 323 2398 populis
345 2316 568 2399 percipiendae
591 2336 755 2382 sacrorum
773 2317 963 2402 disciplinae
977 2321 1081 2403 gratia
1096 2324 1162 2385 tra-

194 2399 361 2483 derentur,
400 2400 586 2484 Cererique,
618 2423 714 2484 quam
743 2423 831 2466 more
861 2403 983 2467 Graeco
1011 2407 1162 2470 uenerari

155 2502 180 2544 aa
193 2484 417 2570 instituerant,
445 2485 642 2549 sacerdotem
664 2509 683 2550 a
705 2485 815 2568 Velia,
843 2508 916 2552 cum
945 2487 977 2552 id
1006 2489 1162 2572 oppidum

193 2569 337 2632 nondum
367 2571 532 2634 ciuitatem
560 2571 750 2654 accepisset,
780 2572 911 2636 nomine
935 2571 1162 2657 Calliphanam

260 2743 276 2791 3
294 2737 400 2810 inclyte
419 2738 447 2792 L
462 2739 472 2806 l
490 2737 626 2792 claritatis
642 2737 679 2804 E,
699 2739 852 2794 alacritatis
870 2742 929 2795 LA
941 2741 980 2808 1Ιὸ
998 2741 1162 2798 conditione

190 2805 218 2858 A
236 2805 241 2872 Ι
253 2810 269 2858 6
283 2807 416 2860 sumatim
427 2806 455 2859 A
467 2808 477 2875 ΙΙ
490 2806 618 2862 deseram
630 2807 669 2860 Δί
682 2808 691 2876 ΙΙ
705 2813 719 2862 7
733 2807 781 2861 DE
792 2807 993 2865 RELIGIONE
1006 2808 1088 2878 Nep„
1107 2826 1160 2867 om.

191 2873 217 2926 la.
241 2872 324 2938 .LA,
337 2874 384 2929 scd
395 2874 495 2930 habeut
506 2874 539 2928 c'rr
552 2875 646 2930 iudice
657 2875 844 2942 capitulorum
875 2878 1005 2932 roemisco
1014 2877 1078 2944 LA,
1091 2879 1161 2934 cdd.

192 2938 361 2995 suavem
378 2941 480 3010 Halm,
507 2944 573 2999 cdd.
592 2941 762 2999 SERVA'PA
780 2943 830 2997 AV
875 2943 1071 3022 NEGLECTA
1089 2945 1160 3002 Par.

190 3005 426 3132 statar.
438 3011 523 3157 lar
537 3011 811 3148 asarsual
823 3013 1020 3160 ursata?
1032 3029 1161 3135 arar:

190 3143 280 3197 tatem
297 3175 328 3184 ·-
346 3147 568 3214 praedictionem
589 3147 712 3216 Maduip
729 3147 770 3202 II
783 3150 846 3210 314,
868 3152 899 3202 ct
915 3164 944 3202 a.
964 3147 1023 3204 Coc.
1047 3149 1081 3203 de
1097 3149 1160 3208 hor.

190 3226 260 3280 resp.
278 3215 304 3278 9,
321 3216 357 3267 18
369 3214 379 3282 ΙΙ
393 3220 425 3269 10
442 3214 595 3285 appollinis
613 3217 641 3270 A
653 3216 662 3285 ΙΙ
676 3221 706 3269 11
727 3215 761 3269 dc
782 3214 850 3270 ulsir
868 3215 935 3283 LA,
957 3231 1007 3272 em.
1023 3215 1159 3284 Veratius,

191 3277 386 3347 depulsionem
406 3281 521 3352 Gertffll
540 3288 572 3338 14
589 3283 725 3354 soluendq
777 3283 990 3348 ,exsoluendoe
1010 3284 1049 3349 L,
1070 3284 1161 3363 exsol-

189 3344 315 3399 uendum
330 3347 374 3417 Ol
388 3356 419 3404 15
436 3352 520 3418 gratu
532 3352 641 3407 stiones
659 3351 733 3416 LA,
757 3367 804 3408 erc.
823 3353 856 3405 ia
873 3351 937 3408 dett.
951 3352 960 3421 ΙΙ
974 3357 1006 3406 16
1022 3352 1160 3421 inpertrto

189 3413 261 3482 LA,
289 3430 338 3471 cm.
366 3417 480 3474 Maride
497 3419 507 3488 ΙΙ
527 3418 564 3473 ad
590 3419 785 3488 peragendum
803 3419 910 3488 L²ll17
935 3419 1079 3489 fulgorum
1098 3420 1125 3474 L
1144 3420 1158 3490 ll

189 3483 300 3618 erl
366 3485 432 3606 la
442 3487 612 3622 ura
623 3487 691 3608 sl
704 3486 923 3623 serrare
934 3488 1159 3623 lacau
