2540 3950
197 115 261 181 610
494 112 698 174 NEPOTIANI
714 113 877 169 EPITOMA

198 271 324 331 obrutae
367 274 438 332 sunt
472 273 630 347 terraeque
666 274 752 330 motu
788 289 854 334 esse
886 271 1060 348 desierunt,
1099 276 1187 334 item
1266 311 1267 364 p

199 357 339 432 Zmyrna,
362 355 451 416 Asiae
474 356 578 416 ciuitas
599 359 717 433 potens.

70 539 196 582 varran.
377 525 414 584 X.
450 524 504 584 DII
527 523 759 584 INSTITVTIS
782 523 985 596 ANTIQVIS.

132 652 180 712 1,1
264 643 295 710 Ι1.
321 642 431 702 Inituri
453 642 677 702 matrimonium
697 646 824 716 uetares,
846 638 926 704 sicut
946 642 979 702 in
992 645 1086 706 rebus
1103 665 1184 707 cun-

197 727 269 803 ctis,
308 728 442 805 auspicia
480 727 668 803 colligebant.
721 746 781 803 qua
812 729 1029 788 consuetudine
1062 732 1207 791 taedaes

198 813 332 888 auspices
356 814 505 885 dicuntur,
529 831 606 888 qnae
627 811 742 887 nuptiis
764 810 954 871 adhibentur.

131 907 180 964 ιι
264 898 292 955 2.
321 896 402 956 Olim
417 897 622 956 accumbentes
644 896 703 954 uiri
725 896 825 956 cibum
847 896 1007 973 capiebant
1021 899 1179 960 uxoribus

195 981 234 1042 ad
263 1000 394 1040 mensam
423 981 604 1045 sedentibus.
647 980 717 1040 hinc
737 981 791 1040 illa
811 981 942 1057 pictura,
973 981 1177 1044 dlacumbena

193 1065 320 1141 Iupiter,
344 1066 481 1125 sedentes
502 1065 577 1124 Iuno
601 1067 633 1123 et
654 1065 799 1125 Minerua.

95 1161 119 1221 1,
129 1159 181 1210 3.4
262 1152 291 1210 3.
315 1150 479 1209 Pudicitiae
502 1151 534 1209 in
555 1151 675 1210 tantum
697 1149 813 1208 fautum
834 1150 946 1209 Itomae
969 1152 1025 1224 est,
1048 1154 1086 1210 ut
1100 1172 1174 1212 mu·
1190 1173 1216 1212 rc

193 1234 250 1292 lier
280 1238 350 1310 post
381 1237 511 1310 primum
544 1235 684 1293 maritum
715 1235 808 1292 uidua
834 1253 1014 1311 permanens
1043 1237 1173 1312 publice

195 1321 396 1378 coronaretur.
435 1318 487 1378 sed
509 1319 587 1378 bello
611 1319 691 1379 ciuili
716 1316 850 1379 Caesaris
872 1323 960 1394 atque
982 1319 1113 1396 Pompei
1135 1323 1172 1381 in

195 1405 315 1462 tantum
343 1406 389 1464 est
416 1403 544 1480 populus
566 1405 651 1464 Rom.
681 1404 818 1478 attritus,
848 1407 884 1463 ut
910 1423 1007 1479 poena
1028 1405 1114 1465 orbis
1137 1410 1172 1467 ct

195 1488 360 1548 caelibibus
383 1488 556 1548 dictaretur.
594 1493 657 1548 tam
679 1491 781 1548 sancta
803 1488 876 1548 fidos
898 1490 1169 1550 matrimoniorum

195 1573 264 1649 suit,
287 1576 322 1631 ut
343 1591 397 1648 pur
418 1591 512 1632 annos
530 1570 587 1651 [ra]
605 1590 644 1632 an
665 1573 704 1632 ab
726 1574 800 1632 urbe
822 1573 944 1632 condita
957 1574 1034 1632 nulli
1049 1573 1169 1635 Romae
1187 1596 1213 1637 1⁵

196 1657 386 1716 diuorterint.
434 1659 548 1733 primus
575 1658 670 1733 igitur
697 1655 822 1733 Spurius
851 1657 1002 1718 Caruilius
1030 1660 1171 1720 sterilem
1266 1703 1267 1726 l

195 1742 367 1817 repudiauit
387 1745 568 1818 notatusque
591 1746 644 1801 est.
1266 1769 1267 1800 3

131 1836 180 1894 1‚5
262 1827 291 1884 4.
315 1827 462 1903 Matrona,
485 1827 564 1886 siin
586 1827 632 1886 ins
655 1828 763 1886 uocate
784 1830 839 1900 est,
861 1845 917 1902 pro
931 1827 1095 1903 pudicitiae
1118 1847 1168 1888 re-
1266 1823 1267 1844 ¹

194 1911 330 1970 carentia
351 1911 388 1969 ab
412 1912 581 1987 apparitore
602 1911 722 1987 publico
746 1914 827 1970 taeta
848 1929 909 1970 non
932 1914 987 1970 est.

129 2005 178 2066 1‚5
261 1998 289 2054 5.
324 1997 470 2055 Matronis
492 1995 603 2055 Itomae
633 1995 806 2072 aliquandiu
828 1996 900 2054 uino
923 1996 969 2054 uti
990 2014 1053 2056 uon
1074 1996 1166 2057 licuit
1181 2020 1209 2061 ro

73 2118 74 2122 =
194 2080 226 2137 in
249 2082 414 2139 custodiam
437 2081 569 2156 pudoris.

131 2175 179 2236 1‚5
263 2166 292 2223 6.
316 2165 420 2224 Securi
442 2164 603 2242 pudicitiae
620 2165 746 2225 Romani
767 2182 841 2224 auro
856 2167 888 2223 et
902 2164 1031 2241 gemmis
1044 2166 1077 2224 et
1091 2183 1166 2240 pnr-

194 2265 270 2322 pura
297 2251 343 2308 uti
372 2253 525 2311 matronas
548 2251 697 2308 siueruut:
732 2269 828 2326 neque
848 2249 930 2308 culta
951 2252 1031 2308 enim
1053 2267 1164 2309 concu-

193 2332 336 2408 pisccnda
364 2335 487 2394 sedebat
516 2337 569 2394 aut
597 2334 755 2410 quisquam
782 2334 914 2393 alienum
935 2333 1161 2394 matrimonium

192 2417 342 2493 impudice
365 2419 498 2479 uidebat.
1178 2440 1206 2479 as

128 2512 179 2574 1,6
262 2504 291 2562 7.
312 2503 405 2563 Nulla
425 2503 474 2562 uel
497 2506 576 2562 certe
598 2522 664 2562 rara
685 2503 783 2579 iurgia
804 2502 884 2561 inter
899 2501 1041 2580 coniuges
1062 2505 1161 2578 erant,

193 2606 298 2647 uerum
320 2589 345 2648 si
369 2589 458 2665 quid,
480 2588 583 2648 ibatur
603 2588 636 2646 in
658 2587 803 2662 templum
825 2586 995 2663 Viriplaoae
1016 2588 1053 2646 ad
1075 2586 1163 2646 Pala·

192 2672 288 2730 tinum
310 2680 453 2732 montem.
487 2673 551 2733 illic
573 2672 660 2732 dictis
682 2687 757 2747 quaa
779 2673 858 2731 inter
879 2671 960 2748 ipsos
982 2673 1069 2731 arant
1090 2690 1162 2732 con-

195 2758 298 2817 cordes
321 2759 558 2817 reuertebantur.

128 2851 179 2913 ι,7
262 2843 292 2901 8.
324 2842 413 2920 Apud
441 2843 554 2918 priscos
582 2859 637 2901 nec
663 2859 756 2918 gener
778 2858 845 2901 cum
867 2857 969 2902 socero
990 2858 1045 2901 nac
1064 2839 1203 2917 puberao

263 3024 277 3073 1
296 3021 466 3075 destiterunt
481 3021 541 3076 aad.
559 3021 656 3087 Halm,
674 3037 722 3076 am.
738 3019 841 3075 Gertz*
853 3021 863 3088 l
875 3019 983 3074 item—
1011 3021 1090 3074 otenr
1107 3034 1160 3078 cm.

192 3086 258 3141 Mai
280 3089 290 3156 ΙΙ
312 3096 327 3142 2
346 3091 376 3142 et
392 3104 493 3157 myrna
509 3088 582 3155 cod,
600 3090 630 3142 et
651 3089 772 3158 Smyrna
788 3087 886 3153 Halm,
903 3104 952 3142 cm.
1000 3089 1074 3142 erla*
1090 3093 1163 3144 reela

192 3171 304 3210 moaeac
321 3157 374 3210 litt.
394 3157 413 3210 Z
432 3157 593 3224 compendio
610 3157 631 3226 7
650 3161 694 3224 (ε-
707 3158 746 3224 et)
760 3162 950 3223 permutatam
969 3157 1045 3225 aaran
1068 3161 1099 3209 14
1117 3155 1160 3210 di·

193 3226 318 3276 ctaretur
335 3224 431 3290 Halm,
449 3225 589 3278 dicaretur
607 3225 675 3292 cod,
694 3224 836 3278 diceretur
852 3223 916 3278 Mai
928 3224 938 3292 ΙΙ
952 3228 984 3279 15
1001 3225 1072 3280 rael.
1091 3222 1160 3290 aaa,

192 3293 278 3354 'suan
296 3290 394 3356 Halm,
412 3293 522 3345 mamert
538 3297 637 3352 aotam,
675 3291 876 3346 aaEbartaml
910 3293 1055 3361 clupeatos
1071 3291 1159 3360 sipiri-

191 3357 273 3421 ficari
282 3363 374 3422 palat,
387 3359 486 3412 acolaci
498 3360 508 3426 ΙΙ
524 3366 553 3412 16
566 3359 644 3412 carui
668 3377 699 3412 ns
712 3362 722 3428 ll
735 3367 768 3411 20
780 3309 932 3428 aliquando
944 3361 1052 3414 mauult
1062 3358 1159 3412 Horta·

193 3420 271 3485 (olim
294 3421 366 3488 Val.)
384 3426 394 3491 ll
411 3431 444 3478 23
462 3442 496 3479 ue
519 3441 553 3480 ue
572 3427 647 3480 enim
666 3427 743 3482 culta
759 3425 860 3496 (ulla)
878 3442 956 3481 conc.
978 3426 1081 3482 Gema*
1097 3428 1108 3496 ΙΙ
1125 3432 1158 3480 24

192 3485 321 3553 sedabat]
340 3505 379 3542 aa
396 3443 565 3546 uidebatur?
579 3494 589 3561 ΙΙ
602 3501 635 3549 30
652 3495 774 3563 puberes
