<?xml version="1.0" encoding="UTF-8"?>
<!DOCTYPE html PUBLIC "-//W3C//DTD XHTML 1.0 Transitional//EN"
    "http://www.w3.org/TR/xhtml1/DTD/xhtml1-transitional.dtd">
<html xmlns="http://www.w3.org/1999/xhtml" xml:lang="en" lang="en">
 <head>
  <title>
</title>
<meta http-equiv="Content-Type" content="text/html;charset=utf-8" />
  <meta name='ocr-system' content='tesseract 3.04.00' />
  <meta name='ocr-capabilities' content='ocr_page ocr_carea ocr_par ocr_line ocrx_word'/>
</head>
<body>
  <div class='ocr_page' id='page_1' title='image "./valeriimaximifa00nepogoog_0337.png"; bbox 0 0 2608 3952; ppageno 0'>
   <div class='ocr_carea' id='block_1_1' title="bbox 204 119 757 188">
    <p class='ocr_par' dir='ltr' id='par_1_1' title="bbox 204 119 757 188">
     <span class='ocr_line' id='line_1_1' title="bbox 204 119 757 188; baseline 0 -16"><span class='ocrx_word' id='word_1_1' title='bbox 204 125 267 188; x_wconf 79' lang='lat'>296</span> <span class='ocrx_word' id='word_1_2' title='bbox 622 119 690 175; x_wconf 82' lang='lat' dir='ltr'>um.</span> <span class='ocrx_word' id='word_1_3' title='bbox 708 120 757 172; x_wconf 77' lang='lat' dir='ltr'>vr.</span> 
     </span>
    </p>
   </div>
   <div class='ocr_carea' id='block_1_2' title="bbox 205 271 1179 356">
    <p class='ocr_par' dir='ltr' id='par_1_2' title="bbox 205 271 1179 356">
     <span class='ocr_line' id='line_1_2' title="bbox 205 271 1179 356; baseline -0.002 -18"><span class='ocrx_word' id='word_1_4' title='bbox 205 297 281 338; x_wconf 89' lang='lat' dir='ltr'>nem</span> <span class='ocrx_word' id='word_1_5' title='bbox 302 274 413 338; x_wconf 85' lang='lat' dir='ltr'>testati</span> <span class='ocrx_word' id='word_1_6' title='bbox 434 276 521 355; x_wconf 88' lang='lat' dir='ltr'>sunt,</span> <span class='ocrx_word' id='word_1_7' title='bbox 542 272 716 356; x_wconf 85' lang='lat' dir='ltr'>gloriosior</span> <span class='ocrx_word' id='word_1_8' title='bbox 737 292 832 354; x_wconf 87' lang='lat' dir='ltr'>quam</span> <span class='ocrx_word' id='word_1_9' title='bbox 847 271 1037 354; x_wconf 73' lang='lat' dir='ltr'>optabilior:</span> <span class='ocrx_word' id='word_1_10' title='bbox 1060 272 1179 336; x_wconf 72' lang='lat' dir='ltr'>intole</span> 
     </span>
    </p>
   </div>
   <div class='ocr_carea' id='block_1_3' title="bbox 204 356 1289 440">
    <p class='ocr_par' dir='ltr' id='par_1_3' title="bbox 204 356 1289 440">
     <span class='ocr_line' id='line_1_3' title="bbox 204 356 1289 440; baseline 0 -18"><span class='ocrx_word' id='word_1_11' title='bbox 204 358 360 422; x_wconf 82' lang='lat' dir='ltr'>rabilibus</span> <span class='ocrx_word' id='word_1_12' title='bbox 382 359 470 422; x_wconf 91' lang='lat' dir='ltr'>enim</span> <span class='ocrx_word' id='word_1_13' title='bbox 492 357 643 421; x_wconf 89' lang='lat' dir='ltr'>oneribus</span> <span class='ocrx_word' id='word_1_14' title='bbox 665 357 831 420; x_wconf 86' lang='lat' dir='ltr'>ciuitatem</span> <span class='ocrx_word' id='word_1_15' title='bbox 858 377 968 420; x_wconf 90' lang='lat' dir='ltr'>eorum</span> <span class='ocrx_word' id='word_1_16' title='bbox 993 356 1180 440; x_wconf 83' lang='lat' dir='ltr'>inplieanti,</span> <span class='ocrx_word' id='word_1_17' title='bbox 1288 371 1289 376; x_wconf 76' lang='grc'>’</span> 
     </span>
    </p>
   </div>
   <div class='ocr_carea' id='block_1_4' title="bbox 166 443 1182 1119">
    <p class='ocr_par' dir='ltr' id='par_1_4' title="bbox 204 443 1180 611">
     <span class='ocr_line' id='line_1_4' title="bbox 204 443 1180 526; baseline -0.003 -19"><span class='ocrx_word' id='word_1_18' title='bbox 204 445 233 507; x_wconf 91' lang='lat' dir='ltr'>si</span> <span class='ocrx_word' id='word_1_19' title='bbox 253 443 331 526; x_wconf 90' lang='lat' dir='ltr'>quid</span> <span class='ocrx_word' id='word_1_20' title='bbox 345 448 449 507; x_wconf 88' lang='lat' dir='ltr'>morte</span> <span class='ocrx_word' id='word_1_21' title='bbox 463 443 594 526; x_wconf 73' lang='lat' dir='ltr'>grauiam</span> <span class='ocrx_word' id='word_1_22' title='bbox 608 443 768 524; x_wconf 83' lang='lat' dir='ltr'>imperare</span> <span class='ocrx_word' id='word_1_23' title='bbox 783 445 1014 524; x_wconf 84' lang='lat' dir='ltr'>perseueraret,</span> <span class='ocrx_word' id='word_1_24' title='bbox 1038 451 1180 506; x_wconf 89' lang='lat' dir='ltr'>mortem</span> 
     </span>
     <span class='ocr_line' id='line_1_5' title="bbox 204 526 730 611; baseline -0.008 -19"><span class='ocrx_word' id='word_1_25' title='bbox 204 550 240 592; x_wconf 89' lang='lat' dir='ltr'>se</span> <span class='ocrx_word' id='word_1_26' title='bbox 261 527 463 611; x_wconf 85' lang='lat' dir='ltr'>praelaturos</span> <span class='ocrx_word' id='word_1_27' title='bbox 485 526 730 610; x_wconf 87' lang='lat' dir='ltr'>responderunt.</span> 
     </span>
    </p>

    <p class='ocr_par' dir='ltr' id='par_1_5' title="bbox 179 608 1182 1031">
     <span class='ocr_line' id='line_1_6' title="bbox 179 608 1179 696; baseline 0.003 -25"><span class='ocrx_word' id='word_1_28' title='bbox 179 631 192 671; x_wconf 80' lang='lat'>⁵</span> <span class='ocrx_word' id='word_1_29' title='bbox 267 614 299 677; x_wconf 84' lang='lat'>5.</span> <span class='ocrx_word' id='word_1_30' title='bbox 331 611 400 676; x_wconf 88' lang='lat' dir='ltr'>Nec</span> <span class='ocrx_word' id='word_1_31' title='bbox 420 633 533 696; x_wconf 89' lang='lat' dir='ltr'>parum</span> <span class='ocrx_word' id='word_1_32' title='bbox 556 631 656 695; x_wconf 85' lang='lat' dir='ltr'>graue</span> <span class='ocrx_word' id='word_1_33' title='bbox 678 608 830 693; x_wconf 85' lang='lat' dir='ltr'>Spartani</span> <span class='ocrx_word' id='word_1_34' title='bbox 852 611 1019 673; x_wconf 90' lang='lat' dir='ltr'>cuiusdam</span> <span class='ocrx_word' id='word_1_35' title='bbox 1041 611 1179 689; x_wconf 85' lang='lat' dir='ltr'>dictum,</span> 
     </span>
     <span class='ocr_line' id='line_1_7' title="bbox 205 695 1181 780; baseline -0.003 -19"><span class='ocrx_word' id='word_1_36' title='bbox 205 697 363 780; x_wconf 84' lang='lat' dir='ltr'>siquidem</span> <span class='ocrx_word' id='word_1_37' title='bbox 390 696 560 761; x_wconf 89' lang='lat' dir='ltr'>nobilitate</span> <span class='ocrx_word' id='word_1_38' title='bbox 588 699 621 758; x_wconf 88' lang='lat' dir='ltr'>ct</span> <span class='ocrx_word' id='word_1_39' title='bbox 648 695 821 758; x_wconf 71' lang='lat' dir='ltr'>sanctitate</span> <span class='ocrx_word' id='word_1_40' title='bbox 844 697 1029 776; x_wconf 85' lang='lat' dir='ltr'>praestans,</span> <span class='ocrx_word' id='word_1_41' title='bbox 1059 695 1116 758; x_wconf 89' lang='lat' dir='ltr'>sed</span> <span class='ocrx_word' id='word_1_42' title='bbox 1145 697 1181 758; x_wconf 91' lang='lat' dir='ltr'>in</span> 
     </span>
     <span class='ocr_line' id='line_1_8' title="bbox 204 779 1182 866; baseline -0.002 -20"><span class='ocrx_word' id='word_1_43' title='bbox 204 782 361 866; x_wconf 85' lang='lat' dir='ltr'>petitione</span> <span class='ocrx_word' id='word_1_44' title='bbox 389 782 597 865; x_wconf 82' lang='lat' dir='ltr'>magistratus</span> <span class='ocrx_word' id='word_1_45' title='bbox 624 780 730 842; x_wconf 90' lang='lat' dir='ltr'>uictus</span> <span class='ocrx_word' id='word_1_46' title='bbox 758 779 917 842; x_wconf 84' lang='lat' dir='ltr'>maximae</span> <span class='ocrx_word' id='word_1_47' title='bbox 944 779 1007 842; x_wconf 87' lang='lat' dir='ltr'>sibi</span> <span class='ocrx_word' id='word_1_48' title='bbox 1031 779 1182 844; x_wconf 81' lang='lat' dir='ltr'>laetitiae</span> 
     </span>
     <span class='ocr_line' id='line_1_9' title="bbox 205 863 1180 950; baseline -0.003 -19"><span class='ocrx_word' id='word_1_49' title='bbox 205 889 275 931; x_wconf 89' lang='lat' dir='ltr'>esse</span> <span class='ocrx_word' id='word_1_50' title='bbox 295 865 510 950; x_wconf 87' lang='lat' dir='ltr'>praedicauit,</span> <span class='ocrx_word' id='word_1_51' title='bbox 539 863 625 946; x_wconf 92' lang='lat' dir='ltr'>qnod</span> <span class='ocrx_word' id='word_1_52' title='bbox 647 863 772 945; x_wconf 88' lang='lat' dir='ltr'>aliquos</span> <span class='ocrx_word' id='word_1_53' title='bbox 793 863 899 946; x_wconf 85' lang='lat' dir='ltr'>patria</span> <span class='ocrx_word' id='word_1_54' title='bbox 925 885 983 926; x_wconf 88' lang='lat' dir='ltr'>sua</span> <span class='ocrx_word' id='word_1_55' title='bbox 1009 883 1044 926; x_wconf 90' lang='lat' dir='ltr'>se</span> <span class='ocrx_word' id='word_1_56' title='bbox 1066 864 1180 928; x_wconf 89' lang='lat' dir='ltr'>melio-</span> 
     </span>
     <span class='ocr_line' id='line_1_10' title="bbox 204 947 1180 1031; baseline -0.002 -17"><span class='ocrx_word' id='word_1_57' title='bbox 204 973 256 1014; x_wconf 87' lang='lat' dir='ltr'>res</span> <span class='ocrx_word' id='word_1_58' title='bbox 277 953 363 1014; x_wconf 89' lang='lat' dir='ltr'>uiros</span> <span class='ocrx_word' id='word_1_59' title='bbox 378 950 521 1013; x_wconf 87' lang='lat' dir='ltr'>haberet.</span> <span class='ocrx_word' id='word_1_60' title='bbox 552 969 616 1031; x_wconf 91' lang='lat' dir='ltr'>qno</span> <span class='ocrx_word' id='word_1_61' title='bbox 631 968 778 1012; x_wconf 87' lang='lat' dir='ltr'>sermone</span> <span class='ocrx_word' id='word_1_62' title='bbox 800 947 962 1030; x_wconf 79' lang='lat' dir='ltr'>repulsam</span> <span class='ocrx_word' id='word_1_63' title='bbox 984 947 1102 1012; x_wconf 91' lang='lat' dir='ltr'>honori</span> <span class='ocrx_word' id='word_1_64' title='bbox 1125 949 1180 1013; x_wconf 87' lang='lat' dir='ltr'>ad-</span> 
     </span>
    </p>

    <p class='ocr_par' dir='ltr' id='par_1_6' title="bbox 166 1037 365 1119">
     <span class='ocr_line' id='line_1_11' title="bbox 166 1037 365 1119; baseline 0.025 -25"><span class='ocrx_word' id='word_1_65' title='bbox 166 1055 192 1094; x_wconf 87' lang='lat' dir='ltr'>ro</span> <span class='ocrx_word' id='word_1_66' title='bbox 205 1037 365 1119; x_wconf 86' lang='lat' dir='ltr'>aequauit.</span> 
     </span>
    </p>
   </div>
   <div class='ocr_carea' id='block_1_5' title="bbox 510 1149 870 1215">
    <p class='ocr_par' dir='ltr' id='par_1_7' title="bbox 510 1149 870 1215">
     <span class='ocr_line' id='line_1_12' title="bbox 510 1149 870 1215; baseline 0.003 -1"><span class='ocrx_word' id='word_1_67' title='bbox 510 1150 549 1214; x_wconf 89' lang='lat' dir='ltr'>V.</span> <span class='ocrx_word' id='word_1_68' title='bbox 584 1149 645 1214; x_wconf 79' lang='lat' dir='ltr'>DE}</span> <span class='ocrx_word' id='word_1_69' title='bbox 667 1149 870 1215; x_wconf 85' lang='lat' dir='ltr'><strong>IVSTITIA.</strong></span> 
     </span>
    </p>
   </div>
   <div class='ocr_carea' id='block_1_6' title="bbox 269 1269 1289 1366">
    <p class='ocr_par' dir='ltr' id='par_1_8' title="bbox 269 1269 1289 1366">
     <span class='ocr_line' id='line_1_13' title="bbox 269 1269 1289 1366; baseline -0.001 -33"><span class='ocrx_word' id='word_1_70' title='bbox 269 1270 407 1353; x_wconf 82' lang='lat' dir='ltr'>Tempus</span> <span class='ocrx_word' id='word_1_71' title='bbox 430 1273 479 1332; x_wconf 89' lang='lat' dir='ltr'>est</span> <span class='ocrx_word' id='word_1_72' title='bbox 499 1269 642 1332; x_wconf 85' lang='lat' dir='ltr'>iustitiae</span> <span class='ocrx_word' id='word_1_73' title='bbox 657 1290 782 1366; x_wconf 83' lang='lat' dir='ltr'>quoque</span> <span class='ocrx_word' id='word_1_74' title='bbox 799 1272 911 1332; x_wconf 85' lang='lat' dir='ltr'>saneta</span> <span class='ocrx_word' id='word_1_75' title='bbox 925 1270 1106 1351; x_wconf 86' lang='lat' dir='ltr'>penetralia</span> <span class='ocrx_word' id='word_1_76' title='bbox 1120 1273 1177 1334; x_wconf 89' lang='lat' dir='ltr'>ad·</span> <span class='ocrx_word' id='word_1_77' title='bbox 1288 1321 1289 1332; x_wconf 67' lang='grc'>,</span> 
     </span>
    </p>
   </div>
   <div class='ocr_carea' id='block_1_7' title="bbox 166 1353 1181 2114">
    <p class='ocr_par' dir='ltr' id='par_1_9' title="bbox 166 1353 1181 2114">
     <span class='ocr_line' id='line_1_14' title="bbox 204 1353 1178 1438; baseline 0.002 -20"><span class='ocrx_word' id='word_1_78' title='bbox 204 1356 261 1432; x_wconf 90' lang='lat' dir='ltr'>ire,</span> <span class='ocrx_word' id='word_1_79' title='bbox 284 1355 319 1418; x_wconf 90' lang='lat' dir='ltr'>in</span> <span class='ocrx_word' id='word_1_80' title='bbox 341 1355 457 1438; x_wconf 90' lang='lat' dir='ltr'>quibus</span> <span class='ocrx_word' id='word_1_81' title='bbox 479 1375 605 1437; x_wconf 87' lang='lat' dir='ltr'>semper</span> <span class='ocrx_word' id='word_1_82' title='bbox 627 1374 721 1436; x_wconf 72' lang='lat' dir='ltr'>aequi</span> <span class='ocrx_word' id='word_1_83' title='bbox 743 1375 780 1416; x_wconf 89' lang='lat' dir='ltr'>ac</span> <span class='ocrx_word' id='word_1_84' title='bbox 801 1355 896 1435; x_wconf 91' lang='lat' dir='ltr'>probi</span> <span class='ocrx_word' id='word_1_85' title='bbox 917 1353 996 1418; x_wconf 83' lang='lat' dir='ltr'>facti</span> <span class='ocrx_word' id='word_1_86' title='bbox 1011 1359 1178 1437; x_wconf 86' lang='lat' dir='ltr'>respectus</span> 
     </span>
     <span class='ocr_line' id='line_1_15' title="bbox 204 1438 1180 1524; baseline 0 -20"><span class='ocrx_word' id='word_1_87' title='bbox 204 1440 354 1524; x_wconf 85' lang='lat' dir='ltr'>religiosa</span> <span class='ocrx_word' id='word_1_88' title='bbox 376 1460 449 1504; x_wconf 90' lang='lat' dir='ltr'>cum</span> <span class='ocrx_word' id='word_1_89' title='bbox 471 1438 697 1502; x_wconf 85' lang='lat' dir='ltr'>obseruatione</span> <span class='ocrx_word' id='word_1_90' title='bbox 720 1442 865 1500; x_wconf 86' lang='lat' dir='ltr'>uersatur</span> <span class='ocrx_word' id='word_1_91' title='bbox 891 1441 925 1501; x_wconf 90' lang='lat' dir='ltr'>et</span> <span class='ocrx_word' id='word_1_92' title='bbox 952 1439 1008 1500; x_wconf 90' lang='lat' dir='ltr'>ubi</span> <span class='ocrx_word' id='word_1_93' title='bbox 1034 1439 1180 1504; x_wconf 86' lang='lat' dir='ltr'>studium</span> 
     </span>
     <span class='ocr_line' id='line_1_16' title="bbox 166 1521 1180 1607; baseline 0 -19"><span class='ocrx_word' id='word_1_94' title='bbox 166 1540 192 1581; x_wconf 74' lang='lat'>1⁵</span> <span class='ocrx_word' id='word_1_95' title='bbox 205 1523 432 1603; x_wconf 86' lang='lat' dir='ltr'>uerecundiae,</span> <span class='ocrx_word' id='word_1_96' title='bbox 465 1522 624 1607; x_wconf 89' lang='lat' dir='ltr'>cupiditas</span> <span class='ocrx_word' id='word_1_97' title='bbox 654 1521 773 1592; x_wconf 84' lang='lat' dir='ltr'>rationi</span> <span class='ocrx_word' id='word_1_98' title='bbox 802 1521 886 1585; x_wconf 85' lang='lat' dir='ltr'>cedit</span> <span class='ocrx_word' id='word_1_99' title='bbox 911 1522 1058 1605; x_wconf 88' lang='lat' dir='ltr'>nihilque</span> <span class='ocrx_word' id='word_1_100' title='bbox 1086 1524 1180 1606; x_wconf 87' lang='lat' dir='ltr'>utile,</span> 
     </span>
     <span class='ocr_line' id='line_1_17' title="bbox 205 1605 1180 1692; baseline -0.001 -19"><span class='ocrx_word' id='word_1_101' title='bbox 205 1609 288 1692; x_wconf 92' lang='lat' dir='ltr'>quod</span> <span class='ocrx_word' id='word_1_102' title='bbox 315 1630 429 1692; x_wconf 88' lang='lat' dir='ltr'>parum</span> <span class='ocrx_word' id='word_1_103' title='bbox 456 1609 626 1672; x_wconf 87' lang='lat' dir='ltr'>honestum</span> <span class='ocrx_word' id='word_1_104' title='bbox 654 1605 757 1669; x_wconf 90' lang='lat' dir='ltr'>uideri</span> <span class='ocrx_word' id='word_1_105' title='bbox 784 1606 904 1689; x_wconf 86' lang='lat' dir='ltr'>possit,</span> <span class='ocrx_word' id='word_1_106' title='bbox 933 1606 1068 1670; x_wconf 78' lang='lat' dir='ltr'>ducitur.</span> <span class='ocrx_word' id='word_1_107' title='bbox 1109 1609 1180 1673; x_wconf 92' lang='lat' dir='ltr'>eius</span> 
     </span>
     <span class='ocr_line' id='line_1_18' title="bbox 206 1690 1178 1777; baseline -0.003 -18"><span class='ocrx_word' id='word_1_108' title='bbox 206 1699 315 1759; x_wconf 87' lang='lat' dir='ltr'>autem</span> <span class='ocrx_word' id='word_1_109' title='bbox 335 1692 542 1777; x_wconf 90' lang='lat' dir='ltr'>praecipuum</span> <span class='ocrx_word' id='word_1_110' title='bbox 558 1694 590 1755; x_wconf 88' lang='lat' dir='ltr'>et</span> <span class='ocrx_word' id='word_1_111' title='bbox 604 1690 816 1755; x_wconf 88' lang='lat' dir='ltr'>certissimum</span> <span class='ocrx_word' id='word_1_112' title='bbox 831 1691 918 1754; x_wconf 87' lang='lat' dir='ltr'>inter</span> <span class='ocrx_word' id='word_1_113' title='bbox 932 1712 1045 1756; x_wconf 86' lang='lat' dir='ltr'>omnes</span> <span class='ocrx_word' id='word_1_114' title='bbox 1060 1697 1178 1776; x_wconf 84' lang='lat' dir='ltr'>gentes</span> 
     </span>
     <span class='ocr_line' id='line_1_19' title="bbox 205 1775 740 1859; baseline -0.011 -16"><span class='ocrx_word' id='word_1_115' title='bbox 205 1784 319 1843; x_wconf 85' lang='lat' dir='ltr'>nostra</span> <span class='ocrx_word' id='word_1_116' title='bbox 341 1778 455 1841; x_wconf 88' lang='lat' dir='ltr'>ciuitas</span> <span class='ocrx_word' id='word_1_117' title='bbox 479 1775 660 1859; x_wconf 87' lang='lat' dir='ltr'>exemplum</span> <span class='ocrx_word' id='word_1_118' title='bbox 683 1779 740 1838; x_wconf 86' lang='lat' dir='ltr'>est.</span> 
     </span>
     <span class='ocr_line' id='line_1_20' title="bbox 273 1858 1181 1946; baseline -0.002 -19"><span class='ocrx_word' id='word_1_119' title='bbox 273 1867 300 1927; x_wconf 86' lang='lat'>1.</span> <span class='ocrx_word' id='word_1_120' title='bbox 333 1861 469 1926; x_wconf 84' lang='lat' dir='ltr'>Camillo</span> <span class='ocrx_word' id='word_1_121' title='bbox 491 1859 622 1924; x_wconf 88' lang='lat' dir='ltr'>consule</span> <span class='ocrx_word' id='word_1_122' title='bbox 637 1858 778 1923; x_wconf 84' lang='lat' dir='ltr'>Falerios</span> <span class='ocrx_word' id='word_1_123' title='bbox 800 1859 1054 1924; x_wconf 78' lang='lat' dir='ltr'>circumsedente</span> <span class='ocrx_word' id='word_1_124' title='bbox 1077 1863 1181 1946; x_wconf 87' lang='lat' dir='ltr'>magi-</span> 
     </span>
     <span class='ocr_line' id='line_1_21' title="bbox 167 1944 1181 2028; baseline 0.007 -24"><span class='ocrx_word' id='word_1_125' title='bbox 167 1963 194 2004; x_wconf 77' lang='lat' dir='ltr'>ao</span> <span class='ocrx_word' id='word_1_126' title='bbox 206 1953 272 2011; x_wconf 91' lang='lat' dir='ltr'>ster</span> <span class='ocrx_word' id='word_1_127' title='bbox 294 1946 361 2010; x_wconf 87' lang='lat' dir='ltr'>ludi</span> <span class='ocrx_word' id='word_1_128' title='bbox 383 1947 538 2028; x_wconf 89' lang='lat' dir='ltr'>plurimos</span> <span class='ocrx_word' id='word_1_129' title='bbox 560 1947 592 2008; x_wconf 89' lang='lat' dir='ltr'>et</span> <span class='ocrx_word' id='word_1_130' title='bbox 612 1944 831 2007; x_wconf 91' lang='lat' dir='ltr'>nobilissimos</span> <span class='ocrx_word' id='word_1_131' title='bbox 853 1944 928 2008; x_wconf 89' lang='lat' dir='ltr'>inde</span> <span class='ocrx_word' id='word_1_132' title='bbox 950 1966 1065 2028; x_wconf 89' lang='lat' dir='ltr'>pueros</span> <span class='ocrx_word' id='word_1_133' title='bbox 1087 1946 1181 2011; x_wconf 86' lang='lat' dir='ltr'>uelut</span> 
     </span>
     <span class='ocr_line' id='line_1_22' title="bbox 206 2026 1180 2114; baseline -0.001 -19"><span class='ocrx_word' id='word_1_134' title='bbox 206 2029 389 2095; x_wconf 81' lang='lat' dir='ltr'>ambulandi</span> <span class='ocrx_word' id='word_1_135' title='bbox 409 2028 515 2112; x_wconf 84' lang='lat' dir='ltr'>gratia</span> <span class='ocrx_word' id='word_1_136' title='bbox 537 2029 668 2093; x_wconf 86' lang='lat' dir='ltr'>eductos</span> <span class='ocrx_word' id='word_1_137' title='bbox 690 2029 726 2092; x_wconf 90' lang='lat' dir='ltr'>in</span> <span class='ocrx_word' id='word_1_138' title='bbox 747 2031 851 2092; x_wconf 89' lang='lat' dir='ltr'>eastra</span> <span class='ocrx_word' id='word_1_139' title='bbox 865 2026 1085 2094; x_wconf 85' lang='lat' dir='ltr'>Romanorum</span> <span class='ocrx_word' id='word_1_140' title='bbox 1105 2052 1180 2114; x_wconf 87' lang='lat' dir='ltr'>per-</span> 
     </span>
    </p>
   </div>
   <div class='ocr_carea' id='block_1_8' title="bbox 205 2112 1289 2365">
    <p class='ocr_par' dir='ltr' id='par_1_10' title="bbox 205 2112 1289 2365">
     <span class='ocr_line' id='line_1_23' title="bbox 206 2112 1289 2197; baseline 0.002 -20"><span class='ocrx_word' id='word_1_141' title='bbox 206 2115 305 2178; x_wconf 86' lang='lat' dir='ltr'>duxit.</span> <span class='ocrx_word' id='word_1_142' title='bbox 337 2114 451 2196; x_wconf 92' lang='lat' dir='ltr'>quibus</span> <span class='ocrx_word' id='word_1_143' title='bbox 472 2113 660 2196; x_wconf 80' lang='lat' dir='ltr'>interceptis</span> <span class='ocrx_word' id='word_1_144' title='bbox 681 2134 749 2177; x_wconf 90' lang='lat' dir='ltr'>non</span> <span class='ocrx_word' id='word_1_145' title='bbox 771 2116 842 2176; x_wconf 89' lang='lat' dir='ltr'>erat</span> <span class='ocrx_word' id='word_1_146' title='bbox 862 2112 995 2177; x_wconf 91' lang='lat' dir='ltr'>dubium</span> <span class='ocrx_word' id='word_1_147' title='bbox 1017 2115 1094 2197; x_wconf 94' lang='lat' dir='ltr'>quin</span> <span class='ocrx_word' id='word_1_148' title='bbox 1120 2114 1181 2179; x_wconf 75' lang='lat' dir='ltr'>ra·</span> <span class='ocrx_word' id='word_1_149' title='bbox 1288 2131 1289 2140; x_wconf 50' lang='lat'><strong>³</strong></span> 
     </span>
     <span class='ocr_line' id='line_1_24' title="bbox 205 2197 1289 2282; baseline 0.006 -21"><span class='ocrx_word' id='word_1_150' title='bbox 205 2199 276 2262; x_wconf 91' lang='lat' dir='ltr'>lisci</span> <span class='ocrx_word' id='word_1_151' title='bbox 304 2197 449 2280; x_wconf 87' lang='lat' dir='ltr'>deposita</span> <span class='ocrx_word' id='word_1_152' title='bbox 480 2197 558 2261; x_wconf 88' lang='lat' dir='ltr'>belli</span> <span class='ocrx_word' id='word_1_153' title='bbox 590 2197 724 2282; x_wconf 86' lang='lat' dir='ltr'>gerendi</span> <span class='ocrx_word' id='word_1_154' title='bbox 753 2197 933 2280; x_wconf 85' lang='lat' dir='ltr'>pertinacia</span> <span class='ocrx_word' id='word_1_155' title='bbox 960 2198 1112 2262; x_wconf 87' lang='lat' dir='ltr'>tradituri</span> <span class='ocrx_word' id='word_1_156' title='bbox 1143 2221 1180 2266; x_wconf 85' lang='lat' dir='ltr'>se</span> <span class='ocrx_word' id='word_1_157' title='bbox 1288 2261 1289 2268; x_wconf 71' lang='grc'>,</span> 
     </span>
     <span class='ocr_line' id='line_1_25' title="bbox 206 2283 1289 2365; baseline 0.002 -19"><span class='ocrx_word' id='word_1_158' title='bbox 206 2286 318 2346; x_wconf 90' lang='lat' dir='ltr'>nostro</span> <span class='ocrx_word' id='word_1_159' title='bbox 339 2283 526 2365; x_wconf 85' lang='lat' dir='ltr'>imperatori</span> <span class='ocrx_word' id='word_1_160' title='bbox 549 2286 664 2347; x_wconf 88' lang='lat' dir='ltr'>essent.</span> <span class='ocrx_word' id='word_1_161' title='bbox 708 2303 746 2345; x_wconf 88' lang='lat' dir='ltr'>ea</span> <span class='ocrx_word' id='word_1_162' title='bbox 772 2303 807 2345; x_wconf 93' lang='lat' dir='ltr'>re</span> <span class='ocrx_word' id='word_1_163' title='bbox 835 2285 967 2346; x_wconf 89' lang='lat' dir='ltr'>senatus</span> <span class='ocrx_word' id='word_1_164' title='bbox 994 2284 1120 2347; x_wconf 84' lang='lat' dir='ltr'>censuit</span> <span class='ocrx_word' id='word_1_165' title='bbox 1142 2289 1183 2348; x_wconf 88' lang='lat' dir='ltr'>ut</span> <span class='ocrx_word' id='word_1_166' title='bbox 1288 2353 1289 2364; x_wconf 16' lang='grc' dir='ltr'>ἢ</span> 
     </span>
    </p>
   </div>
   <div class='ocr_carea' id='block_1_9' title="bbox 167 2365 1289 2874">
    <p class='ocr_par' dir='ltr' id='par_1_11' title="bbox 168 2365 1289 2789">
     <span class='ocr_line' id='line_1_26' title="bbox 168 2365 1181 2452; baseline 0.007 -27"><span class='ocrx_word' id='word_1_167' title='bbox 168 2384 192 2425; x_wconf 80' lang='lat' dir='ltr'>es</span> <span class='ocrx_word' id='word_1_168' title='bbox 205 2367 297 2451; x_wconf 90' lang='lat' dir='ltr'>pueri</span> <span class='ocrx_word' id='word_1_169' title='bbox 319 2367 462 2430; x_wconf 89' lang='lat' dir='ltr'>uinctum</span> <span class='ocrx_word' id='word_1_170' title='bbox 478 2367 670 2452; x_wconf 80' lang='lat' dir='ltr'>magistrum</span> <span class='ocrx_word' id='word_1_171' title='bbox 684 2366 786 2450; x_wconf 87' lang='lat' dir='ltr'>uirgis</span> <span class='ocrx_word' id='word_1_172' title='bbox 803 2365 973 2430; x_wconf 83' lang='lat' dir='ltr'>caedentes</span> <span class='ocrx_word' id='word_1_173' title='bbox 987 2367 1023 2432; x_wconf 91' lang='lat' dir='ltr'>in</span> <span class='ocrx_word' id='word_1_174' title='bbox 1037 2368 1181 2450; x_wconf 87' lang='lat' dir='ltr'>patriam</span> 
     </span>
     <span class='ocr_line' id='line_1_27' title="bbox 205 2450 1179 2536; baseline 0.001 -21"><span class='ocrx_word' id='word_1_175' title='bbox 205 2451 455 2516; x_wconf 88' lang='lat' dir='ltr'>remitterentur.</span> <span class='ocrx_word' id='word_1_176' title='bbox 497 2473 560 2535; x_wconf 85' lang='lat' dir='ltr'>qua</span> <span class='ocrx_word' id='word_1_177' title='bbox 581 2452 705 2515; x_wconf 89' lang='lat' dir='ltr'>iustitia</span> <span class='ocrx_word' id='word_1_178' title='bbox 726 2450 826 2514; x_wconf 88' lang='lat' dir='ltr'>animi</span> <span class='ocrx_word' id='word_1_179' title='bbox 849 2472 958 2514; x_wconf 89' lang='lat' dir='ltr'>eorum</span> <span class='ocrx_word' id='word_1_180' title='bbox 981 2455 1058 2516; x_wconf 88' lang='lat' dir='ltr'>suut</span> <span class='ocrx_word' id='word_1_181' title='bbox 1079 2457 1179 2536; x_wconf 84' lang='lat' dir='ltr'>capti,</span> 
     </span>
     <span class='ocr_line' id='line_1_28' title="bbox 228 2537 1289 2620; baseline 0.002 -21"><span class='ocrx_word' id='word_1_182' title='bbox 228 2557 340 2600; x_wconf 90' lang='lat' dir='ltr'>uorum</span> <span class='ocrx_word' id='word_1_183' title='bbox 373 2537 502 2601; x_wconf 90' lang='lat' dir='ltr'>moenia</span> <span class='ocrx_word' id='word_1_184' title='bbox 534 2538 713 2620; x_wconf 85' lang='lat' dir='ltr'>expugnari</span> <span class='ocrx_word' id='word_1_185' title='bbox 744 2555 810 2598; x_wconf 91' lang='lat' dir='ltr'>uon</span> <span class='ocrx_word' id='word_1_186' title='bbox 839 2538 1003 2618; x_wconf 87' lang='lat' dir='ltr'>poterant:</span> <span class='ocrx_word' id='word_1_187' title='bbox 1037 2558 1113 2600; x_wconf 86' lang='lat' dir='ltr'>nam</span> <span class='ocrx_word' id='word_1_188' title='bbox 1138 2558 1181 2602; x_wconf 85' lang='lat' dir='ltr'>ue</span> <span class='ocrx_word' id='word_1_189' title='bbox 1288 2545 1289 2570; x_wconf 51' lang='lat' dir='ltr'>l</span> 
     </span>
     <span class='ocr_line' id='line_1_29' title="bbox 205 2558 1180 2704; baseline 0 -19"><span class='ocrx_word' id='word_1_190' title='bbox 205 2558 324 2685; x_wconf 58' lang='lat' dir='ltr'>lalisci</span> <span class='ocrx_word' id='word_1_191' title='bbox 346 2621 501 2685; x_wconf 88' lang='lat' dir='ltr'>beneficio</span> <span class='ocrx_word' id='word_1_192' title='bbox 524 2621 627 2704; x_wconf 85' lang='lat' dir='ltr'>magis</span> <span class='ocrx_word' id='word_1_193' title='bbox 649 2641 744 2703; x_wconf 84' lang='lat' dir='ltr'>quam</span> <span class='ocrx_word' id='word_1_194' title='bbox 767 2621 865 2683; x_wconf 89' lang='lat' dir='ltr'>armis</span> <span class='ocrx_word' id='word_1_195' title='bbox 886 2619 966 2684; x_wconf 89' lang='lat' dir='ltr'>uicti</span> <span class='ocrx_word' id='word_1_196' title='bbox 987 2625 1097 2704; x_wconf 88' lang='lat' dir='ltr'>portas</span> <span class='ocrx_word' id='word_1_197' title='bbox 1112 2558 1180 2686; x_wconf 55' lang='lat' dir='ltr'>bo-</span> 
     </span>
     <span class='ocr_line' id='line_1_30' title="bbox 205 2707 536 2789; baseline -0.006 -19"><span class='ocrx_word' id='word_1_198' title='bbox 205 2707 308 2770; x_wconf 87' lang='lat' dir='ltr'>manis</span> <span class='ocrx_word' id='word_1_199' title='bbox 331 2707 536 2789; x_wconf 86' lang='lat' dir='ltr'>aperueruut.</span> 
     </span>
    </p>

    <p class='ocr_par' dir='ltr' id='par_1_12' title="bbox 167 2787 1178 2874">
     <span class='ocr_line' id='line_1_31' title="bbox 167 2787 1178 2874; baseline 0.007 -26"><span class='ocrx_word' id='word_1_200' title='bbox 167 2805 192 2848; x_wconf 82' lang='lat' dir='ltr'>so</span> <span class='ocrx_word' id='word_1_201' title='bbox 270 2789 392 2854; x_wconf 80' lang='lat' dir='ltr'>Eadem</span> <span class='ocrx_word' id='word_1_202' title='bbox 429 2790 541 2853; x_wconf 86' lang='lat' dir='ltr'>ciuitas</span> <span class='ocrx_word' id='word_1_203' title='bbox 578 2789 773 2873; x_wconf 84' lang='lat' dir='ltr'>aliquotiens</span> <span class='ocrx_word' id='word_1_204' title='bbox 809 2787 996 2853; x_wconf 87' lang='lat' dir='ltr'>rebellando</span> <span class='ocrx_word' id='word_1_205' title='bbox 1034 2811 1178 2874; x_wconf 87' lang='lat' dir='ltr'>semper·</span> 
     </span>
    </p>
   </div>
   <div class='ocr_carea' id='block_1_10' title="bbox 204 2956 1289 3500">
    <p class='ocr_par' dir='ltr' id='par_1_13' title="bbox 204 2956 1289 3500">
     <span class='ocr_line' id='line_1_32' title="bbox 276 2956 1178 3078; baseline 0.001 -67"><span class='ocrx_word' id='word_1_206' title='bbox 276 2963 289 3011; x_wconf 87' lang='lat'>1</span> <span class='ocrx_word' id='word_1_207' title='bbox 309 2956 460 3011; x_wconf 84' lang='lat' dir='ltr'>obtabilior</span> <span class='ocrx_word' id='word_1_208' title='bbox 476 2959 515 3011; x_wconf 85' lang='lat' dir='ltr'>A¹</span> <span class='ocrx_word' id='word_1_209' title='bbox 532 2959 576 3078; x_wconf 56' lang='lat' dir='ltr'>qt</span> <span class='ocrx_word' id='word_1_210' title='bbox 594 2956 644 3010; x_wconf 86' lang='lat' dir='ltr'>sed</span> <span class='ocrx_word' id='word_1_211' title='bbox 661 2971 719 3018; x_wconf 79' lang='lat' dir='ltr'>uos,</span> <span class='ocrx_word' id='word_1_212' title='bbox 738 2971 789 3010; x_wconf 88' lang='lat' dir='ltr'>om.</span> <span class='ocrx_word' id='word_1_213' title='bbox 808 2957 855 3019; x_wconf 80' lang='lat' dir='ltr'>L¹‚</span> <span class='ocrx_word' id='word_1_214' title='bbox 875 2959 905 3010; x_wconf 90' lang='lat' dir='ltr'>et</span> <span class='ocrx_word' id='word_1_215' title='bbox 922 2956 992 3012; x_wconf 68' lang='lat' dir='ltr'>L’A</span> <span class='ocrx_word' id='word_1_216' title='bbox 1013 2957 1024 3025; x_wconf 85' lang='grc' dir='ltr'>ΙΙ</span> <span class='ocrx_word' id='word_1_217' title='bbox 1041 2963 1056 3011; x_wconf 88' lang='grc'><strong>7</strong></span> <span class='ocrx_word' id='word_1_218' title='bbox 1074 2957 1178 3026; x_wconf 83' lang='lat' dir='ltr'>petitio</span> 
     </span>
     <span class='ocr_line' id='line_1_33' title="bbox 205 3025 1177 3094; baseline -0.001 -14"><span class='ocrx_word' id='word_1_219' title='bbox 205 3027 243 3080; x_wconf 89' lang='lat' dir='ltr'>L¹</span> <span class='ocrx_word' id='word_1_220' title='bbox 256 3026 266 3094; x_wconf 82' lang='grc' dir='ltr'>ΙΙ</span> <span class='ocrx_word' id='word_1_221' title='bbox 281 3031 311 3079; x_wconf 89' lang='grc'>11</span> <span class='ocrx_word' id='word_1_222' title='bbox 329 3025 444 3079; x_wconf 80' lang='lat' dir='ltr'>titulum</span> <span class='ocrx_word' id='word_1_223' title='bbox 461 3039 512 3078; x_wconf 82' lang='lat' dir='ltr'>om.</span> <span class='ocrx_word' id='word_1_224' title='bbox 562 3025 627 3090; x_wconf 56' lang='grc' dir='ltr'>1Αἱ,</span> <span class='ocrx_word' id='word_1_225' title='bbox 644 3025 735 3093; x_wconf 79' lang='lat' dir='ltr'>suppl.</span> <span class='ocrx_word' id='word_1_226' title='bbox 753 3025 792 3077; x_wconf 80' lang='lat' dir='ltr'>L⁸</span> <span class='ocrx_word' id='word_1_227' title='bbox 811 3030 836 3078; x_wconf 80' lang='lat' dir='ltr'>et</span> <span class='ocrx_word' id='word_1_228' title='bbox 852 3040 948 3094; x_wconf 75' lang='lat' dir='ltr'>marqo</span> <span class='ocrx_word' id='word_1_229' title='bbox 967 3025 995 3079; x_wconf 82' lang='lat' dir='ltr'><em>A</em></span> <span class='ocrx_word' id='word_1_230' title='bbox 1012 3027 1023 3093; x_wconf 78' lang='grc' dir='ltr'>ΙΙ</span> <span class='ocrx_word' id='word_1_231' title='bbox 1043 3031 1074 3078; x_wconf 80' lang='grc'>19</span> <span class='ocrx_word' id='word_1_232' title='bbox 1093 3025 1177 3080; x_wconf 78' lang='lat' dir='ltr'>Fale—</span> 
     </span>
     <span class='ocr_line' id='line_1_34' title="bbox 205 3092 1289 3214; baseline 0 -68"><span class='ocrx_word' id='word_1_233' title='bbox 205 3094 275 3214; x_wconf 60' lang='lat' dir='ltr'>riosp</span> <span class='ocrx_word' id='word_1_234' title='bbox 296 3109 317 3147; x_wconf 87' lang='lat' dir='ltr'>s.</span> <span class='ocrx_word' id='word_1_235' title='bbox 336 3093 353 3147; x_wconf 87' lang='lat' dir='ltr'>l.</span> <span class='ocrx_word' id='word_1_236' title='bbox 372 3092 439 3146; x_wconf 85' lang='lat' dir='ltr'>add.</span> <span class='ocrx_word' id='word_1_237' title='bbox 461 3093 573 3147; x_wconf 84' lang='lat' dir='ltr'>faliscos</span> <span class='ocrx_word' id='word_1_238' title='bbox 590 3092 629 3145; x_wconf 81' lang='lat' dir='ltr'>L³</span> <span class='ocrx_word' id='word_1_239' title='bbox 650 3093 663 3213; x_wconf 62' lang='lat' dir='ltr'>q</span> <span class='ocrx_word' id='word_1_240' title='bbox 684 3093 934 3193; x_wconf 68' lang='lat' dir='ltr'>circumsedentem</span> <span class='ocrx_word' id='word_1_241' title='bbox 952 3093 1001 3194; x_wconf 39' lang='grc' dir='ltr'>ἧι,</span> <span class='ocrx_word' id='word_1_242' title='bbox 1020 3093 1178 3197; x_wconf 87' lang='lat' dir='ltr'>¹circumsi-</span> <span class='ocrx_word' id='word_1_243' title='bbox 1288 3167 1289 3170; x_wconf 7' lang='grc' dir='ltr'><strong>Ἴ</strong></span> 
     </span>
     <span class='ocr_line' id='line_1_35' title="bbox 204 3159 1179 3306; baseline -0.002 -24"><span class='ocrx_word' id='word_1_244' title='bbox 204 3160 551 3306; x_wconf 59' lang='lat' dir='ltr'>lilalsiiffiilld</span> <span class='ocrx_word' id='word_1_245' title='bbox 564 3161 651 3294; x_wconf 62' lang='lat' dir='ltr'>lib</span> <span class='ocrx_word' id='word_1_246' title='bbox 665 3160 824 3282; x_wconf 62' lang='lat' dir='ltr'>iidiudmi</span> <span class='ocrx_word' id='word_1_247' title='bbox 834 3159 926 3280; x_wconf 62' lang='lat' dir='ltr'>”iiii</span> <span class='ocrx_word' id='word_1_248' title='bbox 938 3159 1016 3296; x_wconf 67' lang='lat' dir='ltr'>iisd</span> <span class='ocrx_word' id='word_1_249' title='bbox 1026 3162 1179 3305; x_wconf 59' lang='lat' dir='ltr'>aliiioii‘ii</span> 
     </span>
     <span class='ocr_line' id='line_1_36' title="bbox 205 3295 1178 3416; baseline 0 -68"><span class='ocrx_word' id='word_1_250' title='bbox 205 3295 241 3361; x_wconf 85' lang='lat' dir='ltr'>L,</span> <span class='ocrx_word' id='word_1_251' title='bbox 262 3296 410 3364; x_wconf 78' lang='lat' dir='ltr'>ahquouos</span> <span class='ocrx_word' id='word_1_252' title='bbox 428 3297 467 3349; x_wconf 77' lang='grc' dir='ltr'>Α1</span> <span class='ocrx_word' id='word_1_253' title='bbox 480 3297 490 3365; x_wconf 89' lang='lat' dir='ltr'>l</span> <span class='ocrx_word' id='word_1_254' title='bbox 503 3295 676 3364; x_wconf 85' lang='lat' dir='ltr'>rebellando]</span> <span class='ocrx_word' id='word_1_255' title='bbox 679 3299 756 3416; x_wconf 61' lang='grc' dir='ltr'>ἃροει</span> <span class='ocrx_word' id='word_1_256' title='bbox 772 3295 799 3351; x_wconf 80' lang='lat' dir='ltr'>h.</span> <span class='ocrx_word' id='word_1_257' title='bbox 817 3311 847 3350; x_wconf 78' lang='lat' dir='ltr'>u.</span> <span class='ocrx_word' id='word_1_258' title='bbox 864 3295 956 3362; x_wconf 79' lang='lat' dir='ltr'>suppl.</span> <span class='ocrx_word' id='word_1_259' title='bbox 974 3296 1107 3349; x_wconf 80' lang='lat' dir='ltr'>hostilem</span> <span class='ocrx_word' id='word_1_260' title='bbox 1118 3312 1178 3349; x_wconf 83' lang='lat' dir='ltr'>anr-</span> 
     </span>
     <span class='ocr_line' id='line_1_37' title="bbox 205 3361 1179 3431; baseline 0.004 -17"><span class='ocrx_word' id='word_1_261' title='bbox 205 3379 283 3415; x_wconf 88' lang='lat' dir='ltr'>mum</span> <span class='ocrx_word' id='word_1_262' title='bbox 294 3362 421 3431; x_wconf 85' lang='lat' dir='ltr'>professa</span> <span class='ocrx_word' id='word_1_263' title='bbox 432 3363 478 3417; x_wconf 82' lang='lat' dir='ltr'>uel</span> <span class='ocrx_word' id='word_1_264' title='bbox 487 3363 577 3417; x_wconf 77' lang='lat' dir='ltr'>simile</span> <span class='ocrx_word' id='word_1_265' title='bbox 587 3363 678 3431; x_wconf 78' lang='lat' dir='ltr'>aliqui</span> <span class='ocrx_word' id='word_1_266' title='bbox 709 3361 791 3416; x_wconf 71' lang='lat' dir='ltr'>Gertz</span> <span class='ocrx_word' id='word_1_267' title='bbox 799 3361 824 3426; x_wconf 60' lang='lat' dir='ltr'>t,</span> <span class='ocrx_word' id='word_1_268' title='bbox 838 3378 965 3418; x_wconf 76' lang='lat' dir='ltr'>mancam</span> <span class='ocrx_word' id='word_1_269' title='bbox 974 3363 1047 3418; x_wconf 76' lang='lat' dir='ltr'>euim</span> <span class='ocrx_word' id='word_1_270' title='bbox 1057 3378 1179 3418; x_wconf 65' lang='lat' dir='ltr'>mesere-</span> 
     </span>
     <span class='ocr_line' id='line_1_38' title="bbox 207 3429 1178 3500; baseline 0.005 -18"><span class='ocrx_word' id='word_1_271' title='bbox 207 3429 325 3482; x_wconf 80' lang='lat' dir='ltr'>teutiom</span> <span class='ocrx_word' id='word_1_272' title='bbox 343 3433 368 3482; x_wconf 83' lang='lat' dir='ltr'>et</span> <span class='ocrx_word' id='word_1_273' title='bbox 384 3431 530 3484; x_wconf 80' lang='lat' dir='ltr'>uerborum</span> <span class='ocrx_word' id='word_1_274' title='bbox 547 3431 716 3486; x_wconf 71' lang='lat' dir='ltr'>tunderem.</span> <span class='ocrx_word' id='word_1_275' title='bbox 752 3446 791 3483; x_wconf 79' lang='lat' dir='ltr'>au</span> <span class='ocrx_word' id='word_1_276' title='bbox 811 3429 881 3494; x_wconf 80' lang='lat' dir='ltr'>Vct,</span> <span class='ocrx_word' id='word_1_277' title='bbox 901 3435 933 3484; x_wconf 84' lang='lat' dir='ltr'>ut</span> <span class='ocrx_word' id='word_1_278' title='bbox 955 3431 1031 3498; x_wconf 84' lang='lat' dir='ltr'>solet,</span> <span class='ocrx_word' id='word_1_279' title='bbox 1059 3430 1178 3500; x_wconf 71' lang='lat' dir='ltr'>peremit.</span> 
     </span>
    </p>
   </div>
   <div class='ocr_carea' id='block_1_11' title="bbox 209 3494 1289 3566">
    <p class='ocr_par' dir='ltr' id='par_1_14' title="bbox 209 3494 1289 3566">
     <span class='ocr_line' id='line_1_39' title="bbox 209 3494 1289 3566; baseline 0.006 -18"><span class='ocrx_word' id='word_1_280' title='bbox 209 3494 295 3548; x_wconf 82' lang='lat' dir='ltr'>oblat.</span> <span class='ocrx_word' id='word_1_281' title='bbox 309 3510 363 3561; x_wconf 76' lang='lat' dir='ltr'>pro</span> <span class='ocrx_word' id='word_1_282' title='bbox 377 3497 480 3561; x_wconf 73' lang='lat' dir='ltr'>partic.</span> <span class='ocrx_word' id='word_1_283' title='bbox 493 3512 587 3564; x_wconf 81' lang='lat' dir='ltr'>praes.</span> <span class='ocrx_word' id='word_1_284' title='bbox 604 3499 698 3566; x_wconf 82' lang='lat' dir='ltr'>posuit</span> <span class='ocrx_word' id='word_1_285' title='bbox 716 3502 747 3550; x_wconf 82' lang='lat' dir='ltr'>ut</span> <span class='ocrx_word' id='word_1_286' title='bbox 762 3500 903 3564; x_wconf 77' lang='lat' dir='ltr'>p.41,19;</span> <span class='ocrx_word' id='word_1_287' title='bbox 920 3501 1020 3564; x_wconf 81' lang='lat'><em>76,10;</em></span> <span class='ocrx_word' id='word_1_288' title='bbox 1032 3501 1097 3564; x_wconf 81' lang='lat'><strong><em>77,4</em></strong></span> <span class='ocrx_word' id='word_1_289' title='bbox 1109 3498 1180 3554; x_wconf 80' lang='lat' dir='ltr'>etc?</span> <span class='ocrx_word' id='word_1_290' title='bbox 1288 3519 1289 3532; x_wconf 58' lang='lat'>¹</span> 
     </span>
    </p>
   </div>
   <div class='ocr_carea' id='block_1_12' title="bbox 0 0 1322 3952">
    <p class='ocr_par' dir='ltr' id='par_1_15' title="bbox 0 0 1322 3952">
     <span class='ocr_line' id='line_1_40' title="bbox 0 0 1322 3952; baseline 0 0"><span class='ocrx_word' id='word_1_291' title='bbox 0 0 1322 3952; x_wconf 95' lang='lat' dir='ltr'> </span> 
     </span>
    </p>
   </div>
  </div>
 </body>
</html>
