2550 3958
204 101 270 166 482
421 97 490 152 ΜΒ.
507 98 529 152 1.
561 97 638 152 cnr.
653 104 677 162 r,
691 101 766 152 e-s.
797 96 861 151 uxr.
876 103 953 153 1-a

203 256 305 316 fratris
335 253 466 332 effigiem
492 254 569 314 uidit
595 252 744 314 dicentem
774 255 857 313 nullo
885 255 977 315 modo
1004 275 1106 331 posse
1130 278 1195 317 eum

204 343 302 400 uitare
330 358 368 398 ne
396 357 431 398 eo
453 339 516 398 fato
537 340 662 414 periret,
692 356 752 414 quo
779 339 842 414 ipse
863 340 1036 414 propulsus
1060 362 1082 400 a
1109 341 1195 419 Capi·

203 425 277 485 tolio
300 424 467 484 occidisset.

171 518 186 568 l
269 507 388 569 Cassius
410 505 579 566 Parmensis
600 507 680 582 apud
695 506 817 566 Actium
830 506 961 566 Antonii
983 509 1105 569 fractis
1131 513 1192 587 opi·

204 596 276 668 bus,
305 613 373 654 oum
400 595 478 654 esset
505 593 637 666 partium
666 592 744 665 eius,
773 592 906 651 Athenas
936 593 1099 670 confugit.
1155 596 1210 654 ibis

204 697 308 739 somno
334 695 453 753 pressus
480 676 664 735 existimauit
696 677 733 734 ad
761 695 792 734 se
818 676 920 734 uenire
947 677 1119 738 hominem
1149 682 1193 738 in-

204 763 304 841 gentis
331 757 562 838 magnitudinis,
597 761 702 819 coloris
724 761 820 836 nigri,
854 760 1044 836 squalidum.
1096 764 1192 824 iuter·

206 850 344 924 rogatum
366 847 503 922 quisnam
525 848 603 904 esset
624 845 812 920 respondisse
834 840 929 902 κακὸν
950 842 1107 920 δαίμονα.
1140 850 1192 908 hoe

206 932 307 992 eadam
329 935 418 990 nocte
440 949 508 990 eum
528 929 639 988 iterum
661 931 844 1000 somniasset,
861 933 1037 1005 †praesens
1062 933 1190 992 habuit:

204 1036 275 1077 nam
296 1017 377 1075 inter
398 1015 473 1073 hano
495 1017 614 1073 noctem
636 1015 667 1072 et
689 1014 867 1090 supplicium
890 1014 1007 1090 capitis,
1034 1035 1103 1092 quo
1122 1034 1216 1076 eumn

206 1100 313 1160 Caesar
334 1098 458 1169 adiecit,
480 1117 607 1172 paruum
628 1100 772 1174 temporis
793 1097 941 1158 interfuit.

172 1191 188 1241 8
270 1183 345 1242 Cum
367 1181 581 1258 gladiatorium
603 1201 712 1242 munus
728 1183 884 1260 Syracusis
906 1182 1063 1256 ederetur,
1089 1185 1191 1245 Hatu·

206 1269 269 1328 rius
294 1265 390 1325 Rufus
411 1268 443 1325 in
465 1266 565 1342 quiete
587 1269 687 1327 retiari
703 1285 734 1326 se
748 1286 841 1326 manu
856 1267 974 1326 confodi
991 1268 1087 1344 uidit,
1107 1269 1190 1346 quod

207 1356 238 1412 et
259 1351 382 1411 accidit:
415 1355 583 1428 spectatum
605 1353 773 1411 enimcum
796 1351 921 1422 abisset,
945 1371 962 1410 a
984 1353 1138 1433 retiario,
1161 1356 1191 1413 iu

206 1438 328 1513 podium
357 1436 470 1496 deiecto
498 1437 702 1514 myrmillone,
732 1438 868 1511 spectans
895 1436 1051 1495 adtentius
1083 1439 1217 1515 gladios

207 1521 343 1580 ferientis
363 1522 510 1581 iacentem
532 1539 690 1596 percussus
712 1520 835 1579 interiit.

156 1613 210 1652 ³¹2·
274 1605 425 1665 Hannibal
453 1606 639 1665 existimatur
665 1607 698 1665 in
727 1605 838 1664 somnis
863 1603 975 1662 uidisse
997 1605 1152 1667 iuuenem
1174 1629 1191 1668 a

175 1669 280 1751 1Ioue
307 1691 432 1750 missum
460 1691 498 1749 ad
526 1707 556 1748 se
579 1693 789 1766 auctoremque
811 1690 923 1748 factum
946 1707 979 1748 ac
1004 1690 1119 1750 ducem
1144 1694 1188 1752 in-

207 1775 364 1834 uadundae
378 1775 493 1834 Italiae.
526 1778 596 1850 post
618 1776 707 1850 paulo
728 1775 897 1832 inmensum
913 1774 1110 1849 conspexisse
1127 1795 1188 1836 ser·

207 1862 326 1935 pentem
349 1860 495 1919 concitato
517 1860 632 1934 impetu
648 1877 743 1935 omne,
767 1856 909 1934 quicquid
924 1858 1050 1917 obuium
1068 1861 1214 1930 saerata

208 1945 419 2020 proterentem.
443 1945 612 2003 adtonitum
628 1943 735 2002 deinde
750 1943 892 2019 quidnam
907 1943 938 2000 id
953 1945 1034 2002 esset
1049 1947 1186 2006 monstri

207 2028 406 2102 interrogasse
428 2028 581 2104 iuuenem,
606 2046 731 2104 eumque
752 2026 931 2104 respondere
952 2023 1073 2086 ‘Italiae
1099 2032 1187 2090 uides

207 2110 394 2168 uastitatem:
416 2112 542 2186 proinde
565 2113 619 2172 sile
641 2115 672 2171 et
693 2115 790 2172 cetera
811 2111 910 2171 tacitis
923 2111 1069 2187 permitte
1087 2115 1185 2175 fatis’.

175 2206 190 2254 2
272 2192 440 2254 Alexander
463 2196 522 2254 dux
537 2197 727 2257 Macedoniae
749 2215 802 2272 per
817 2197 947 2272 quietem
964 2195 1030 2255 uisa
1045 2195 1186 2274 imagine

178 2341 183 2352 ,
208 2279 413 2354 praemonitus
440 2285 486 2340 est
511 2284 547 2339 ut
567 2281 648 2341 uitae
671 2299 740 2340 suae
763 2283 862 2340 custos
884 2283 977 2340 esset:
1009 2298 1084 2339 nam
1110 2283 1214 2344 Cas-e

210 2362 310 2421 sandri
338 2365 510 2439 pestiferam
538 2366 595 2426 sibi
618 2365 755 2426 dextram
777 2366 893 2424 somnio
915 2365 998 2440 prius
1021 2370 1185 2442 cognouit.

209 2450 274 2508 erat
302 2452 400 2509 sutem
428 2450 583 2527 Antipatri
615 2449 693 2509 filius
727 2449 892 2509 Cassander
923 2451 1045 2525 ignotus
1081 2453 1185 2512 adhue

209 2532 390 2593 Alexandro.

176 2629 191 2677 3
275 2617 456 2691 Simonides,
485 2637 552 2679 oum
579 2618 617 2678 ad
639 2619 711 2678 litus
733 2619 880 2695 nauigans
902 2617 1070 2693 adpulisset
1093 2620 1184 2680 inhu-

209 2705 382 2778 matumque
405 2722 510 2779 corpus
532 2704 631 2764 iacens
653 2704 824 2780 sepulturas
840 2703 981 2779 dedisset,
1004 2702 1215 2765 admonitusao

209 2791 257 2846 est
281 2788 318 2846 ab
334 2806 369 2847 eo
383 2807 422 2848 ne
436 2789 571 2863 proximo
594 2788 642 2847 die
665 2789 837 2866 nauigaret:
859 2790 992 2847 futuram
1007 2788 1089 2847 enim
1105 2793 1182 2850 tem·

210 2874 372 2948 pestatem,
395 2873 476 2948 quod
498 2875 527 2932 et
548 2872 666 2932 accidit.

175 2966 192 3014 4
275 2955 415 3032 Croesus,
444 2974 510 3015 cum
540 2957 613 3015 duos
639 2956 716 3016 filios
738 2959 875 3030 haberet,
904 2956 1002 3016 cidere
1023 2957 1110 3016 uisus
1136 2965 1181 3020 est

278 3073 293 3121 2
311 3068 382 3138 fato]
404 3069 469 3123 odd.
488 3069 520 3122 irc
537 3071 622 3139 oiorp.
640 3074 659 3124 i
677 3071 720 3139 (=
732 3071 798 3137 non)
820 3071 830 3138 ΙΙ
854 3076 869 3124 9
887 3069 991 3122 iterum
1009 3070 1180 3127 somniasset

211 3135 318 3202 Germ
336 3136 555 3205 persomniasset
573 3136 639 3202 ccci,
658 3140 703 3192 ter
719 3152 806 3195 somn.
824 3137 933 3204 Halmii
946 3153 984 3189 an
1000 3137 1178 3194 scribendum

209 3204 388 3271 praesens<it
404 3206 511 3258 exitum
530 3203 636 3277 quem>
654 3205 765 3268 habuit,
794 3205 904 3258 marcuit
946 3219 1057 3258 raesens
1075 3204 1178 3262 habuit

209 3271 353 3340 <fatum>r
363 3288 429 3325 nam
441 3272 540 3326 Gener
553 3273 563 3341 ΙΙ
578 3280 605 3326 11
617 3290 717 3343 parum
726 3273 790 3328 Mai
801 3273 811 3341 ll
826 3279 856 3326 12
868 3272 916 3342 gla
939 3272 1056 3326 'atorum
1069 3272 1080 3339 ΙΙ
1097 3279 1126 3327 l'l
1139 3292 1179 3330 oo

211 3338 384 3392 existimauit
401 3356 415 3393 e
430 3339 512 3395 rai?
525 3342 535 3409 ΙΙ
552 3349 584 3395 23
603 3343 653 3396 sile
672 3344 701 3396 et
720 3343 799 3410 (corr.
819 3357 833 3395 e
850 3341 888 3394 sit
905 3340 954 3406 eri)
979 3340 988 3406 ΙΙ
1012 3340 1172 3410 promittet

209 3406 416 3522 iirgaiffder
433 3412 496 3462 cal
518 3411 527 3475 ΙΙ
548 3415 580 3462 33
599 3410 696 3463 uidere
714 3424 775 3475 nos,
803 3424 853 3468 cm.
872 3409 930 3467 cod,
950 3412 975 3463 et
992 3407 1093 3472 Halm,
1117 3425 1176 3464 cer·

346 3488 358 3522 a
