2606 3952
194 113 235 180 74
611 107 678 163 ers.
696 108 732 169 11.

193 264 298 328 stinus
320 263 486 328 restitutus
509 265 541 327 et
563 261 696 326 huiusce
711 261 800 326 lusus
816 263 865 326 ius
882 266 931 326 est
946 263 1064 326 datum.
1091 283 1164 346 per-

193 369 342 412 sonarum
375 369 452 412 usus
490 347 644 431 pudorem
677 348 915 412 circumuentae
951 347 1163 412 temulentiae

196 453 325 498 eausam
343 432 450 498 babet.

255 517 291 590 5.,
309 516 385 582 Fuit
400 517 497 581 etiarn
520 516 577 582 illa
600 515 789 599 simplicitas
812 516 1019 600 antiquorum
1040 517 1075 580 in
1091 516 1164 582 cibo

167 602 347 687 acapiendo
374 600 585 666 humanitatis
615 601 712 665 simul
739 604 771 664 et
805 601 1024 666 continentiae
1053 603 1163 666 certis·

194 689 277 752 sima
299 688 412 752 index:
439 708 516 751 nam
539 687 686 750 maximis
708 685 786 750 uiris
813 687 970 770 prandere
993 689 1026 751 et
1048 707 1164 752 cenare

193 773 229 837 in
272 771 419 856 ropatulo
448 771 659 836 uerecundiae
687 790 753 834 non
776 773 853 835 erat.
897 791 958 835 nec
983 792 1060 836 sana
1081 771 1164 836 ullas

195 794 305 940 epulas
327 856 492 921 habebant
530 875 609 939 quas
632 855 744 938 populi
767 855 867 920 oculis
890 856 1035 920 subicere
1052 856 1163 921 erube

194 944 330 1006 scerent.
354 944 446 1005 crant
468 905 547 1004 adeo
562 941 779 1004 continentiae
795 940 935 1019 adtenti,
957 944 994 1004 ut
1014 941 1164 1025 frequen·

154 1052 180 1092 ro
192 1027 257 1091 tior
279 1025 362 1110 apud
391 1045 445 1090 eos
474 1024 572 1107 pultis
601 1045 678 1090 usus
705 1046 802 1109 quam
828 1026 924 1108 panis
952 1030 1051 1108 esset,
1078 1025 1164 1090 ideo·

192 1132 255 1196 que
277 1112 311 1174 in
334 1110 499 1258 sacrissioiiss
519 1108 604 1174 mola
626 1131 708 1193 quae
730 1112 863 1258 utcsoatur
878 1131 917 1174 ex
935 1109 1022 1257 illm
1045 1113 1078 1174 et
1092 1110 1161 1260 'lile

192 1198 336 1363 iililila
357 1215 801 1363 pziuirtuifrirulssplrliilolilulir
833 1198 996 1363 elirirlilitiiss
1004 1216 1107 1344 ’eriiiir
1124 1216 1164 1344 lli

192 1364 376 1462 libamentis
398 1364 503 1429 uictus
526 1364 575 1427 sui
604 1363 680 1427 deos
702 1385 741 1428 eo
762 1364 925 1429 efficacius
952 1385 1015 1447 quo
1039 1365 1162 1448 simpli·

155 1474 180 1516 ιδ
196 1449 503 1600 muliplLetalglleilos
525 1531 654 1616 quidem
676 1533 716 1597 ad
738 1531 1002 1597 benefaciendum
1025 1555 1160 1598 uenera-

191 1619 319 1701 bantur,
343 1617 478 1683 Febrem
501 1622 608 1682 autem
631 1617 672 1681 ad
693 1617 800 1682 minus
821 1617 1000 1682 nocendum
1030 1619 1161 1702 templis

191 1704 349 1782 colebant,
371 1723 507 1787 quorum
523 1701 628 1766 adbuc
643 1723 742 1766 unum
760 1702 795 1766 in
811 1701 950 1784 Palatio,
974 1704 1111 1768 alterum
1126 1704 1161 1768 in

191 1810 265 1852 area
280 1787 501 1852 Marianorum
516 1790 809 1868 monumentorum,
832 1787 965 1851 tertium
979 1788 1014 1851 in
1036 1809 1161 1853 summa

154 1898 180 1939 ao
192 1876 283 1958 parte
306 1873 369 1937 uici
391 1871 482 1957 longi
505 1873 608 1952 extat,
632 1871 666 1935 in
689 1893 789 1954 eaque
810 1872 966 1950 remedia,
990 1893 1071 1956 quae
1093 1894 1162 1938 cor·

193 1955 1162 2126 {3¹³³lltzztt‘tttllttllzfttlrt‘sbtl‘altd

192 2148 270 2191 usus
292 2127 419 2191 ratione
441 2128 632 2210 excogitata.
675 2129 815 2190 ceterum
830 2126 1053 2192 salubritatem
1067 2148 1160 2192 auam
1274 2199 1277 2204 ,

194 2211 373 2276 industriae
397 2211 576 2274 certissimo
605 2231 642 2274 ec
664 2210 848 2274 fidelissimo
871 2211 1070 2276 munimento
1092 2219 1159 2276 tue·

154 2296 327 2378 rebantur,
354 2297 520 2379 bonaeque
548 2294 737 2360 ualitudinis
759 2316 868 2359 eorum
890 2296 981 2379 quasi
1003 2296 1160 2381 quaedam

191 2385 295 2446 mater
320 2383 390 2445 erat
416 2379 602 2465 frugalitas,
637 2381 767 2445 inimica
792 2379 965 2445 luxuriosis
994 2382 1097 2464 epulis
1127 2385 1159 2446 et

191 2466 296 2530 aliena
322 2465 442 2529 nimiae
470 2465 540 2528 uini
571 2464 785 2530 abundantiae
818 2468 852 2529 et
884 2465 926 2530 ab
958 2465 1158 2531 inmoderato

191 2551 319 2616 ueneris
341 2571 400 2614 usu
423 2569 543 2613 auersa.

253 2634 310 2703 VI.
349 2636 377 2701 1.
406 2633 495 2698 Idem
517 2634 618 2698 sensit
639 2634 788 2717 proxima
809 2635 967 2699 maiorum
991 2638 1160 2699 nostorum

257 2895 273 2943 2
291 2887 484 2958 circumuenta
506 2888 546 2958 (te
563 2887 596 2942 ia
612 2887 680 2955 ras.)
693 2887 720 2942 L
741 2888 751 2956 l
772 2893 788 2944 3
810 2903 837 2940 u.
855 2885 962 2941 habent
982 2902 1077 2958 maroc
1094 2889 1122 2941 A
1145 2904 1159 2944 e

189 2959 260 3016 Par.
278 2958 288 3026 l
305 2962 321 3011 8
339 2955 452 3026 *epulas
469 2961 500 3022 (a
517 2970 586 3010 eras
599 2955 675 3020 aid.)
688 2956 715 3008 A
736 2956 746 3023 ΙΙ
768 2962 783 3010 9
802 2954 992 3010 continentiae
1004 2955 1046 3024 E,
1072 2957 1160 3011 conti·

189 3027 290 3080 neuter
307 3024 389 3092 Lau
407 3023 570 3091 frequenter
581 3023 629 3090 A¹,
647 3028 741 3078 atnoe
752 3022 824 3078 LA'
840 3022 850 3090 ll
869 3028 899 3075 11
918 3023 1074 3078 uocabat-ur
1091 3024 1160 3092 LA,

191 3109 239 3148 een.
253 3093 300 3147 Ga
319 3097 379 3148 etas
396 3097 422 3146 et
434 3091 552 3158 Lipsiae
563 3091 573 3159 ΙΙ
593 3097 623 3146 13
640 3091 772 3160 primitiis
789 3090 936 3159 maryoA,
954 3095 979 3145 et
996 3091 1037 3145 sic
1053 3091 1161 3162 leyend.

191 3177 245 3216 esec
262 3109 338 3214 aliis
357 3159 440 3214 Gertz
453 3175 484 3227 p.
496 3161 550 3212 265
568 3159 627 3214 coll.
645 3159 678 3211 A
695 3158 764 3214 Gall.
778 3159 871 3226 praef.
882 3161 932 3224 13,
951 3158 1081 3228 primitur
1099 3159 1160 3214 LA

189 3228 277 3283 Halm
301 3229 311 3296 ΙΙ
335 3229 365 3281 et
386 3227 459 3292 LA,
483 3242 517 3280 ex
540 3227 604 3282 dett.
621 3226 708 3281 Halm
734 3227 745 3297 11
772 3232 804 3280 16
826 3225 940 3295 quidem
965 3226 1029 3295 (litt.
1056 3227 1161 3295 quiin

189 3296 258 3362 ras.)
275 3299 303 3349 A
323 3296 333 3363 ῃ
353 3293 579 3349 beneficiendum
596 3294 633 3347 A¹
661 3296 672 3373 ΙΙ
699 3299 731 3348 17
748 3293 858 3348 labrem
875 3293 922 3347 ael
938 3293 1064 3348 faebrem
1081 3295 1119 3348 A¹
1147 3297 1156 3364 ΙΙ

191 3369 223 3417 19
250 3363 422 3416 marinorum
448 3362 476 3414 A
500 3363 509 3440 u
536 3367 569 3416 24
595 3363 771 3416 munrmento
798 3361 825 3416 L
856 3365 882 3416 et
901 3361 1032 3432 Piybs'ue,
1058 3379 1160 3417 monu-

190 3432 285 3506 mento
302 3430 327 3480 A
343 3429 556 3548 lfflimffihlffl
567 3429 604 3482 Α1
619 3430 629 3497 ΙΙ
641 3429 750 3498 aepulis
761 3429 789 3484 L
801 3435 827 3484 et
838 3435 871 3483 at
881 3428 943 3484 aid.
956 3429 993 3484 A¹
1008 3429 1018 3499 l
1031 3435 1064 3486 29
1076 3431 1159 3499 proxi

190 3511 329 3550 marorum
