2604 3960
358 155 435 212 cAP.
452 155 473 225 1,
491 156 554 212 aaa.
570 161 621 223 §a
634 163 660 226 e,
679 156 714 222 11,
733 161 835 222 §r-a.
1026 161 1086 226 175

116 311 283 376 fenearum
306 309 403 374 etiam
425 309 582 375 acerbitas
603 308 752 394 deposita
773 309 909 374 candida
929 310 1085 378 relatione
1126 301 1130 311 ’

117 394 310 461 celebranda
332 397 390 458 est.

185 500 214 560 1.
245 493 291 560 M.
313 494 470 560 Aemilius
493 494 537 560 Le
560 495 646 577 idus,
676 495 724 559 bis
747 494 859 560 consul
885 498 918 559 et
939 496 1085 579 pontifex

116 581 276 646 maximus
299 580 524 664 splendorique
537 518 697 644 Bonorum
720 581 791 662 pari
806 581 891 643 uitae
912 580 1082 663 grauitate,

116 666 260 731 diutinas
275 685 314 730 ae
328 665 536 730 uehementes
551 665 739 730 inimicitias
755 685 827 728 cum
841 662 957 728 Fuluio
969 663 1110 730 Flaccos

117 749 259 815 eiusdem
275 749 495 834 amplitudinis
511 749 579 813 uiro
594 749 703 834 gessit.
738 770 828 834 quas,
851 751 888 813 ut
903 749 998 813 simul
1013 770 1084 814 cen·

116 856 205 900 sores
228 834 406 899 renuntiati
421 837 510 915 suut,
533 835 568 898 in
590 855 703 931 campo
727 833 876 917 deposuit
897 833 1084 898 existimans

116 941 184 984 non
208 922 356 1003 oportere
387 939 439 982 eos
461 918 598 1001 priuatis
625 918 804 982 immicitiis
832 916 983 982 dissidere
990 966 1000 1016 ἱ
1029 917 1085 1003 qui

116 1003 244 1089 publice
267 1024 391 1068 summa
413 1003 516 1066 iuneti
537 1006 647 1067 essent
667 1005 833 1085 potestate.
870 1002 903 1066 id
931 1002 1084 1067 iudrcium

115 1089 217 1153 animi
240 1089 307 1152 eius
336 1091 369 1152 et
393 1108 546 1170 praesens
574 1090 663 1150 aetas
691 1086 903 1170 conprobauit
931 1089 963 1151 et
990 1086 1084 1151 nobis
1097 1112 1123 1152 ro

115 1176 242 1238 ueteres
265 1171 432 1237 annalium
459 1172 631 1255 scriptores
654 1170 846 1236 laudandum
872 1171 1083 1254 tradiderunt,

114 1257 146 1326 2.
168 1257 265 1322 sicuti
279 1256 354 1321 Liui
369 1276 495 1340 quoque
511 1253 700 1321 Salinatoris
714 1256 928 1320 finiendarum
943 1256 1084 1322 simulta-

113 1343 198 1407 tium
220 1341 357 1405 inlustre
380 1341 551 1405 consilium
565 1341 713 1424 ignotum
733 1340 916 1422 posteritati
938 1361 1007 1406 esse
1028 1362 1084 1404 no-

115 1427 264 1491 lueruntz
275 1426 303 1490 is
314 1446 466 1510 namque,
479 1424 687 1490 etsiNeronis
698 1424 771 1488 odio
783 1424 898 1488 ardens
908 1424 944 1488 in
953 1425 1083 1489 exilium

114 1509 281 1596 proiectus
302 1509 409 1575 fuerat
429 1509 616 1574 testimonio
644 1508 711 1572 eius
733 1508 903 1591 praecipue
926 1507 1082 1591 adflictus,
1097 1532 1122 1573 1⁵

113 1601 236 1674 tamen,
252 1598 423 1678 postquam
438 1614 511 1658 eum
530 1594 606 1657 inde
622 1595 807 1656 reuocatum
822 1593 909 1656 ciues
924 1592 1084 1676 collegam

113 1681 164 1744 illi
187 1680 222 1743 in
244 1679 413 1744 consulatu
432 1677 598 1759 dederunt,
622 1680 655 1741 et
676 1677 801 1760 ingenii
822 1676 883 1758 sui,
907 1676 994 1760 quod
1016 1680 1084 1741 erat

114 1765 316 1846 acerrimum,
338 1766 371 1828 et
384 1762 530 1843 iniuriae,
552 1783 648 1846 quam
663 1761 889 1846 grauissimam
904 1764 1081 1844 acceperat,

114 1848 263 1915 obliuisci
278 1847 340 1914 sibi
354 1848 536 1931 imperauit,
559 1867 610 1925 ne,
633 1847 661 1910 si
679 1845 853 1910 dissidente
875 1846 983 1910 animo
1007 1866 1083 1910 eon·

114 1934 293 2000 sortionem
325 1932 452 2017 imperii
488 1952 642 2015 usurpare
679 1930 848 2014 uoluisset,
885 1930 1081 2015 pertinacem
1095 1949 1121 1993 1ο

116 2017 298 2084 exhibendo
319 2017 486 2082 inimicum
508 2016 628 2080 malum
652 2015 815 2080 consulem
839 2018 957 2099 ageret.
1001 2036 1082 2098 quae

116 2103 247 2188 quidem
269 2101 387 2166 mentis
409 2101 450 2166 ad
472 2100 728 2185 tranquilliorem
746 2099 893 2164 habitum
915 2099 1082 2165 inclinatio

114 2188 150 2254 in
180 2208 293 2271 aspero
322 2207 359 2251 ao
381 2185 506 2251 difficili
534 2188 717 2268 temporum
745 2183 880 2249 articulo
910 2184 1083 2268 plurimum

114 2271 230 2337 salutis
251 2271 325 2335 urbi
347 2273 442 2355 atque
464 2269 579 2334 ltaliae
601 2269 726 2345 attulit,
756 2269 831 2353 quia
858 2271 929 2353 pari
951 2269 1083 2334 uirtutis

115 2358 230 2440 inpetu
253 2355 354 2420 conisi
375 2354 528 2420 terribilis
543 2353 682 2418 Punicas
705 2354 790 2418 uires
813 2354 1038 2419 contuderunt.
1095 2376 1121 2417 ss

181 2458 209 2522 3.
243 2455 372 2522 Clarum
406 2455 503 2520 etiam
530 2455 565 2520 in
593 2454 748 2519 Africano
778 2454 939 2538 superiore
967 2477 1005 2520 ac
1032 2454 1081 2520 Ti.

115 2541 259 2607 Graccho
293 2540 509 2624 depositarum
545 2539 787 2604 inimicitiarum
821 2540 1017 2624 exemplum,
1055 2540 1083 2604 si

114 2627 244 2710 quidem
260 2624 300 2690 ad
316 2626 404 2691 cuius
420 2643 550 2688 mensae
565 2645 656 2688 sacra
678 2623 751 2688 odio
774 2623 965 2690 dissidentes
987 2645 1083 2689 uene-

114 2714 200 2795 rant,
226 2711 266 2775 ab
289 2732 327 2775 ea
348 2713 381 2775 et
403 2709 545 2775 amicitia
567 2711 600 2772 et
621 2707 786 2772 adfinitate
808 2708 910 2774 iuneti
932 2708 1083 2774 discesse-

113 2799 205 2860 runt:
235 2816 303 2860 non
326 2797 496 2860 contentus
519 2792 605 2857 enim
628 2792 735 2876 Scipio
757 2796 887 2857 auctore
909 2797 1023 2857 senatu
1045 2793 1079 2856 in
1093 2812 1118 2853 eo

183 3003 197 3050 1
225 2997 364 3052 aceruitas
386 2995 525 3065 Β1Α114
551 2994 757 3064 splendoremq.
781 2993 865 3047 L¹A¹
885 2995 896 3131 p
918 2992 979 3062 pari
1002 2993 1079 3047 uitae

114 3065 319 3144 61111112ῖῆ
336 3080 390 3143 par
406 3065 467 3185 uitq
485 3064 565 3131 LA’,
584 3063 728 3140 paruitate
748 3062 811 3130 (sic)
829 3062 866 3115 A¹
908 3067 923 3114 5
942 3060 1080 3114 murffinas
1177 3095 1181 3102 -

113 3133 363 3212 L¹l¹luenunt1atr
379 3133 433 3198 Αἱ,
469 3131 523 3210 ,ΡΞ
541 3131 697 3184 rennntnatr
713 3131 779 3184 sunt
795 3143 889 3200 maroe
907 3129 934 3182 A
953 3143 966 3182 e
983 3128 1081 3249 Md

113 3201 299 3256 exerstrmans
316 3199 376 3254 LA
388 3200 427 3268 19
444 3199 574 3268 publicae
594 3199 672 3266 (corr.
692 3213 717 3262 a,
736 3199 761 3262 e)
781 3197 816 3265 L,
835 3197 950 3266 publrca
966 3195 1005 3250 Αι
1022 3196 1032 3264 11
1050 3213 1061 3248 1

17 3265 18 3270 ’
112 3268 197 3335 LA2,
222 3269 259 3322 ad
275 3269 315 3322 A¹
336 3269 347 3338 1
369 3274 400 3322 10
417 3267 477 3322 eius
499 3267 532 3320 nt
548 3281 682 3336 praesens
702 3264 772 3319 LA¹
794 3266 804 3334 1
826 3270 857 3318 12
881 3263 964 3318 sicuti
981 3263 1081 3326 Aldus,

112 3336 185 3390 sexti
203 3337 272 3401 LA,
290 3353 329 3391 aa
346 3337 397 3401 set,
415 3350 434 3456 p
818 3400 824 3411 ι
1061 3399 1067 3411 .

111 3404 148 3470 cf.
166 3402 216 3486 §¹4
232 3404 297 3463 iau.
314 3404 324 3472 11
337 3403 414 3483 simu
426 3402 515 3456 atium
532 3401 571 3455 L¹
606 3404 614 3436 ¹
632 3403 642 3470 1
661 3405 692 3454 14
715 3400 840 3481 meientis
859 3400 1084 3522 ΑἊ120111111-

110 3487 223 3540 naceqse
242 3472 301 3538 (sed
317 3487 349 3526 ee
368 3473 437 3526 m.2
454 3475 533 3526 cotra
550 3484 662 3525 uersum
679 3472 705 3522 et
722 3485 751 3522 se
765 3485 796 3524 m
807 3469 875 3536 ros.)
933 3469 1082 3537 11511111·

434 3335 490 3390 uod
508 3352 526 3389 a
543 3350 600 3388 com
621 3332 702 3388 endto
720 3347 777 3387 sex.
795 3347 875 3402 aeyre
892 3331 1082 3387 discernitur?

17 3565 24 3592 ι
112 3539 186 3594 biles
207 3539 245 3594 Β
