2608 3952
209 161 273 227 250
632 153 698 211 ΜΒ.
717 155 751 214 V.

209 314 267 397 ita,
283 311 338 396 qui
354 309 443 375 adid
459 313 584 395 tempus
600 314 706 375 mutus
722 312 783 376 sibi
799 311 933 394 uixerat,
953 313 1050 377 saluti
1066 335 1189 398 parcn-

209 399 253 462 tis
275 396 395 461 uocalis
417 396 523 460 factus
546 400 602 464 est.
915 441 918 446 -
967 441 980 448 -

274 483 304 546 7.
341 481 463 546 Eadem
485 482 600 546 caritas
623 479 736 545 Italico
765 481 850 545 bello
873 481 1070 547 Pinnensem
1093 484 1187 549 iuue-

210 589 294 646 nem,
320 568 370 630 oui
385 566 518 630 Pultoni
542 569 611 630 erat
629 586 823 649 cognomen,
845 569 938 630 tanto
954 568 1054 632 animi
1071 589 1188 653 corpo-

149 645 159 664 '
183 654 316 736 arisque
338 652 452 716 robore
474 651 628 728 armauit,
653 656 706 728 ut,
729 672 802 714 cum
824 651 970 716 obsessae
992 653 1082 716 urbis
1106 675 1187 718 auae

210 736 357 802 claustris
384 736 578 820 praesideret
607 739 639 799 et
660 734 824 799 Romanus
851 736 1028 819 imperator
1054 742 1187 820 patrem
1275 795 1276 822 ,

209 823 277 886 eius
299 820 465 905 captiuum
492 820 527 883 in
556 824 730 902 conspectu
756 820 858 903 ipsius
886 821 1099 886 constitutum
1130 823 1186 887 de-
1275 835 1276 852 ¹

208 907 329 972 strictis
352 905 491 968 militum
513 903 629 988 gladiis
652 904 925 986 circumdedisset,
950 906 1131 972 occisurum
1150 929 1185 972 se

208 991 379 1064 minitans,
408 989 472 1052 nisi
494 989 674 1072 inruptioni
696 1010 772 1054 suae
799 989 861 1053 iter
887 991 1101 1073 praebuisset,
1133 1014 1186 1056 so-

171 1077 260 1140 lalus
283 1096 299 1139 e
322 1073 471 1137 manibus
498 1094 608 1138 senem
630 1074 789 1157 rapuerit,
819 1074 939 1158 duplici
965 1077 1086 1159 pietate
1115 1098 1185 1140 me-

208 1159 401 1306 mordandus,
429 1158 515 1240 qnod
537 1162 571 1222 et
591 1159 694 1242 patris
716 1161 862 1222 seruator
882 1180 943 1222 nec
970 1161 1096 1244 patriae
1118 1161 1184 1224 fuit

210 1264 268 1326 pro
292 1244 365 1307 itor.
1275 1249 1276 1256 ’

271 1343 311 1408 V.
335 1343 430 1408 Hanc
445 1344 612 1408 caritatem
627 1344 791 1427 proximus
812 1344 974 1409 fraternae
989 1345 1182 1410 beniuolen-
1275 1375 1276 1392 ¹

207 1430 272 1494 tiae
294 1429 412 1514 gradus
436 1429 570 1512 excipit:
600 1449 676 1492 nam
698 1432 734 1492 ut
755 1429 870 1492 merito
900 1430 1038 1512 primum
1062 1431 1182 1495 amoris
1275 1479 1276 1484 η

170 1541 195 1582 ra
208 1515 375 1578 uinculum
397 1512 524 1578 ducitur
545 1513 684 1596 plurima
707 1516 740 1577 et
762 1512 900 1576 maxima
917 1514 1073 1578 beneficia
1087 1536 1180 1579 acce·

207 1601 309 1684 pisse,
338 1600 385 1662 ita
406 1599 586 1682 proximum
608 1596 743 1662 iudicari
766 1597 861 1661 debet
888 1599 983 1663 simul
1005 1599 1179 1683 accepisse.
1275 1627 1276 1648 1

207 1707 304 1768 quarn
327 1684 474 1767 copiosae
497 1683 583 1746 enirn
604 1681 771 1746 suauitatis
787 1682 843 1745 illa
857 1682 1036 1747 recordatio
1057 1688 1123 1748 est:
1143 1685 1183 1748 in

208 1772 319 1833 eodem
341 1767 502 1832 domicilio
525 1771 696 1850 antequam
718 1787 866 1830 nascerer
888 1767 1047 1845 habitaui,
1078 1769 1114 1832 in
1139 1770 1182 1832 is-

208 1854 280 1918 dem
306 1851 510 1916 incunabulis
532 1851 689 1915 infantiae
718 1855 866 1933 tempora
892 1852 1020 1936 peregi,
1051 1853 1180 1917 eosdem
1275 1897 1276 1928 ,

172 1964 197 2005 20
212 1937 373 2022 appellaui
394 1938 559 2020 parentes,
584 1936 694 1999 eadem
717 1956 840 2018 prome
855 1939 932 2000 uota
948 1938 1181 2021 excubuerunt‚

209 2043 317 2106 parem
341 2041 379 2084 ex
401 2023 559 2084 maiorum
580 2020 775 2103 imaginibus
804 2021 940 2105 gloriam
966 2022 1066 2086 traxi!
1105 2043 1182 2086 cara
1275 2061 1276 2064 =

209 2108 258 2169 est
273 2126 361 2184 uxor,
383 2103 491 2169 dulces
506 2104 609 2186 liberi,
632 2104 764 2169 iucundi
779 2105 882 2181 amici,
907 2106 1030 2189 accepti
1046 2105 1179 2186 adfines,

209 2188 264 2254 sed
286 2192 399 2273 postea
421 2190 558 2274 cognitis
581 2189 671 2253 nulla
700 2189 921 2254 beniuolentia
946 2190 1098 2255 accedere
1127 2191 1181 2256 dc·

208 2276 276 2351 bet,
300 2294 381 2356 quae
403 2274 542 2357 priorem
564 2273 743 2342 exhauriat.

170 2383 195 2427 aa
274 2360 302 2422 1.
326 2358 432 2442 Atque
446 2358 527 2423 haec
541 2362 624 2422 teste
638 2358 788 2441 Scipione
800 2357 957 2422 Africano
967 2359 1092 2443 loquor,
1109 2361 1177 2444 qui,

207 2442 336 2508 tametsi
363 2442 524 2507 artissima
549 2442 767 2507 familiaritate
794 2441 901 2507 Laelio
935 2445 1063 2508 iunctus
1097 2450 1177 2525 erat,

207 2531 315 2592 tamen
343 2531 491 2592 senatum
520 2528 654 2611 supplex
681 2526 788 2591 orauit
820 2548 861 2590 ne
888 2528 1075 2610 prouinciae
1109 2550 1178 2593 sors

207 2613 300 2678 fratri
323 2633 379 2677 suo
403 2617 513 2696 erepta
534 2613 574 2676 ad
595 2634 667 2676 eum
681 2611 910 2676 transferretur
924 2614 1130 2698 legatumque
1145 2636 1179 2680 se

241 2799 289 2852 1
310 2797 346 2852 ad
364 2797 393 2850 id
412 2799 488 2864 (aa2
505 2798 537 2851 ia
549 2799 617 2865 raa.)
630 2797 656 2850 L
668 2798 679 2864 l
691 2796 805 2849 uixerat
822 2800 901 2866 (corr.
920 2815 954 2852 aa
972 2798 1106 2868 uinierat)
1119 2798 1178 2853 LA

210 2869 222 2936 11
243 2874 258 2922 3
276 2865 381 2920 italoco
393 2866 431 2917 A¹
444 2865 483 2934 15
500 2865 663 2918 ntaaacum
674 2865 714 2930 A,
735 2866 765 2918 ut
783 2879 847 2917 eum
867 2882 929 2919 cum
941 2865 968 2918 L
980 2867 990 2933 1
1002 2866 1080 2920 urbis
1098 2869 1178 2936 (corr.

209 2951 242 2989 ex
259 2933 334 3011 ubis)
352 2932 380 2986 A
392 2934 430 3002 116
449 2933 479 2986 at
496 2932 523 2988 a.
542 2933 560 2992 l,
580 2947 649 2987 eras.
668 2937 733 3009 ante
750 2933 862 3001 patrem
879 2934 979 2988 inserit
990 2935 1030 2987 A'
1041 2935 1080 3003 119
1098 2935 1179 2988 mini-

207 3005 293 3055 taans
312 3003 332 3070 (r
350 3005 414 3068 post
430 3017 450 3053 n
467 3016 501 3054 aa
523 3016 541 3054 a
565 3006 590 3056 et
611 3017 644 3054 ns
666 3016 700 3054 ac
722 3000 756 3052 ns
774 3002 856 3068 corr.)
875 3002 914 3067 L,
936 3001 1076 3056 minatam
1102 3005 1125 3072 (e
1147 3003 1179 3056 ia

206 3071 273 3128 roal
286 3070 322 3121 A¹
337 3070 347 3136 11
359 3067 528 3136 inruptionis
547 3070 570 3134 (s
584 3070 721 3137 amant.)
733 3068 761 3120 A
773 3069 783 3136 11
798 3069 983 3139 romanibus]
998 3070 1067 3124 odd.
1081 3085 1178 3124 corum

206 3141 272 3191 m.3
288 3152 310 3190 e.
328 3137 346 3190 l.
364 3136 406 3203 L,
425 3153 465 3190 aa
482 3135 612 3190 manibus
631 3134 823 3257 hostilibusfq
838 3142 868 3190 11
887 3137 941 3190 fuit
957 3141 1021 3192 m.3
1038 3154 1059 3193 a.
1079 3139 1098 3192 l.
1110 3139 1176 3196 add.

206 3205 233 3258 L
246 3206 256 3274 11
270 3209 300 3257 17
314 3203 426 3272 copiose
439 3203 466 3258 L
477 3204 578 3273 Halm,
597 3209 630 3258 ut
646 3218 696 3258 nos
712 3204 747 3267 A,
765 3219 811 3256 rna
822 3205 861 3257 im
875 3209 968 3259 tumea
979 3207 1094 3272 copiosa
1106 3208 1116 3275 11
1128 3207 1178 3260 illa

207 3287 257 3325 om.
268 3272 308 3324 L1
320 3272 330 3339 11
344 3277 375 3325 18
384 3271 494 3326 hisdem
503 3273 530 3326 L
539 3277 572 3337 et,
584 3276 616 3326 ut
628 3271 741 3337 uid.,A¹
754 3272 764 3339 11
777 3272 952 3327 armatiorem
965 3273 1034 3326 LA¹
1047 3275 1057 3342 l
1070 3280 1103 3328 23
1116 3290 1179 3344 cog·

207 3339 281 3392 niti*
303 3343 326 3404 (ε
345 3341 426 3406 crus.)
444 3339 471 3392 L
494 3341 505 3408 1
529 3339 656 3394 accidere
674 3339 853 3406 Perizonius,
876 3340 951 3407 quod
972 3357 1071 3396 aarum
1092 3343 1175 3410 uidl

207 3412 241 3459 aa
259 3405 324 3472 adq.
343 3405 382 3458 A1
391 3407 449 3524 qa?
467 3408 564 3461 tamen
581 3407 668 3461 Halm
686 3423 700 3484 a
717 3407 799 3472 Pan,
817 3408 906 3462 attam
917 3409 944 3461 L
963 3413 989 3463 et
1006 3409 1036 3462 at
1049 3415 1178 3476 mactat.

207 3473 235 3525 A
252 3473 262 3539 11
280 3484 398 3524 caeram
429 3477 508 3548 (corr.
527 3491 562 3529 aa
580 3476 719 3540 onoraurt)
739 3475 779 3540 L,
802 3477 937 3530 *auncurt
959 3478 986 3544 (o
1005 3491 1074 3534 corr.
1094 3493 1129 3532 ccc
1146 3484 1176 3544 n)

207 3540 234 3592 A
246 3539 257 3607 11
269 3542 303 3591 28
322 3539 438 3605 erepta*
456 3542 495 3606 (m
513 3544 593 3608 eraa)
612 3541 651 3609 L,
671 3543 770 3610 erepta
783 3543 822 3596 A¹
