2606 3958
209 151 273 214 408
614 146 682 200 um.
702 146 775 204 vm.

212 305 245 365 et
284 299 443 364 desertam
483 302 667 382 acceperat,
702 301 858 382 perpetuo
892 300 1036 364 culturae
1075 300 1190 364 studio

210 384 403 470 frugiferam
425 384 564 468 reliquit.

276 471 307 534 2.
331 469 469 553 Gorgias
485 469 582 533 etiam
597 467 792 550 Leontinus,
816 466 968 543 Isocratis
991 472 1025 545 et
1047 468 1186 551 conplu-

210 556 295 619 rium
317 555 428 638 magni
449 553 574 638 ingenii
588 553 730 616 uirorum
751 556 957 635 praeceptor,
980 574 1038 616 sua
1053 557 1186 616 senten-

185 640 258 704 etia
279 639 498 704 felicissimus:
526 659 602 701 nam
625 657 698 702 cum
721 637 929 701 centesimum
952 640 985 702 et
1006 639 1186 720 septimum

211 727 322 808 ageret
359 745 495 805 annum,
532 723 751 807 interrogatus
789 724 985 805 quapropter
1020 723 1088 785 tam
1128 722 1185 786 diu

212 809 312 874 uellet
332 808 367 872 in
390 808 459 871 uita
481 827 663 887 remanere,
688 807 774 888 ‘quia
797 806 897 870 nihil’
921 806 1029 889 inquit
1051 804 1183 889 habeo,

212 894 297 977 quod
320 894 517 957 senectutem
539 912 643 954 meam
667 898 835 958 accusem'.
884 891 961 974 quid
989 891 1052 954 isto
1073 893 1184 956 tractu

213 977 327 1042 aetatis
350 980 405 1041 aut
426 975 556 1059 longius
572 979 629 1040 aut
650 975 799 1040 beatius?
833 975 896 1039 iam
913 975 1050 1039 alterum
1072 996 1184 1038 saecu-

174 1086 200 1125 10
213 1063 280 1126 lum
303 1063 466 1144 ingressus
481 1080 585 1142 neque
607 1060 642 1124 in
658 1059 718 1124 hoc
733 1059 907 1143 querellam
930 1059 1030 1123 ullam
1053 1060 1187 1124 inuenit

212 1167 316 1228 neque
337 1147 372 1208 in
393 1143 449 1208 illo
471 1144 611 1227 reliquit.

277 1231 307 1293 3.
342 1227 481 1294 Biennio
508 1230 614 1292 minor
643 1227 845 1312 Xenophilus
874 1226 1096 1293 Chalcidensis
1118 1227 1184 1312 Py·

212 1313 413 1397 thagoricus,
437 1313 492 1378 sed
507 1312 663 1377 felicitate
685 1334 751 1377 non
768 1311 916 1393 inferior,
940 1313 1122 1396 siquidem,
1145 1317 1185 1376 ut

213 1399 259 1463 ait
282 1399 494 1462 Aristoxenus
517 1397 672 1477 musicus,
703 1397 808 1461 omnis
831 1397 963 1462 humani
985 1397 1184 1462 incommodi

174 1505 199 1545 15
214 1505 327 1565 expers
349 1483 384 1546 in
407 1504 530 1547 summo
552 1481 804 1566 perfectissimae
828 1483 991 1547 doetrinae
1012 1482 1184 1565 splendore

214 1569 373 1632 extinctus
396 1570 455 1632 est.

277 1654 307 1720 4.
330 1651 578 1736 Arganthonius
593 1655 702 1714 autem
718 1649 897 1714 Gaditanus
913 1652 980 1715 tam
996 1653 1050 1715 diu
1065 1672 1184 1736 regna-

213 1737 277 1818 uit,
307 1759 404 1820 quam
432 1736 488 1801 diu
518 1735 614 1799 etiam
645 1734 685 1798 ad
707 1735 888 1799 satietatem
911 1736 1030 1800 uixisse
1055 1735 1184 1800 abunde

213 1820 315 1886 foret:
343 1837 441 1884 nxxx
469 1820 556 1883 enim
584 1820 677 1882 annis
705 1819 842 1903 patriam
865 1841 956 1884 suam
977 1821 1076 1902 rexit,
1108 1842 1182 1884 oum

177 1927 202 1968 ao
216 1905 255 1968 ad
278 1906 450 1989 imperium
472 1921 519 1967 xn
541 1925 645 1967 annos
667 1907 764 1968 natus
787 1905 982 1970 accessisset.
1022 1907 1113 1970 cuius
1135 1905 1183 1969 rei

214 1992 291 2053 certi
316 1993 392 2053 sunt
415 1993 571 2053 auctores.
616 1988 748 2052 Asinius
771 1989 867 2053 etiarn
890 1989 1011 2074 Pollio,
1034 2012 1100 2055 non
1123 1991 1183 2053 rni-

213 2077 302 2136 nims
324 2094 398 2155 pars
420 2072 559 2136 Romani
581 2073 663 2150 stili,
690 2073 726 2136 in
754 2073 849 2138 tertio
877 2073 1086 2138 historiarum
1109 2096 1184 2138 sua-

213 2177 286 2220 rum
318 2156 401 2220 libro
440 2160 569 2222 centum
601 2158 694 2221 illum
727 2161 760 2221 et
792 2175 867 2220 xxx
900 2179 1002 2222 annos
1036 2158 1183 2242 explesse

215 2245 460 2324 commemorat,
484 2246 516 2305 et
531 2242 600 2325 ipse
622 2263 777 2306 neruosae
792 2243 975 2307 uiuacitatis
998 2243 1084 2307 haud
1107 2265 1183 2326 par-

175 2347 201 2387 as
214 2347 291 2389 uum
314 2326 505 2409 exemplum.

278 2409 307 2477 5.
331 2409 435 2474 Huius
457 2411 542 2496 regis
564 2411 873 2475 consummationem
896 2433 1052 2476 annorum
1075 2413 1183 2476 minus

214 2493 436 2560 admirabilem
475 2496 599 2560 faciunt
637 2495 834 2579 Aethiopes,
879 2517 957 2578 quos
999 2496 1184 2561 Herodotus

214 2579 327 2644 scribit
349 2580 561 2644 centesimum
584 2584 616 2643 et
639 2580 825 2643 uicesimum
848 2602 966 2644 annum
989 2582 1182 2666 transgredi,

214 2667 246 2728 et
267 2663 352 2747 Indi,
376 2664 553 2748 dequibus
577 2663 699 2729 Ctesias
722 2664 806 2728 idem
828 2665 938 2748 tradit,
963 2668 995 2729 et
1016 2665 1183 2749 Epimeni·

281 2855 296 2901 2
306 2849 438 2948 *reliquid
455 2849 492 2926 4¹
515 2849 562 2950 {1¹3
580 2848 728 2925 hisocratis
741 2849 806 2950 L¹A
828 2851 837 2916 ΙΙ
858 2855 874 2902 4
893 2865 944 2904 sua
962 2815 1090 2952 <.⁵⁶l¹⁰³,)
1109 2855 1182 2906 sent.

213 2916 774 3062 iurelure}alteret.
788 2917 1183 3063 'tererestereres

214 3051 354 3130 chrdcnrus
372 3052 451 3110 LA1.
471 3050 674 3128 chalch1drcn1s
691 3051 743 3152 Ar,
762 3051 945 3131 calchrdrems
957 3053 1026 3108 Par.
1040 3056 1049 3121 ΙΙ
1062 3055 1182 3132 pytago-

213 3135 290 3240 hhedld
306 3118 1183 3267 gunphirtrcargsgzgtffiougeffsnffw*up'nlsgengxsgtgtadtess

213 3255 292 3308 Pleu.
316 3252 381 3307 VII
394 3257 519 3320 48‚156,
537 3252 604 3308 edd.
623 3270 649 3310 u.
666 3251 714 3307 XC
733 3266 827 3323 ruurpo
844 3258 871 3307 A
890 3270 903 3309 e
919 3256 989 3309 Pur.
1002 3258 1012 3324 ΙΙ
1026 3262 1059 3310 24
1077 3273 1183 3312 uruaor·

214 3325 257 3374 tas
279 3321 306 3373 A
327 3322 337 3389 ΙΙ
380 3337 458 3375 arum
482 3321 553 3374 Μ’
578 3322 587 3390 ΙΙ
609 3327 641 3376 28
665 3321 695 3374 et
721 3320 773 3372 XX
795 3321 835 3384 L,
863 3323 892 3376 et
919 3321 1052 3402 XXmum
1074 3325 1126 3388 Al,
1151 3331 1184 3380 ut

212 3388 318 3442 Herod.
380 3389 403 3440 I
420 3391 469 3454 23,
497 3388 656 3441 XXXmum
680 3388 718 3440 11²
740 3404 754 3442 e
780 3390 850 3443 Par.
877 3390 886 3456 ΙΙ
912 3396 944 3442 29
967 3389 1047 3443 hmdr
1068 3391 1180 3461 L¹A¹n

213 3453 321 3572 {tisias
345 3455 421 3507 idem
440 3455 503 3509 edd.
519 3461 601 3519 uctt,
621 3458 650 3509 et
668 3455 757 3509 eseias
775 3457 890 3523 quidem
909 3457 968 3510 LA
987 3459 996 3526 ΙΙ
1014 3458 1184 3527 epimenidis

1272 3563 1283 3926 r
