2604 3960
395 186 552 253 οἈΡ.1111,
569 185 632 243 Exn
652 193 754 254 §1-2.
994 187 1057 252 209

80 339 262 418 domicilia,
285 339 400 404 harum
422 339 486 403 fida
508 340 674 404 hominum
696 342 829 423 pectora
850 341 941 424 quasi
963 361 1057 425 quae·

78 427 161 490 dam
183 426 295 489 sancto
317 423 435 507 spiritu
456 425 574 489 referta
595 424 716 508 templa
737 427 821 489 sunt.

150 509 180 573 2.
218 507 310 585 Quod
340 510 386 572 ita
414 529 482 573 csse
509 531 565 573 rex
592 507 776 573 Alexander
804 509 914 573 sensit.
959 509 1057 573 Darei

84 595 217 676 castris,
240 595 275 657 in
298 593 414 676 quibus
436 615 547 658 omnes
569 593 743 658 necessarii
766 594 833 657 eius
849 601 952 676 erant,
975 595 1057 677 poti-

80 684 139 744 tus
155 677 394 764 Hephaestione
417 678 601 764 gratissimo
621 679 683 743 sibi
703 677 788 742 latus
808 699 900 743 suum
922 681 1081 761 tegentes

81 764 127 829 ad
150 783 205 828 eos
226 761 444 847 adloquendos
466 764 567 828 uenit.
599 763 687 829 cuius
710 764 850 828 aduentu
873 766 977 828 mator
992 762 1057 826 Da-

83 855 133 914 rei
154 851 299 912 recreata
325 846 415 911 humi
441 850 639 929 prostratum
662 851 759 932 caput
786 847 888 912 erexit
908 845 1057 931 Hephae·

82 933 306 1015 stionemque‚
339 931 415 1014 quia
446 934 479 996 et
512 935 636 996 statura
670 938 703 997 et
728 932 833 997 forma
865 933 1058 1016 praestabat,

83 1038 176 1082 more
198 1015 367 1081 Persarum
389 1014 518 1081 adulata
546 1019 711 1100 tamquam
733 1016 953 1081 Alexandrum
975 1015 1058 1080 salu-

83 1101 179 1167 tauit.
224 1099 389 1164 admonita
412 1099 527 1164 deinde
551 1101 666 1165 erroris
694 1123 752 1186 per
780 1101 1098 1184 summamtrepi·1o

82 1188 252 1252 dationem
275 1184 490 1250 excusationis
512 1185 611 1249 uerba
634 1185 818 1269 quaerebat.
853 1186 903 1251 cui
920 1186 1058 1250 Alexan·

82 1272 145 1336 der
167 1269 264 1333 ‘nihil
285 1272 346 1332 est'
369 1269 474 1354 inquit
492 1270 589 1354 ‘quod
604 1269 665 1334 hoo
680 1271 813 1335 nomine
834 1271 1059 1335 confundaris:

85 1376 165 1420 nam
187 1356 220 1418 ct
241 1353 294 1418 hic
317 1353 500 1418 Alexander
522 1357 593 1419 est‘.
638 1355 702 1418 utri
726 1355 813 1440 prius
837 1353 1058 1440 gratulemur?

84 1441 145 1524 qui
167 1439 228 1503 hoc
251 1437 357 1503 dicere
372 1439 478 1504 uoluit
491 1459 533 1502 an
548 1438 599 1503 cui
615 1439 724 1503 audire
740 1438 903 1522 contigit?
928 1439 1060 1503 maximi

84 1525 176 1589 anim
199 1524 299 1587 animi
326 1543 383 1586 rex
412 1527 446 1588 et
466 1523 531 1586 iam
558 1525 663 1586 totum
691 1527 851 1587 terrarum
873 1523 981 1587 orbem
1005 1532 1060 1586 aut
1073 1551 1099 1591 15

86 1609 235 1674 uictoriis
258 1611 314 1672 aut
336 1628 392 1690 spe
414 1607 588 1690 conplexus
610 1612 677 1672 tam
691 1609 801 1691 paucis
816 1607 923 1670 uerbis
939 1628 971 1671 se
987 1628 1060 1670 cum

84 1695 207 1759 comite
229 1713 286 1757 suo
301 1692 441 1774 partitus
458 1695 517 1756 est.
541 1691 695 1756 odonam
710 1691 850 1777 inclytae
866 1691 954 1756 uocis
970 1690 1061 1754 danti

86 1779 212 1864 pariter
239 1779 335 1860 atquc
362 1775 532 1860 accipienti
560 1777 757 1860 speciosum!
795 1777 880 1860 quod
907 1775 1060 1859 priuatim

84 1883 215 1947 quoquc
237 1862 352 1925 merito
374 1881 512 1925 ueneror
534 1861 703 1926 clarissimi
723 1881 760 1925 ac
782 1860 984 1925 disertissimi
998 1859 1061 1923 uiri

86 1946 362 2034 promptissimam
384 1967 462 2030 erga
477 1967 529 2010 me
543 1945 797 2012 beniuolentiam
813 1948 970 2029 expertus.
1001 1965 1060 2010 neo
1074 1975 1100 2014 so

86 2035 198 2097 metuo
226 2052 267 2094 ne
294 2051 408 2113 parum
437 2032 611 2096 conueniat
639 2030 719 2095 mihi
741 2030 932 2115 Pompeium
954 2051 1061 2094 meum

87 2119 194 2182 instar
217 2136 286 2180 esse
302 2114 487 2194 Alexandri,
511 2136 583 2180 cum
605 2116 654 2180 illi
668 2115 868 2199 Hephaestio
885 2135 961 2179 suus
981 2114 1063 2178 alter

87 2203 189 2266 fuerit
211 2198 406 2265 Alexander.
444 2220 504 2284 ego
528 2222 606 2266 uero
629 2199 822 2286 grauissimo
852 2199 979 2264 crimini
1001 2199 1062 2263 sim

88 2287 267 2364 obnoxius,
290 2284 470 2349 constantis
495 2287 527 2348 et
547 2285 710 2370 benignae
732 2285 894 2350 amicitiae
917 2284 1063 2368 exempla

88 2371 160 2436 sine
182 2368 249 2434 ulla
272 2370 339 2433 eius
361 2370 527 2433 mantione
541 2373 778 2454 transgressus,
801 2369 939 2434 cuiusin
954 2369 1062 2433 animo
1076 2395 1101 2436 aa

89 2456 181 2522 uelut
207 2455 242 2518 in
271 2458 441 2538 parentum
470 2455 763 2520 amantissimorum
790 2456 921 2538 pectore
947 2453 1063 2517 laetior

144 2679 157 2727 1
171 2671 325 2742 domicilia]
338 2670 406 2730 add.
419 2670 461 2724 ita
469 2670 575 2725 Vahlen
585 2671 619 2724 in
629 2687 699 2727 maa.
711 2671 800 2730 Rhea.
809 2672 862 2725 XI
892 2675 969 2736 ‚588‚
983 2675 1062 2737 recte,

87 2745 123 2797 ut
140 2741 200 2848 ηιξ.
222 2742 232 2808 n
253 2740 338 2809 ddam
357 2740 396 2805 L,
416 2738 539 2808 quadam
555 2738 594 2791 Δί
616 2739 626 2806 l
646 2740 794 2820 asoanoto
812 2740 850 2792 Α1
901 2737 1002 2860 εἷίζὶὺᾳ
1031 2743 1064 2791 tu

87 2806 1064 2995 1111111)Ἀᾶᾎρ1Ε1>“3[1111’Ἀ1Ἀὶ[11113111,,1ῗ11

88 2944 159 3068 {tati
177 2948 310 3084 {daiam
328 2947 541 3086 siiturdiisadi
548 2957 739 3087 llwloe’nerorii1
752 2944 883 3086 (iiacdrli.)
902 2952 1064 3076 Aneileeil

88 3077 257 3155 cassationis
275 3075 341 3155 11¹¹ss
360 3083 392 3130 13
410 3076 561 3156 ut1L¹A¹‚
581 3077 859 3198 ou1L²lpltuolu1t
878 3075 904 3129 L
923 3077 998 3140 oen,
1016 3090 1064 3128 uo-

89 3149 177 3202 luerit
188 3144 235 3209 Αἱ,
254 3143 349 3197 malam
365 3143 465 3198 uadurt.
494 3144 530 3210 cf.
548 3143 589 3197 II
602 3148 628 3212 7,
643 3149 678 3211 6;
713 3145 754 3199 II
762 3148 816 3210 1,1
835 3149 859 3199 et
871 3145 898 3209 2,
913 3146 945 3208 4;
967 3141 1069 3196 VIIII

89 3216 169 3293 3,11,
195 3226 248 3281 qao
263 3211 320 3265 loco
337 3211 411 3289 idern
432 3211 562 3266 mendum
583 3212 616 3266 ia
634 3212 693 3267 LA
717 3214 727 3281 l
753 3219 783 3266 15
802 3211 832 3265 et
851 3211 909 3290 iam
927 3211 966 3264 A²
983 3211 1065 3265 Peri·

90 3295 202 3347 roncas,
221 3280 291 3334 &am
309 3278 349 3342 L,
373 3280 461 3333 atram
477 3279 516 3332 Al
540 3280 550 3348 ΙΙ
573 3286 604 3332 11
623 3279 739 3335 domum
757 3280 794 3334 L¹
820 3280 830 3349 11
853 3277 976 3347 inclytae
995 3277 1063 3343 LA,

90 3348 207 3403 inolitae
226 3347 313 3402 Halm
334 3347 344 3415 ΙΙ
368 3352 398 3401 19
417 3345 608 3401 dissertissimi
625 3348 663 3402 L¹
680 3349 690 3419 ΙΙ
707 3348 763 3402 uiri
782 3350 863 3414 (corr.
884 3347 984 3414 euim)
1003 3345 1030 3399 L
1050 3347 1053 3414 Ι

90 3423 126 3472 11)
142 3414 363 3487 promtissimam
376 3415 413 3492 Ι11.Ι
425 3414 443 3467 l.
461 3414 489 3468 A
505 3414 604 3481 Halm,
627 3422 657 3471 ot
675 3419 785 3471 tamtam
808 3430 865 3493 non
882 3429 987 3482 semper
1004 3430 1052 3483 mp

90 3489 130 3540 eat
151 3485 184 3540 in
203 3484 262 3538 LA
285 3483 295 3550 11
320 3489 352 3535 22
374 3482 416 3535 1111
441 3483 550 3549 (cetui
573 3495 653 3548 corr.)
672 3484 712 3550 L,
741 3485 772 3537 et
793 3483 836 3536 ilh
858 3481 1027 3538 Perizonius
1051 3481 1063 3550 ll

19 3581 23 3588 -
89 3559 126 3607 24
142 3552 310 3622 bersnigne
328 3551 370 3619 (ni
388 3566 456 3608 caca.
476 3549 548 3618 aid.)
566 3550 593 3604 L
606 3553 615 3619 ΙΙ
628 3557 661 3605 26
679 3552 827 3620 pectorum
845 3551 929 3605 L¹A²

144 3655 205 3694 Vra.
218 3655 284 3694 Max.
882 3641 913 3688 14
