2608 3952
208 194 274 258 246
630 189 698 250 mn,
717 189 752 244 v.

209 347 323 410 senatu
337 343 583 429 promulgasset,
604 343 753 426 precibus
768 343 929 428 minisque
943 343 1012 407 eius
1026 344 1185 408 acerrime

208 430 362 494 resistens
388 451 426 494 ao
453 451 495 492 ne
523 429 664 493 exercitu
692 428 823 511 quidem
844 429 1015 492 aduersum
1043 449 1077 492 se
1107 451 1184 494 oon-

209 516 346 598 scripto,
374 516 402 579 si
423 517 460 578 in
481 513 593 578 eadem
613 514 776 577 sententia
797 517 1033 596 perseueraret,
1062 513 1185 578 abster-

207 602 305 681 ritus,
332 604 503 684 postquam
532 620 593 682 pro
620 599 733 662 rostris
755 600 786 663 ei
807 599 914 684 legem
939 599 1004 662 iam
1028 598 1186 663 referenti

182 689 302 768 spater
322 707 455 749 manum
469 684 594 761 iniecit,
616 684 744 767 priuato
759 683 879 748 tractus
899 684 1036 767 imperio
1052 683 1184 748 deseen-

208 770 255 834 dit
277 791 294 834 e
316 771 446 849 rostris,
469 789 511 831 ne
532 769 669 832 minimo
684 768 811 852 quidem
826 789 989 832 murmure
1006 767 1184 834 destitutae

209 855 368 919 contionis
392 852 616 936 reprehensus.

270 957 300 1020 6.
338 955 460 1038 Magna
484 958 561 1018 sunt
586 955 667 1019 haec
695 955 797 1019 uirilis
824 955 954 1039 pietatis
983 975 1098 1040 opera,
1129 957 1184 1021 sed

206 1041 316 1104 nescio
339 1062 382 1102 an
403 1039 455 1102 his
477 1039 626 1103 omnibus
647 1041 808 1104 ualentius
831 1044 863 1104 et
885 1041 1062 1104 animosius
1086 1040 1183 1106 Glau-

169 1143 195 1182 10
208 1125 279 1188 diae
307 1123 451 1188 Vestalis
478 1124 615 1208 uirginis
638 1125 773 1192 factum.
822 1146 920 1208 quae,
954 1145 1026 1188 cum
1054 1130 1182 1208 patrem

205 1229 299 1272 suum
313 1208 568 1291 triumphantem
583 1231 601 1273 e
615 1231 711 1274 curru
727 1209 871 1274 uiolenta
883 1210 1007 1273 tribuni
1016 1210 1063 1292 pt.
1082 1233 1182 1275 manu

205 1293 330 1359 detrahi
351 1293 646 1377 animaduertisset,
675 1295 758 1358 mira
786 1294 949 1358 celeritate
977 1295 1124 1378 utrisque
1148 1318 1182 1360 se

204 1377 440 1462 interponendo
464 1379 695 1462 amplissimam
717 1382 912 1462 potestatem
926 1379 1106 1443 inimicitiis
1130 1402 1182 1445 ac·

206 1484 335 1527 censam
357 1463 489 1546 depulit.
524 1464 624 1547 igitur
644 1464 783 1528 alterum
804 1463 1006 1546 triumphum
1027 1469 1122 1546 pater
1145 1466 1180 1529 in

167 1565 192 1606 15
206 1545 412 1631 Capitolium,
435 1549 573 1613 alterum
593 1549 662 1612 filia
682 1549 718 1611 in
733 1549 844 1612 aedem
859 1547 976 1612 Vestae
992 1549 1093 1630 duxit,
1116 1571 1180 1614 nec

205 1633 345 1698 discerni
366 1634 474 1717 potuit
494 1635 559 1697 utri
573 1633 646 1716 plus
660 1631 764 1697 laudis
779 1634 983 1712 tribueretur,
1008 1633 1061 1697 cui
1075 1634 1180 1699 uicto-

208 1719 257 1782 ria
279 1741 322 1782 an
344 1719 396 1782 cui
417 1719 522 1802 pietas
544 1739 649 1782 comes
671 1717 791 1786 aderat.

268 1820 299 1882 7.
328 1819 500 1902 Ignoscite,
523 1819 734 1884 uetustissimi
748 1819 822 1897 foci,
846 1819 1037 1902 ueniamque
1052 1822 1180 1885 aeterni

205 1903 279 1967 date
301 1903 409 1986 ignes,
432 1905 461 1967 si
482 1926 501 1966 a
515 1908 623 1968 uestro
638 1904 856 1967 sacratissimo
872 1903 994 1986 templo
1012 1902 1053 1967 ad
1068 1925 1180 1968 neces·

166 1988 325 2051 assarium
348 1988 453 2072 magis
481 2010 577 2072 quam
599 1989 780 2072 speciosum
801 1988 890 2052 urbis
917 1988 1023 2051 locum
1050 1993 1183 2053 contex-

206 2076 258 2135 tus
281 2072 387 2154 operis
409 2073 515 2137 nostri
537 2094 725 2156 progressus
748 2072 861 2137 fuerit:
884 2073 974 2136 nulla
989 2072 1076 2136 enim
1091 2095 1181 2137 acer·

204 2155 306 2219 bitate
321 2155 483 2239 fortunae,
509 2159 608 2221 nullis
624 2158 771 2221 sordibus
786 2159 925 2241 pretium
942 2179 1032 2221 carae
1046 2157 1182 2240 pietatis

206 2239 366 2318 enitescit,
390 2241 469 2324 quin
492 2243 590 2306 etiam
613 2264 651 2306 eo
674 2244 792 2307 certius
815 2264 878 2326 quo
894 2241 1040 2305 miserius
1056 2244 1181 2325 experi-

206 2327 352 2388 mentum
374 2326 481 2392 habet.
516 2326 692 2412 Sanguinis
713 2327 848 2412 ingenui
871 2327 1036 2390 mulierem
1051 2331 1183 2408 praetor

170 2425 196 2465 2⁵
209 2409 295 2492 apud
317 2411 459 2475 tribunal
486 2433 579 2476 suum
602 2412 732 2495 capitali
759 2412 892 2476 crimine
918 2411 1101 2475 damnatam
1124 2413 1182 2475 tri-

204 2493 331 2557 umuiro
355 2496 390 2558 in
413 2517 537 2560 carcere
560 2497 739 2561 necandam
762 2497 902 2561 tradidit.
935 2517 999 2580 quo
1014 2499 1181 2579 receptam

202 2578 248 2661 is,
277 2579 332 2663 qui
355 2581 518 2645 custodiae
540 2586 703 2664 praeerat,
730 2581 949 2646 misericordia
976 2584 1082 2645 motus
1109 2603 1182 2646 non

271 2773 287 2820 3
305 2780 488 2832 perseuerare
507 2765 576 2819 LA¹
598 2767 608 2834 n
628 2772 645 2820 4
662 2766 756 2835 legem
774 2767 846 2831 LA,
865 2781 904 2820 aa
923 2765 958 2819 de
976 2764 1061 2833 lege?
1079 2767 1089 2834 ΙΙ
1107 2765 1180 2820 refe-

203 2833 278 2887 renti
306 2849 336 2885 re
353 2833 490 2900 putatet.)
510 2833 549 2898 L,
576 2834 640 2900 fort.
658 2834 761 2888 ferenti
777 2834 823 2888 uel
844 2849 906 2888 com
925 2833 1058 2887 Torreaio
1081 2833 1180 2902 perfe-

202 2899 277 2954 renti
326 2900 382 2954 alin
395 2902 434 2978 {15
472 2901 533 2955 ater
550 2918 665 2956 manum
682 2901 781 2956 iniecit
797 2916 893 2980 morpo
911 2901 938 2954 L
957 2901 1040 2966 dett,
1057 2902 1179 2970 patemo

202 2969 312 3021 numini
334 2967 418 3022 eiecit
475 2969 521 3032 A¹‚
548 2969 668 3037 patemfi
694 2986 800 3024 numen
823 2969 928 3023 obiecit
952 2969 1000 3034 11²,
1027 2968 1045 3021 l'
1073 2984 1180 3023 nomen

202 3036 393 3106 2222921119
411 3051 448 3089 an
467 3037 594 3104 (222222
612 3035 894 3106 ed)LAssclaudiae
913 3035 1120 3105 (12.1.)111111
1140 3037 1180 3104 pl.

202 3105 243 3156 A*
261 3121 275 3158 e
291 3103 360 3157 Par.
378 3103 474 3168 Halm,
493 3118 544 3159 om.
563 3103 701 3172 LA1111‘2
720 3103 833 3159 detrahi
849 3106 889 3158 A²
907 3104 1015 3170 ePor,
1033 3119 1084 3159 om.
1099 3103 1180 3169 LA¹‚
1275 3111 1276 3126 ¹

203 3171 280 3224 trahi
298 3171 363 3225 dett.
381 3171 464 3224 molti
485 3171 498 3249 j}
517 3171 750 3226 animaduertisse
769 3173 838 3226 LA*
867 3172 986 3240 tutrisq.
1003 3173 1043 3225 Α2
1061 3177 1086 3225 et
1104 3172 1181 3238 dett,

202 3239 293 3292 utrius
316 3237 416 3301 ,ΒΑΕ
435 3240 521 3306 utr1q.
533 3237 578 3303 D,
598 3239 673 3307 estod
685 3241 812 3308 praefert
860 3241 928 3305 olm,
947 3245 978 3293 at
994 3255 1022 3292 a.
1040 3239 1086 3293 VI
1094 3243 1112 3293 5
1125 3245 1181 3296 eat.

205 3307 222 3358 3
241 3311 266 3359 et
311 3305 352 3358 II
365 3310 383 3360 3
401 3312 454 3362 eat.
473 3310 502 3371 5,
524 3305 573 3361 abi
589 3312 682 3361 tamen
699 3308 741 3362 bic
757 3308 842 3377 utriq.
859 3309 929 3362 Par.
947 3308 957 3376 ΙΙ
976 3313 1007 3360 lo
1024 3309 1134 3361 uestem
1152 3307 1180 3360 L

205 3371 272 3449 24¹1}
292 3379 322 3426 16
342 3373 471 3427 discerne
488 3373 553 3453 L¹11
577 3379 607 3429 18
626 3374 764 3429 uetissimi
781 3376 819 3429 L¹
841 3378 850 3444 11
871 3376 956 3429 uenia
971 3389 1045 3442 quae
1064 3374 1145 3427 L¹A¹
1166 3375 1179 3443 Η

207 3445 239 3491 19
257 3455 338 3506 ignes
356 3445 385 3506 (e
403 3456 424 3496 s.
443 3442 466 3506 l)
484 3441 523 3505 L,
542 3442 739 3510 ignisA11121
759 3443 914 3496 aceruitate
932 3443 1010 3496 L¹A¹
1025 3443 1081 3510 1123
1103 3441 1179 3496 eule-

207 3503 260 3558 scit
278 3505 386 3572 L¹1124
402 3506 544 3574 ingesnui
563 3513 589 3577 (e
607 3510 639 3563 io
657 3511 724 3577 roe.)
743 3510 770 3564 L
782 3512 792 3578 ΙΙ
809 3517 842 3564 25
860 3510 977 3564 crimina
993 3508 1179 3578 dampnatam

206 3571 314 3639 A¹1126
333 3587 442 3625 carcere
461 3573 524 3641 ΕΓ,
544 3579 656 3630 carcere
673 3577 734 3631 LA
746 3579 756 3645 ΙΙ
768 3577 884 3646 recepta
900 3578 939 3630 A*
