2604 3960
453 163 528 218 ors.
548 163 615 226 vn,
634 169 738 229 er-s.
1022 169 1086 236 205

112 317 176 384 stri
191 316 272 401 loco,
288 337 361 382 cum
377 317 422 382 M.
435 315 603 384 Lucullum
616 315 819 382 familiariter
833 317 986 386 coluisset
1000 341 1086 386 eam·

115 423 180 488 que
202 401 246 468 Μ.
264 401 443 482 Antonius,
472 401 549 488 quia
563 402 657 468 Bruti
672 404 704 466 et
719 400 823 468 Cassii
860 407 944 470 artes
959 408 1087 470 secutus

115 489 238 570 fuerat,
261 487 491 570 interemisset,
518 488 553 552 in
575 506 695 572 magna
715 425 863 570 fugiendi
884 487 1014 554 licentia
1035 511 1088 554 ex·

117 572 219 638 animi
241 572 345 638 amico
368 570 511 636 adhaesit
532 570 698 655 hucusque
720 573 755 636 in
770 570 918 640 lacrimas
934 576 968 637 ct
988 575 1087 658 gemi-

115 660 170 722 tus
196 655 361 740 profusus,
391 659 428 722 ut
453 656 555 721 nimia
582 655 702 739 pietate
729 676 858 724 causam
886 657 948 724 eibi
975 659 1113 724 mortius

116 745 307 806 arcesseret:
342 761 418 806 narn
440 744 572 824 propter
593 741 800 825 praecipuam
828 745 862 807 et
881 762 1088 826 perseueran-

118 830 186 890 tem
207 825 471 892 lamentationem
492 824 534 891 ad
555 825 735 891 Antonium
750 829 929 910 pertractus
944 830 1001 892 est.
1036 849 1089 892 cu-

116 911 168 976 ius
190 913 358 996 postquam
380 911 415 974 in
436 912 612 993 conspectu
633 911 737 988 stetit,
768 910 859 976 ‘iube
881 917 948 978 me’
971 911 1088 995 inquit,

120 995 328 1078 ‘imperatcm
357 995 507 1079 protinus
529 995 569 1059 ad
591 992 718 1062 Luculli
739 1014 855 1079 corpus
883 997 1015 1062 ductum
1038 1017 1088 1062 oe-

118 1078 196 1146 cidi:
219 1100 324 1164 neque
343 1080 430 1146 enirn
445 1080 616 1163 absumpto
631 1078 687 1144 illo
703 1099 868 1163 superesse
884 1081 993 1165 debeo,
1016 1103 1089 1146 cum
1103 1105 1128 1145 ro

120 1165 150 1230 ei
171 1164 311 1230 infelicis
333 1164 470 1230 militiae
491 1167 602 1230 auctor
622 1165 808 1232 extiterim’.
842 1166 917 1252 quid
932 1166 992 1232 hac
1014 1166 1090 1232 fide·
1134 1191 1149 1202 ’

119 1249 182 1314 lius
198 1247 441 1333 beniuolentia?¹
467 1252 605 1314 mortem
619 1249 716 1314 amici
736 1249 841 1318 hostis
864 1251 937 1317 odio
959 1251 1089 1333 leuauit,

120 1335 223 1398 uitam
244 1355 335 1399 suam
358 1332 485 1399 consilii
501 1333 636 1398 crimine
657 1334 822 1411 astrinxit,
851 1356 977 1419 quoque
999 1336 1090 1400 illum

119 1418 384 1484 miserabiliorem
405 1418 561 1501 redderet,
586 1439 620 1482 se
634 1417 714 1483 iecit
727 1419 922 1486 inuisiorem.
956 1440 1015 1484 nec
1032 1420 1091 1484 dif-

120 1502 221 1568 ficiles
236 1503 361 1570 Antoni
384 1523 477 1568 aures
496 1502 609 1567 habuit
631 1502 823 1587 ductusque,
846 1525 910 1588 quo
931 1503 1088 1587 uoluerat,
1104 1526 1129 1567 rs

120 1589 285 1652 dexteram
307 1587 433 1654 Luculli
456 1587 548 1653 auide
571 1587 749 1670 osculatus,
772 1591 886 1672 caput,
933 1590 998 1654 uod
1018 1589 1090 1656 abs-

122 1673 224 1738 cisum
252 1673 393 1756 iacebat,
425 1671 588 1738 sublatum
614 1673 736 1756 pectori
767 1692 826 1736 suo
853 1610 1028 1757 adplicauit
1054 1695 1091 1738 ac

120 1757 236 1822 deinde
264 1757 437 1824 demissam
465 1757 622 1822 ceruicem
652 1757 768 1823 uictori
795 1756 904 1842 gladio
931 1757 1090 1842 praebuit.

119 1841 269 1926 loquatur
292 1840 427 1908 Graecia
449 1841 572 1907 Thesea
593 1841 743 1908 nefandis
765 1841 904 1908 Pirithoi
931 1842 1091 1908 amoribus

120 1927 353 1993 suscribentem
369 1925 454 1993 Ditis
477 1948 510 1992 se
555 1927 633 1992 atris
655 1927 764 2012 regnis
780 1927 992 1994 commisisse:
1015 1927 1091 1994 uani
1105 1948 1131 1988 sc

121 2014 170 2076 cst
191 2011 278 2076 istud
304 2032 450 2092 narrare,
479 1949 569 2078 stulti
597 2011 735 2078 credere.
779 2011 917 2078 mixtum
946 2033 1092 2104 eruorem

120 2096 298 2162 amicorum
321 2099 354 2162 et
374 2096 561 2162 uulneribus
584 2097 703 2162 innexa
717 2096 853 2162 uulnera
871 2097 1029 2181 mortique
1043 2097 1092 2164 in-

120 2181 309 2246 haerentem
330 2185 468 2248 mortem
489 2182 615 2264 nidere,
639 2181 718 2246 haec
739 2187 816 2248 snut
837 2203 915 2246 uere
928 2179 1092 2248 &manae

121 2266 281 2332 amicitiae
303 2266 438 2350 indicia,
467 2266 525 2330 illa
551 2265 658 2350 gentis
680 2265 722 2330 ad
746 2266 933 2351 fingendum
961 2269 1092 2350 paratae

121 2353 268 2416 monstro
290 2351 409 2416 similia
430 2351 607 2416 mendacia.
1105 2372 1130 2414 aa

185 2453 217 2517 5.
261 2452 296 2516 L.
319 2473 446 2537 quoque
474 2452 645 2517 Petronius
673 2450 806 2516 huiusce
835 2450 938 2517 laudis
966 2471 1092 2516 consor·

121 2537 245 2602 tionem
272 2538 389 2602 merito
419 2537 578 2602 uindicat:
611 2535 701 2620 paria
728 2535 873 2601 enimin
901 2535 989 2602 cultu
1016 2536 1093 2600 emi·

121 2622 216 2686 citiae
238 2632 316 2686 aueo
337 2635 398 2706 par
419 2623 541 2708 gloriae
563 2621 668 2705 portio
692 2620 868 2686 adserenda
889 2624 950 2686 est.
985 2618 1093 2685 admo·
1209 2616 1219 2630 ”

121 2705 199 2771 dum
227 2706 342 2770 humili
369 2707 441 2772 loeo
470 2711 565 2772 natus
599 2705 638 2770 ad
669 2709 849 2790 equestrem
882 2705 1028 2771 ordinem
1062 2708 1094 2770 et

193 2932 204 2978 1
225 2928 259 2982 cri
275 2944 312 2985 m.
331 2925 389 2994 (sed
405 2942 435 3004 m
453 2924 578 3004 ercalL
594 2926 605 2992 ΙΙ
621 2923 796 3004 familialiter
813 2925 851 2979 L¹
865 2927 903 2994 1Ιό
921 2923 1008 3004 nimia
1025 2929 1051 2980 et
1068 2939 1093 3004 q.

120 3009 193 3062 ecqq.
212 3011 271 3064 usq.
290 2993 329 3048 ad
347 2995 381 3050 13
403 2992 483 3046 illum
506 3008 609 3048 misera
625 3009 660 3049 m.
678 2994 698 3046 2
714 3008 746 3046 sn
768 3007 824 3047 rae.
843 2997 1004 3064 mequetcore
1018 3007 1094 3047 scre-

117 3069 209 3129 ptura
226 3063 321 3118 multis
339 3061 509 3142 compendiis
526 3059 660 3116 celabitis
676 3060 704 3113 A
725 3061 735 3128 ΙΙ
755 3059 883 3141 pietate*
901 3064 980 3140 (ectr.
999 3074 1014 3114 e
1033 3076 1067 3114 ecc
1085 3061 1095 3113 i

121 3131 282 3252 aelel
296 3128 636 3265 celeusmate?
650 3127 948 3264 bertelinde
959 3127 1095 3250 ‘leil

122 3205 162 3320 lt¹
185 3267 195 3334 ΙΙ
217 3271 249 3322 18
289 3265 499 3344 'mnsamli41
521 3265 531 3332 l
551 3265 666 3341 uictoris
683 3263 749 3318 dett.
765 3264 854 3332 uacci
871 3265 880 3332 ΙΙ
904 3269 935 3318 19
952 3236 1050 3318 'thesea
1068 3268 1094 3344 (e

117 3339 211 3412 u
222 3335 306 3436 u>
321 3335 370 3414 cl
496 3330 910 3455 elcesaitae>
923 3331 1096 3456 elles

122 3402 373 3535 {laerlllmercllibalell,1
384 3417 443 3524 rlce
469 3469 485 3525 't
496 3467 595 3535 Halm,
612 3465 711 3520 inclitu
723 3466 769 3533 A¹,
788 3465 911 3536 inclytae
924 3467 963 3522 Αἱ
975 3439 985 3538 ll
998 3441 1095 3524 28'ad-

122 3537 243 3592 serenda
261 3539 300 3606 L,
319 3538 435 3592 adseren
457 3539 571 3606 a(ccrr.
591 3533 648 3602 all)
667 3534 695 3587 A
