2608 3952
8 2625 12 2644 ι
114 2575 391 2640 17,1;1115,4;

429 132 507 189 cAP.
525 133 577 202 VI,
594 131 658 192 Eut.
676 137 691 199 ξ
709 139 786 188 2-6.
1027 133 1091 200 259

113 284 174 351 ubi
196 282 358 350 maritima
380 285 486 370 gloria
507 286 621 371 inclyti
643 285 780 371 portus?
806 285 862 350 ubi
878 286 1002 351 cunctis
1017 287 1089 351 lito-

117 372 208 438 ribus
230 370 386 434 ierribilis
407 371 543 436 classis?
575 372 632 436 ubi
654 374 706 437 tot
726 371 908 436 exercitus?
941 370 996 436 ubi
1017 377 1089 436 tan·

115 461 170 520 tus
193 454 378 538 equitatus?
399 455 454 519 ubi
476 456 624 522 inmenso
644 456 775 520 Africae
798 456 904 540 spatio
925 477 991 520 non
1014 477 1090 521 con·

112 540 198 605 tenti
215 538 371 624 spiritns?
393 541 502 605 omnia
521 542 585 606 ista
598 541 723 606 duobus
739 541 942 625 Scipionibus
957 541 1090 606 fortuna

114 625 237 711 partita
260 627 325 689 est:
354 627 387 689 at
408 624 636 691 Philaenorum
659 625 781 712 egregii
802 626 880 690 facti
902 627 1116 690 memoriams

115 732 159 774 ne
181 709 305 793 patriae
328 709 459 793 quidem
481 711 631 775 interitus
647 712 794 778 extinxit.
827 709 911 773 nihil
927 714 975 775 est
989 711 1089 794 igitur

112 798 251 945 paxlcepta
273 795 404 891 uirtute,
412 879 419 892 .
421 795 513 942 ¹puori
535 795 665 860 mortali
680 797 789 860 animo
805 817 841 860 ac
856 815 954 860 manu
969 797 1089 860 inmor-

162 901 179 944 e
223 899 311 942 uaen
356 899 446 943 ossi.

179 901 223 1030 bil
237 901 386 1028 quenlili
408 957 520 1028 ardore
541 964 640 1049 plena
661 963 740 1029 haec
754 965 867 1048 pietas.
895 965 1088 1029 Aristoteles

114 1071 209 1127 uero,
240 1069 406 1132 supremae
428 1050 514 1114 uitae
537 1048 689 1132 reliquias
718 1049 873 1114 senilibus
900 1071 938 1114 ac
959 1049 1088 1134 rugosis
1104 1075 1127 1115 10

114 1133 268 1198 membris
297 1134 332 1196 in
363 1153 488 1198 summo
515 1134 696 1198 litterarum
724 1135 790 1198 otio
818 1136 873 1198 uix
907 1134 1090 1199 custodiens

114 1219 194 1284 adeo
216 1215 362 1282 ualenter
388 1239 448 1302 pro
477 1219 581 1282 salute
602 1218 724 1302 patriae
756 1219 923 1300 excubuit,
953 1222 990 1282 ut
1018 1240 1090 1283 eam

117 1304 189 1390 [ab]
212 1303 384 1367 hostilibus
406 1303 503 1368 armis
526 1302 596 1369 solo
619 1306 789 1387 aequatam
803 1304 838 1367 in
854 1304 972 1369 lectulo
989 1303 1089 1368 Athe-

114 1387 166 1452 nis
187 1387 315 1471 iacens,
338 1388 521 1472 etquidem
543 1385 760 1453 Macedonum
782 1388 946 1470 manibus,
973 1387 1089 1471 quibus

114 1473 241 1537 abiecta
263 1476 346 1555 erat,
372 1475 519 1557 erigeret.
548 1474 594 1538 ita
609 1493 674 1538 ooo
688 1477 755 1538 tom
770 1473 847 1536 urbs
870 1476 970 1537 strata
993 1476 1128 1556 atquem

115 1578 229 1624 euersa
255 1557 433 1621 Alexandri
462 1579 559 1642 quam
586 1558 735 1621 restituta
763 1556 946 1621 Aristotelis
973 1561 1089 1621 notum

118 1645 169 1707 est
189 1663 279 1726 opus.
317 1645 407 1726 patet
429 1663 506 1728 ergo
529 1664 623 1726 quam
646 1642 807 1727 benignae
833 1659 993 1726 quamque
1014 1663 1089 1724 pro-

117 1729 208 1792 fusae
230 1727 361 1811 pietatis
384 1748 462 1811 erga
483 1728 622 1812 patriam
637 1727 781 1792 omnium
796 1729 961 1810 ordinum,
975 1725 1090 1789 'omnis

118 1811 235 1877 aetatis
263 1811 410 1878 homines
439 1812 618 1892 extiterint,
652 1811 928 1895 sanctissimisque
957 1815 1089 1875 naturae

114 1897 242 1982 legibus
262 1897 472 1962 mirificorum
487 1899 584 1963 etiam
600 1897 821 1982 exemplorum
837 1897 952 1978 †clara
966 1895 1087 1960 mundo
1101 1921 1126 1961 ro

118 1982 286 2066 suscripsit
306 1982 446 2046 ubertas.

186 2171 200 2220 1
218 2167 363 2220 neor-suus
381 2167 419 2221 n
440 2169 451 2236 ιι
471 2174 487 2222 a
505 2149 631 2240 inmense
650 2168 873 2236 mucculentis
891 2141 973 2221 ami
992 2167 1003 2236 ι
1024 2172 1040 2220 s
1059 2169 1089 2220 at

115 2239 198 2303 (corr.
213 2251 246 2289 ec
258 2235 286 2303 a)
299 2235 478 2304 philenorum
490 2235 550 2289 LA
561 2237 571 2304 ΙΙ
584 2237 748 2290 memoriam
757 2247 791 2290 *a
803 2238 925 2304 (aeirem.
937 2252 966 2288 m
977 2236 1009 2289 iu
1020 2235 1087 2301 ros.)

113 2305 142 2358 A
154 2304 193 2372 {lb
211 2317 267 2356 ne*
285 2309 311 2369 (c
330 2305 411 2371 cras.)
429 2304 506 2372 Alli
525 2303 566 2370 qd
583 2303 613 2372 (d
630 2305 712 2370 corr.)
725 2303 765 2372 L,
785 2304 861 2383 quod
878 2303 925 2368 A’,
945 2319 1031 2372 quam
1048 2303 1088 2355 A¹

119 2373 129 2440 ΙΙ
147 2377 163 2426 8
185 2373 282 2440 posset
305 2371 387 2425 L¹A¹
411 2372 421 2438 u
446 2378 478 2424 10
500 2387 646 2440 supremas
667 2371 848 2436 Perizonius,
871 2372 948 2426 lmud
969 2373 1027 2426 scio
1048 2387 1088 2424 aa

113 2444 192 2494 recte.
224 2438 260 2504 cf.
274 2439 339 2518 ,ΙΙΙ
351 2442 379 2506 8,
398 2441 449 2506 18,·
471 2437 516 2492 VI
530 2442 558 2504 2,
577 2443 628 2516 18,ι
654 2437 756 2492 VIIII
770 2441 806 2491 12
824 2443 878 2496 eat.
896 2442 931 2504 8,·
948 2443 979 2492 at
995 2455 1025 2496 u.
1044 2438 1087 2497 ed.

114 2523 203 2562 'mm
220 2521 317 2564 'lm
332 2504 1089 2630 ²⁹·³⁷ll¹1²1lv‘lubllfftmadbflvltil‘liId{³

113 2642 481 2710 resuscitassemus
499 2615 535 2696 at
553 2614 702 2694 iosanaua
713 2612 774 2692 ni
788 2612 886 2706 dum,
905 2640 941 2694 ab
959 2589 1088 2694 hircini

116 2711 181 2769 deu,
202 2710 345 2777 comaclu,
373 2725 424 2765 uos
451 2711 487 2763 ab
510 2708 675 2763 inclusimus
698 2708 708 2776 ΙΙ
731 2707 849 2761 Athenis
876 2709 957 2762 Ioco.
980 2707 1087 2763 Sorech.

114 2777 300 2856 Polier.·VII
314 2781 332 2834 6
349 2783 375 2832 et
392 2777 524 2856 Locatast
542 2777 559 2830 l.
575 2792 613 2844 a,
632 2775 790 2854 atheniensi
801 2775 860 2829 LA
876 2776 987 2898 Halm.)
1001 2781 1032 2829 14
1049 2776 1088 2830 ia-

115 2847 301 2900 censendam
318 2846 378 2913 (sed
395 2863 405 2898 1
423 2851 449 2900 et
466 2862 493 2897 m
507 2844 632 2911 crnaA’,
650 2843 783 2913 equdem
794 2843 821 2897 L
834 2849 869 2911 at,
886 2849 919 2898 ut
933 2859 966 2898 uc
987 2883 1004 2910 .,
1022 2848 1089 2898 aare

114 2929 207 2968 rusam.
227 2913 256 2966 A
272 2915 283 2981 ll
299 2913 453 2967 macedone
472 2913 510 2966 L¹
528 2914 588 2982 11Αὸ
605 2929 636 2978 er
668 2914 729 2966 eret
746 2908 817 2977 LA,
837 2929 886 2967 em.
898 2911 992 2966 Aldus
1007 2911 1088 2980 nnon

114 2985 175 3034 tam
192 2995 286 3049 morso
303 2981 342 3046 A,
361 2995 412 3034 om.
424 2980 488 3049 LA,
508 2981 569 3049 tao
584 2981 627 3042 ad.
638 2931 689 3036 Alo
760 3026 767 3038 .
781 2979 877 3036 Halm.
896 2980 933 3046 ef.
947 2980 988 3038 cd.
1000 2995 1088 3034 meam

115 3048 184 3104 moi.
198 3062 228 3115 p.
241 3051 293 3102 445
305 3048 405 3170 lpurbis
416 3047 463 3118 LJ,
481 3049 550 3102 urbs
566 3053 639 3106 nbc.
658 3051 676 3107 l.
716 3051 734 3114 ³,
751 3049 822 3104 urbe
835 3050 873 3102 A¹
885 3048 896 3118 Η
908 3049 998 3102 strata
1016 3048 1085 3115 ata]

8 3171 16 3190 Ι
117 3115 230 3186 Stagira
253 3115 310 3185 Pip
328 3115 373 3170 ius
395 3112 406 3184 l
431 3122 462 3170 16
481 3133 566 3185 quam
584 3119 691 3186 (occisso
713 3131 769 3173 non
792 3118 863 3184 tam)
887 3116 993 3171 dolend.
1016 3131 1088 3170 oeus.

114 3185 264 3240 Eberhard
278 3180 395 3306 816ξέ1
408 3185 614 3253 ατίεὴὶιοῐθᾘελ
632 3190 687 3257 ,120
705 3201 771 3241 cara
787 3186 892 3264 mundo
909 3184 1086 3262 Berizorrc'us,

116 3254 195 3308 clara
217 3251 347 3319 abunda..
389 3254 472 3323 erwlw
489 3257 559 3308 1884
572 3272 604 3323 Ρ.
620 3261 682 3312 786,
696 3256 706 3322 ΙΙ
728 3263 759 3308 21
784 3253 951 3331 subscripslt
971 3252 1086 3306 ubertas

116 3321 155 3376 L³
173 3327 198 3377 et
216 3323 280 3378 dett.
294 3317 425 3391 uocauit
453 3313 778 3393 suscriptuumtesLA1,
798 3321 865 3376 odd.
879 3321 980 3375 ciuitas
991 3334 1087 3388 murco

116 3391 158 3459 L,
178 3393 317 3461 suscripta
333 3387 428 3462 theban
441 3407 476 3472 pr
493 3393 544 3456 A2„

885 3610 939 3665 17*
