2606 3958
373 177 451 233 CAP.
467 177 521 245 111,
540 183 556 246 ς
575 184 651 234 1-3.
681 178 735 233 1111
753 183 767 244 ἓ
782 184 804 237 1.
823 185 847 234 2.
1033 178 1097 246 319

127 331 242 396 uilium
276 331 439 395 consules:
472 333 538 396 tale
570 332 657 397 enim
684 334 865 397 monstrum
898 333 1002 418 magis
1031 353 1095 417 quc

128 419 273 499 tempore
300 416 477 481 extinctum
504 439 602 501 quam
630 437 693 501 quo
723 416 766 480 sit
794 419 899 482 ortum
920 420 1096 482 memoriae

128 499 321 565 tradendum
343 504 401 564 est

192 585 222 649 3.
250 583 425 649 Hortensia
447 607 525 650 uero
553 584 590 662 Q.
613 584 768 651 Hortensi
794 585 880 667 filia,
911 606 984 650 cum
1016 585 1095 651 ordo
1194 592 1201 605 ”

128 673 348 734 matronarum
375 671 468 755 graui
491 671 613 735 tributo
635 692 654 734 a
675 670 853 736 triumuiris
877 675 960 735 esset
982 691 1094 736 onera·
1120 683 1134 724 ⁶

127 758 179 819 tus
207 775 262 820 aee
289 754 458 839 quisquam
486 755 629 819 uirorum
658 754 872 838 patrocinium
901 755 947 819 eis
969 775 1095 820 accom-

129 837 259 903 modare
273 840 420 915 auderet,
443 859 573 904 causam
595 838 788 904 feminarum
803 839 888 923 apud
909 839 1095 904 triumuiros

128 926 161 988 et
189 927 376 989 constanter
403 928 436 988 et
463 924 602 988 feliciter
630 925 712 1008 egit:
745 927 987 1007 repraesentata
1009 924 1096 988 enim

128 1009 232 1092 patris
254 1008 408 1073 facundia
430 1009 619 1092 impetrauit
640 1013 678 1073 ut
699 1009 801 1072 maior
821 1029 896 1093 pars
918 1010 1096 1092 imperatae

128 1094 282 1177 pecuniae
314 1093 364 1157 his
396 1095 622 1159 remitteretur.
681 1093 798 1158 reuixit
836 1095 906 1157 tum
944 1093 1094 1157 muliebri
1108 1105 1134 1146 1⁰

129 1178 229 1260 stirpe
252 1177 287 1254 Q.
303 1176 496 1243 Hortensius
518 1177 688 1262 uerbisque
703 1178 787 1242 filiae
810 1177 980 1260 aspirauit,
1004 1178 1096 1243 ouius

129 1262 157 1326 si
179 1262 281 1325 uirilis
304 1283 397 1327 sexus
426 1263 548 1346 posteri
574 1262 642 1326 uim
670 1262 760 1346 sequi
782 1261 978 1342 uoluissent,
1011 1261 1096 1326 Hor-

127 1345 294 1410 tensianae
322 1346 523 1430 eloquentiae
550 1350 641 1410 tauta
669 1346 828 1410 hereditas
861 1367 928 1410 una
955 1347 1095 1413 feminae

127 1430 255 1496 actione
277 1430 418 1495 abscissa
439 1451 507 1494 non
530 1433 622 1496 esset.

333 1631 409 1697 llll.
441 1631 502 1697 DE
525 1630 886 1709 QVAESTIONIBVS.
1110 1643 1136 1684 1⁶

192 1770 300 1852 Atque
322 1769 359 1831 ut
380 1788 492 1833 omnes
507 1767 698 1832 iudiciorum
717 1789 868 1833 numeros
889 1789 1094 1853 exequamur,

127 1853 344 1940 quaestiones,
381 1852 498 1936 quibus
532 1857 589 1917 aut
616 1852 774 1917 creditum
801 1874 870 1918 non
898 1857 948 1918 est
973 1857 1028 1917 aut
1050 1857 1096 1919 t·

127 1959 213 2003 mere
235 1937 346 2002 habita
367 1936 445 2001 fidas
469 1940 532 2022 est,
554 1937 740 2002 referamus.

194 2025 221 2087 1.
246 2022 290 2088 M.
302 2023 396 2107 Agrii
413 2022 589 2106 argentarii
604 2043 716 2086 seruus
733 2021 916 2086 Alexander
930 2024 971 2092 A.
988 2021 1093 2086 Fanni

127 2129 254 2172 seruum
278 2107 431 2171 occidisse
453 2106 657 2172 insimulatus
680 2109 730 2170 est
752 2128 852 2191 eoque
875 2107 1006 2172 nomine
1029 2111 1094 2172 tor·
1107 2120 1134 2161 ²⁰

126 2197 180 2258 tus
208 2213 227 2255 a
254 2190 382 2255 domino
415 2191 579 2256 admisisse
611 2191 644 2255 id
674 2191 801 2255 facinus
838 2191 1096 2256 constantissime

128 2275 341 2341 adseuerauit.
391 2277 500 2359 itaque
534 2275 659 2340 Fannio
694 2275 820 2339 deditus
854 2275 1013 2359 supplicio
1042 2277 1096 2341 ad-

127 2361 232 2426 fectus
255 2363 312 2424 est.
362 2360 498 2444 paruulo
527 2360 641 2424 deinde
668 2363 814 2444 tempore
836 2361 1006 2426 interiecto
1029 2360 1094 2441 illc,

128 2445 218 2510 cuius
242 2444 281 2509 de
302 2463 382 2508 nece
405 2444 558 2509 creditum
582 2448 666 2523 erat,
689 2444 816 2509 domum
839 2444 944 2510 rediit.

191 2529 221 2593 2.
256 2527 376 2594 Contra
403 2528 439 2593 Ρ.
463 2530 568 2594 Atinii
596 2550 708 2593 seruus
730 2529 927 2613 Alexander,
957 2550 1031 2594 cum
1060 2529 1135 2594 ina

130 2613 242 2700 [hano]
267 2613 480 2697 suspicionem
509 2613 542 2679 O.
565 2613 669 2678 Flauii
697 2614 813 2698 equitis
836 2613 975 2679 Romani
997 2615 1095 2679 occisi

128 2699 284 2778 uenisset,
313 2700 416 2764 sexies
443 2701 549 2764 tortus
578 2699 769 2784 pernegauit
798 2699 828 2763 ei
849 2720 883 2764 se
905 2699 1018 2784 culpae
1041 2699 1097 2763 ad·

197 2891 212 2938 3
236 2883 405 2938 trahendum
423 2884 494 2938 LA¹
515 2884 525 2952 l
547 2888 562 2935 6
580 2898 633 2937 nec
651 2897 701 2940 om.
722 2883 803 2938 L¹A¹
825 2886 834 2953 ΙΙ
856 2891 880 2943 9.
899 2884 953 2939 litt.
971 2879 1015 2938 ior
1030 2900 1097 2954 pars

127 2951 251 3088 {aperiat
267 2952 299 3005 111
315 2967 371 3070 pas:
390 2952 439 3030 At}
452 2952 603 3076 ifflpettrate
622 2950 649 3004 L
661 2952 672 3020 ss
685 2957 717 3005 10
734 2952 769 3073 itis
783 2951 896 3074 ,Hamil
911 2959 941 3006 11
960 2952 1098 3072 optantius

127 3087 228 3165 Norat
245 3034 314 3140 odils
318 3033 370 3153 plu
366 3036 476 3166 2114ἷῖ113,
498 3033 636 3154 νοθααῗοζζῖ
653 3034 738 3153 lalldl
750 3035 1007 3158 llrlllmacciindoldl
1018 3036 1098 3209 {dd}

127 3171 200 3210 screa
218 3153 325 3221 ΒΕΓ,
350 3169 440 3208 actaeo
457 3171 495 3210 aa
512 3161 582 3210 recte
603 3155 615 3225 ss
637 3162 668 3210 15
690 3153 740 3209 Da
764 3154 1015 3221 QVESTIONIBV
1060 3154 1096 3221 L,

126 3223 160 3277 in
177 3238 233 3280 rac,
251 3222 290 3288 A,
314 3221 379 3276 odd.
400 3239 422 3276 c.
435 3223 517 3277 titus.
535 3222 556 3276 t.
576 3223 612 3277 de
630 3221 780 3278 seruilibus
800 3238 895 3302 morpc
912 3225 940 3277 A
963 3240 977 3279 c
998 3225 1070 3279 Par.
1083 3225 1094 3294 ΙΙ

129 3296 160 3344 17
184 3289 432 3360 quihusutA1n
456 3296 485 3346 19
508 3307 580 3344 seru,
602 3290 749 3345 alexandri
775 3291 868 3346 rafam
890 3291 917 3345 L
945 3297 971 3346 et
993 3294 1033 3348 sic
1050 3293 1097 3354 A1.

127 3374 196 3436 corr.
216 3376 229 3413 e
246 3358 316 3412 Par.
339 3358 463 3478 11111121
488 3358 518 3436 id
539 3358 580 3425 A,
604 3358 653 3412 scd
674 3359 726 3425 L1,
753 3376 782 3415 se
805 3359 834 3413 id
851 3359 890 3414 L³
909 3361 1092 3432 ΓΡ191111111

127 3431 160 3480 23
178 3426 228 3480 illo
245 3425 285 3479 L¹
305 3426 316 3495 ΙΙ
339 3430 372 3479 25
415 3471 420 3484 .
439 3426 522 3480 stimi
545 3443 567 3480 s.
586 3428 670 3492 Par„
692 3427 796 3497 putinii
819 3444 919 3482 seruus
937 3430 970 3483 ia
987 3445 1041 3486 rae.
1060 3432 1097 3496 A,

127 3493 220 3549 rafani
238 3509 337 3548 seruus
355 3493 382 3547 L
401 3493 467 3550 dett.
486 3495 497 3562 l
518 3499 550 3548 26
568 3494 642 3548 hanc
659 3493 717 3549 LA
736 3496 811 3563 dett,
829 3512 879 3552 om.
898 3499 968 3553 Por.
989 3500 999 3568 ΙΙ
1019 3497 1099 3554 1111111

127 3562 197 3617 Por.
216 3567 241 3617 et
260 3561 333 3629 dett,
350 3560 379 3616 fl.
397 3562 456 3615 LA
469 3563 479 3632 ll
492 3568 524 3617 37
543 3562 657 3616 sexties
676 3564 702 3631 (s
721 3567 803 3634 eras.)
822 3564 849 3619 L
