2540 3950
496 130 708 192 riurei-³4.
1025 133 1088 199 609

185 291 235 352 aa.
258 289 422 350 Mitridatis
444 291 475 349 ei
489 290 649 350 nausicaa
668 287 732 350 iiis
746 289 905 366 Dripatina
925 236 1221 369 geminatistfatti

111 376 256 438 dentium
277 375 432 435 ordinibus
452 376 552 451 turpis
574 374 642 435 fuit.
668 392 745 452 quae
767 377 883 451 patrem
905 393 923 435 a
944 375 1086 453 Pompeio

11 455 21 465 ”
114 460 235 522 uictum
256 462 357 520 secuta
380 461 436 521 est.
1008 513 1009 516 ,

185 545 234 605 26.
271 544 300 604 A
321 543 467 621 Lilybaeo
496 543 681 622 egredientes
709 562 801 605 naues
829 543 943 622 Clypea
970 545 1089 605 Africae
1107 552 1221 621 8,li.14

81 623 246 692 sciuitate
269 628 377 688 Strabo
400 628 521 706 quidam
542 628 700 705 speculans
722 628 925 693 enumerabat.

2 709 27 740 ⁴
186 715 236 775 27.
273 712 479 774 Aristomenes
506 713 674 774 Messenius
702 712 915 774 callidissimus
944 714 1089 776 aduersus
1107 725 1131 783 8,
1145 721 1176 776 Ε.
1189 726 1221 776 18

9 785 24 826 ²³
116 797 321 858 Athenienses
342 797 410 858 fuit.
438 816 527 874 quem
548 797 671 857 tandem
692 800 813 875 captum
827 802 1010 876 aperuerunt
1024 817 1088 859 cor·

11 898 22 912 ·
117 902 179 962 que
201 884 333 960 pilosum
354 885 540 959 repererunt.

12 959 18 996 ’·
187 968 238 1028 28.
260 967 451 1044 Polystratus
466 968 497 1026 et
512 965 706 1044 Hippoclides
728 970 759 1027 et
780 984 841 1028 uno
863 965 911 1027 die
933 967 999 1028 nati
1018 970 1090 1030 eunt
1107 980 1133 1043 8,
1145 973 1178 1031 u.
1195 980 1227 1029 17

74 1071 103 1112 so
122 1056 155 1114 et
182 1052 271 1112 ambo
293 1051 435 1126 Epicurei
462 1052 599 1125 fuerunt,
627 1052 835 1120 communibus
861 1052 908 1113 usi
934 1051 1088 1129 discipulis

1 1137 6 1170 ⁷
119 1141 194 1199 sunt
216 1140 247 1196 et
268 1135 457 1212 patrimoniis
478 1136 644 1212 eodemque
666 1139 817 1198 momento
839 1139 911 1198 sunt
932 1137 1053 1196 mortui.

1 1215 14 1258 ³²⁶
152 1223 155 1229 '
187 1223 237 1282 29.
274 1219 430 1282 Cretenses
458 1238 572 1297 caprae,
599 1239 667 1280 cum
695 1221 827 1282 confixae
857 1224 943 1296 sunt,
964 1222 1089 1284 herbam
1106 1233 1132 1297 8,
1145 1227 1176 1283 Ε.
1189 1234 1221 1285 18

1 1300 21 1344 1³
121 1306 308 1366 dictamnum
330 1303 488 1366 comedunt
510 1308 542 1365 et
562 1305 624 1364 tela
645 1305 809 1366 uisceribus
831 1306 971 1368 eiectant.

1 1387 16 1428 Ψ
188 1392 239 1452 30.
263 1388 376 1467 Caprae
397 1390 430 1449 in
445 1387 624 1466 Cephalania
644 1407 705 1450 non
728 1408 844 1466 semper
865 1408 958 1467 aquae
973 1391 1089 1468 potant,
1109 1402 1134 1466 8,
1145 1395 1177 1452 Ε.
1189 1402 1222 1453 18

82 1475 176 1537 snaed
198 1493 254 1552 per
274 1475 417 1536 maiorem
438 1475 511 1534 anni
532 1477 648 1551 partem
668 1478 771 1552 aperto
788 1493 839 1536 ore
854 1477 926 1536 eunt
940 1475 1094 1536 cadentes-

1 1576 7 1600 ³
122 1577 182 1640 que
204 1577 296 1635 aquas
318 1557 480 1637 excipiunt.

189 1646 238 1704 31.
270 1643 307 1703 In
334 1644 446 1721 templo
473 1641 597 1704 Iunonis
618 1643 756 1703 Laciniae
782 1662 946 1721 numquam
975 1663 1011 1703 ex
1041 1661 1094 1706 ara
1110 1654 1136 1719 8,
1148 1649 1180 1710 E.
1193 1656 1224 1705 19

125 1729 200 1790 cinis
223 1731 314 1788 uento
337 1727 507 1804 depellitur.

189 1813 241 1874 32.
282 1811 319 1873 In
346 1812 473 1892 Assyria
500 1816 532 1872 et
561 1812 641 1889 apud
668 1811 771 1873 Medos
805 1831 841 1874 ea
867 1812 914 1872 uis
942 1812 1093 1874 interdum
1106 1839 1152 1874 om
1162 1829 1217 1872 var.

6 1925 12 1938 ·
85 1914 113 1958 au
129 1899 221 1958 uento
250 1899 311 1972 est,
340 1899 375 1956 ut
402 1896 534 1975 correpti
560 1897 678 1974 equites
704 1895 880 1974 peditesque
907 1897 939 1957 in
967 1897 1095 1958 ducenta

126 1982 226 2044 stadia
247 2001 301 2059 par
322 1989 422 2042 aerem
442 1983 590 2041 leuentur.

192 2067 242 2127 33.
265 2065 335 2127 Non
358 2068 404 2126 est
424 2066 613 2144 incognitum
627 2068 729 2126 tantae
745 2064 961 2144 magnitudinis
976 2083 1093 2142 serpen-
1111 2077 1136 2140 8,
1149 2072 1180 2127 Ε.
1195 2077 1226 2127 19

0 2183 1 2188 κ
127 2154 190 2212 tem
223 2151 365 2211 exercitui
396 2148 486 2211 Atilii
518 2150 627 2228 Reguli
659 2151 743 2210 iuxta
775 2151 942 2228 Bagradam
975 2150 1094 2212 Africae

129 2254 249 2296 amnem
271 2235 416 2296 infestum
437 2235 539 2311 fnisse,
562 2237 598 2294 ut
619 2253 721 2313 pugna
742 2237 848 2296 contra
869 2255 939 2296 eum
961 2239 1039 2297 esset
1052 2238 1097 2297 in·

90 2320 242 2398 secunda,
273 2317 405 2396 cumque
424 2318 534 2397 configi
555 2319 659 2380 iaculis
681 2338 753 2396 prae
774 2320 849 2380 corii
871 2320 1013 2382 uastitate
1035 2339 1097 2381 non

129 2408 240 2481 posset,
264 2402 394 2466 ballistia
416 2407 447 2465 et
468 2405 547 2465 saxis
570 2423 634 2465 esse
654 2404 878 2482 interemptum,
900 2406 1024 2482 eiusque
1039 2408 1097 2466 ter·

130 2509 202 2566 gum
224 2491 345 2550 centum
368 2493 399 2549 et
419 2488 529 2568 uiginti
551 2488 677 2566 pedibus
700 2491 853 2550 extentum
875 2489 908 2549 in
922 2490 1097 2550 ostentatio-

130 2592 199 2635 nem
220 2574 355 2635 miraculi
376 2573 503 2636 Romam
525 2574 659 2638 missum.

194 2660 245 2720 34.
267 2659 348 2719 Bura
370 2661 400 2718 et
413 2657 516 2720 Helice
537 2658 627 2718 urbes
649 2658 682 2717 in
693 2657 823 2718 Achaico
844 2657 933 2719 litore
955 2658 1094 2720 fluctibus
1108 2658 1211 2701 ΜΝ·

199 2845 212 2893 1
230 2837 353 2894 laudicia
370 2838 441 2906 cod,
459 2837 728 2908 praedestinandum
746 2851 801 2894 esse
819 2839 1031 2906 i=Auadsalod
1050 2838 1099 2894 do·

131 2907 188 2962 ecit
207 2903 309 2962 Certa*
330 2907 391 2962 coti.
410 2905 650 2975 Papa-Bemeler.
676 2905 785 2962 Gmcct.
802 2904 997 2976 Etpaancmea
1017 2922 1039 2962 s.
1058 2922 1096 2972 aa,

131 2974 267 3029 Laodicea
285 2973 373 3029 Halm
395 2975 406 3044 t
430 2974 480 3028 Dri
502 2974 580 3029 atina
598 2974 700 3029 Gesta·
718 2990 732 3029 e
752 2972 826 3042 Vct,
856 2973 929 3028 Trici
951 2973 1023 3028 itina
1039 2973 1098 3029 cod.

131 3041 217 3096 Halm
229 3043 269 3110 l4
286 3042 378 3112 clipea
395 3043 454 3099 cod.
498 3044 564 3108 clm,
580 3041 646 3109 fort.
664 3058 680 3096 a
699 3039 807 3111 Clypea
826 2991 979 3110 Gerta⁸tt
996 3041 1098 3096 ciuitas

132 3109 228 3166 sanabo
246 3109 362 3180 quidam
380 3110 448 3177 cod,
467 3127 516 3170 era.
533 3109 598 3165 Mai
615 3126 630 3165 e
646 3110 724 3165 Plias.
741 3125 770 3164 rs.
788 3110 813 3165 li.
831 3109 896 3164 VII
909 3112 955 3176 21,
966 3113 1002 3164 85
1014 3110 1024 3178 t
1037 3124 1098 3177 epe·

133 3176 244 3232 calentia
260 3177 429 3233 numerabat
441 3179 451 3247 ΙΙ
464 3183 496 3233 10
515 3178 544 3234 et
555 3178 841 3242 commonstrarem,
852 3182 885 3234 ut
896 3177 967 3244 aid,
978 3177 1076 3232 Gesta*

134 3251 164 3368 a
181 3245 518 3384 derisurus
529 3248 638 3369 litii
661 3312 1039 3383 .

130 3383 207 3450 pm
225 3386 250 3436 et
266 3381 397 3436 Edatur
434 3383 452 3437 l.
470 3398 508 3448 c,
538 3382 568 3435 in
591 3382 668 3436 unda
689 3380 747 3437 cod.
765 3380 854 3436 Halm
874 3381 885 3450 11
909 3386 942 3436 28
978 3397 1010 3436 ro
1029 3379 1119 3436 corii

133 3450 203 3507 uast.
221 3450 280 3504 cod.
300 3448 401 3515 Halm,
424 3466 474 3506 em.
495 3449 606 3518 Gestat
657 3450 755 3518 rupter
772 3449 840 3528 corii
857 3399 1022 3505 uastitatem
1040 3447 1099 3505 No·

133 3517 183 3572 out
195 3519 206 3587 ss
218 3523 251 3573 29
269 3517 355 3588 Bura]
376 3518 412 3586 cs.
428 3517 509 3576 Plias.
527 3533 556 3574 a.
574 3517 600 3573 la
618 3467 658 3576 ἦ
672 3520 717 3587 92,
729 3520 786 3576 206
797 3517 807 3588 fl
819 3516 861 3588 in]
881 3517 914 3572 ut

182 3612 243 3654 van.
256 3613 322 3656 Max
914 3609 947 3659 39
