2540 3950
230 161 293 225 602
517 158 722 214 NEPOTIANI
739 159 904 214 EPITOMA

112 416 228 459 veum
526 384 610 443 VIII.
647 384 701 443 DE
725 383 900 445 SOMNIIS.

164 514 212 576 7,1
297 506 326 563 1.
354 503 534 564 Octauianus
549 501 705 578 Augustus
727 522 817 581 aeger
836 505 868 563 in
890 505 996 566 castris
1019 505 1219 567 Pharsalicis

230 590 302 648 eret.
341 606 465 664 cumque
493 588 572 663 apud
593 587 751 664 Philippos
777 589 843 648 luce
871 591 1000 648 uentura
1030 593 1217 650 certaturae

231 672 313 733 ciuili
334 673 414 732 inter
435 690 465 732 se
485 671 565 731 bello
579 672 729 732 Romanae
751 692 855 732 manus
871 676 981 746 essent,
1004 673 1162 734 MInerua
1185 679 1216 735 in

232 758 343 817 somnis
371 759 437 815 uisa
463 757 578 816 medico
606 757 670 816 eius
697 757 818 817 Artorio
846 758 934 818 iussit
958 762 977 827 †
998 777 1038 818 ne
1064 779 1103 818 eo
1132 761 1236 820 bellos

230 843 370 918 Augusto
393 860 466 917 opus
490 844 578 901 esset.
614 841 653 900 ed
675 842 753 917 quod
776 842 923 918 proelium
946 861 1014 902 cum
1035 845 1159 904 lectica
1175 847 1215 904 la·

230 929 280 985 tus
296 929 383 1000 esset,
406 927 524 986 intento
540 944 573 985 eo
588 926 619 984 in
634 926 797 985 aduentum
813 927 954 986 uictoriae
969 926 1090 988 Brutus
1109 933 1215 990 castra

231 1010 294 1070 eius
317 1012 404 1086 cepit.
742 1063 744 1066 .

166 1104 218 1168 ‘he
296 1096 323 1153 2.
362 1094 523 1171 Calpurnia
555 1113 631 1153 uxor
662 1095 732 1153 Iulii
764 1092 897 1154 Caesaris
930 1095 1009 1154 uidit
1029 1097 1064 1154 in
1090 1101 1213 1157 somnis

229 1180 369 1237 maritum
392 1199 478 1238 suum
500 1177 671 1238 confossum
692 1180 867 1238 uulneribus
887 1179 1001 1239 insinn
1018 1183 1242 1242 anciacense

230 1263 329 1322 orauit
352 1263 507 1323 Caesarem
535 1282 573 1321 ne
601 1282 635 1323 eo
663 1283 749 1322 mane
776 1264 872 1324 abiret
898 1265 929 1323 in
952 1267 1104 1324 senatum.
1159 1268 1212 1326 sed

230 1348 282 1406 ille
311 1349 509 1424 auspiciorum
538 1366 626 1423 saepe
648 1349 809 1424 neglegens
832 1350 1013 1424 contempsit
1035 1352 1212 1426 somnium,

120 1457 125 1468 ·
231 1432 282 1492 sed
305 1434 385 1493 exitu
406 1432 554 1509 probauit.

163 1527 212 1589 1,3
295 1518 324 1575 3.
352 1517 385 1576 Ρ.
401 1517 509 1576 Decius
531 1517 598 1576 Mus
621 1519 652 1576 et
674 1517 709 1575 Τ.
722 1516 843 1592 Mallius
864 1517 1036 1593 Torquatus
1060 1522 1212 1580 consules

230 1601 308 1660 bello
330 1600 439 1660 Latino
462 1601 650 1679 somniarunt
678 1601 735 1660 diis
757 1601 896 1661 Manibus
917 1602 1089 1677 Terraeque
1113 1608 1241 1664 matria

231 1686 354 1745 alterius
377 1686 472 1762 partis
495 1685 616 1764 ducem,
643 1686 766 1745 alterius
789 1686 950 1745 exercitum
973 1687 1088 1746 deberi.
1139 1708 1210 1750 cum

231 1771 387 1830 consulum
410 1770 523 1830 somnia
545 1770 750 1842 conuenirent,
774 1771 903 1830 consulti
925 1770 966 1830 dii
989 1773 1071 1830 sunt.
1121 1773 1209 1833 idem
1257 1785 1258 1800 ¹

231 1875 267 1915 ex
290 1855 421 1931 auspicio
443 1872 619 1930 responsum
635 1856 691 1913 est.
715 1857 851 1914 ooaueae't
865 1855 944 1913 inter
958 1855 1080 1914 eosdem
1098 1857 1205 1932 duces,

231 1942 267 1998 ut
288 1941 314 1999 is
341 1959 372 2000 se
395 1939 485 1998 morti
507 1938 643 2015 offerret,
674 1939 757 1998 cuius
772 1956 873 2004 ¹cornu
895 1942 925 1997 et
945 1939 1024 1999 ecies
1046 1941 1139 2015 prius
1164 1962 1209 2003 oe-

232 2024 300 2083 dere
322 2025 468 2099 coepisset
488 2025 519 2082 in
543 2023 666 2099 proelio.
703 2022 828 2082 Decium
850 2023 982 2100 gloriose
1003 2023 1068 2082 feta
1092 2045 1205 2103 rapue·
1218 2042 1237 2080 u

230 2110 311 2182 runt,
328 2109 463 2183 quamuis
479 2111 510 2167 et
522 2107 691 2184 Torquatus
706 2109 782 2167 mori
796 2127 849 2183 pro
865 2109 962 2184 patrie
974 2113 1203 2185 praeoptasset.

165 2199 218 2264 7,5
293 2193 322 2250 4.
352 2191 488 2251 Ciceroni
502 2193 590 2265 exuli,
613 2211 679 2251 cum
696 2193 862 2268 quiesceret
882 2193 914 2251 iu
928 2193 1002 2252 uilla
1017 2196 1119 2270 campi
1134 2197 1206 2256 Ati-

230 2275 323 2350 nutis,
350 2277 383 2335 in
406 2277 517 2336 somnis
540 2278 669 2337 occurrit
690 2277 790 2354 imago
813 2275 848 2336 G.
871 2277 959 2336 Marii
980 2296 1048 2336 cum
1070 2279 1207 2357 insigni·

231 2361 286 2420 bus
315 2362 504 2435 consulatus,
533 2363 676 2439 uisusque
704 2381 772 2420 eum
801 2361 900 2422 lictori
923 2362 1054 2433 tradere,
1090 2365 1149 2438 qui
1175 2367 1206 2424 in

298 2531 313 2578 2
332 2524 469 2578 farsalicia
486 2524 545 2580 coci.
556 2525 652 2590 Halm,
672 2525 778 2596 dolend,
797 2540 867 2578 aare.
879 2524 1030 2579 Eberhard
1048 2529 1074 2578 et
1089 2526 1203 2594 Germ

231 2591 326 2647 debito
347 2609 386 2647 are
411 2592 492 2661 Nep,
536 2608 575 2645 aa
598 2597 656 2646 erat
678 2593 841 2662 e'paororeh'a
861 2593 1068 2647 notissimarum
1096 2611 1205 2660 rorata

231 2660 337 2715 eosdem
350 2661 497 2730 putauerit
542 2660 694 2715 harsalicos
711 2665 737 2724 et
753 2659 916 2728 Philippica
933 2675 1049 2728 campos.
1077 2668 1203 2718 eaerum

229 2729 345 2783 similem
369 2729 489 2783 aliorum
512 2742 629 2782 errorem
646 2732 781 2782 notarunt
798 2727 915 2794 interpr.
936 2728 975 2781 ael
997 2727 1074 2796 Verp.
1096 2729 1201 2801 Georp.

230 2796 253 2848 I
265 2800 318 2850 489
341 2797 351 2865 ΙΙ
375 2804 390 2850 3
414 2796 572 2849 certaturae
591 2794 668 2848 ciuili
685 2795 761 2848 inter
778 2795 847 2863 (se)
865 2795 941 2849 bello
959 2795 1112 2850 Eberhard
1130 2797 1149 2851 l.
1170 2816 1202 2864 c,

231 2866 299 2918 cert.
324 2864 407 2918 ciuile
429 2863 503 2916 inter
526 2862 633 2916 bellum
655 2863 713 2917 cod.
737 2867 762 2916 et
781 2862 847 2917 cdd.
871 2877 901 2916 se
921 2869 984 2931 post
1005 2862 1080 2916 inter
1099 2863 1201 2932 Halm,

232 2932 373 2986 cserturae
392 2932 436 2999 (=
449 2932 533 2996 eone.)
553 2930 636 2984 ciuile
655 2929 775 2984 interes
793 2929 901 2984 bellum
920 2930 1019 2984 Gertz*
1042 2930 1053 2998 ΙΙ
1074 2936 1090 2982 5
1109 2949 1147 2985 ne
1168 2950 1201 2987 ee

232 2998 308 3054 bello
327 3000 454 3067 Augusto
472 3013 542 3063 opus
562 3000 636 3052 esset
647 2998 705 3056 cod.
717 2998 789 3065 Mai,
807 2997 838 3050 in
850 3012 883 3050 eo
896 2997 971 3051 bello
984 2999 1113 3067 Augusto
1127 3015 1200 3070 opus

231 3082 290 3121 esee
309 3066 397 3121 Halm
420 3082 434 3120 e
455 3066 524 3120 onai.
554 3065 689 3131 Christia',
715 3081 751 3118 ne
775 3081 808 3119 eo
826 3064 903 3118 bello
923 3066 1067 3134 Augustus
1085 3065 1202 3122 abesset

233 3134 345 3199 (law,
375 3150 411 3187 ne
435 3149 467 3188 eo
490 3133 565 3186 bello
591 3133 734 3200 Augustus
758 3133 856 3202 procul
875 3133 949 3185 esset
965 3137 1048 3198 recte,
1075 3137 1108 3186 at
1126 3135 1199 3200 aid„

230 3201 376 3256 Eberhard
388 3201 406 3254 l.
416 3217 437 3254 e.
452 3203 462 3268 ΙΙ
475 3202 577 3278 resset
591 3201 700 3278 Gerra&
720 3203 774 3256 eet:
793 3199 843 3278 sed
855 3201 913 3254 coel.
926 3199 1013 3254 Halm
1026 3201 1199 3324 1111119ηοὶοὲ

232 3275 263 3321 12
286 3284 325 3321 are
347 3270 524 3334 contempnt.
548 3268 692 3321 Somnium
716 3285 746 3323 ee
770 3270 865 3322 exilu?
891 3266 1000 3328 Germ
1027 3267 1124 3322 malem
1146 3285 1178 3324 se

231 3334 321 3386 exitus
338 3334 493 3402 probauitll
508 3341 537 3387 11
557 3333 587 3393 Τ.
605 3350 639 3389 su
679 3336 696 3388 l.
716 3334 815 3389 Gertz*
829 3335 838 3402 ΙΙ
851 3334 971 3387 Manlius
982 3334 1069 3389 Halm
1081 3336 1091 3403 l
1105 3341 1138 3388 16
1158 3338 1200 3391 al·

157 3462 160 3468 Ι
229 3399 317 3451 terius
334 3401 424 3468 partie
442 3400 541 3454 ducem
565 3415 615 3455 om.
668 3403 698 3456 ai
721 3405 731 3471 11
757 3408 787 3456 18
805 3403 939 3455 conuenit
956 3417 1006 3458 om.
1026 3403 1099 3466 cod„
1126 3405 1197 3462 aaa.

230 3464 317 3538 Ealm
335 3481 349 3518 e
370 3465 445 3531 Vah,
464 3468 573 3522 mauult
594 3470 709 3537 pactum
735 3471 777 3522 est
799 3469 925 3537 supplere
950 3469 1054 3528 Gertz*
1079 3471 1089 3538 ΙΙ
1115 3477 1147 3526 19
1168 3477 1200 3527 ut

229 3544 289 3594 ipae
302 3531 312 3595 l
325 3535 358 3582 20
375 3531 449 3584 facte
466 3534 602 3588 cod.'Mai
613 3537 623 3602 fl
636 3541 667 3590 21
686 3552 763 3590 more
777 3538 832 3604 1111
850 3536 974 3590 altinatis
