2604 3960
218 107 281 171 216
644 104 711 158 ΗΒ.
730 105 764 158 V.

218 279 306 322 mum
328 255 500 322 Numidiae
522 277 649 342 regem,
672 257 835 340 captiuum
857 256 893 320 in
916 255 1060 320 custodia
1076 255 1191 320 Tiburi

218 344 380 406 mortuum
404 342 533 426 publico
548 343 661 406 funere
676 343 800 406 censuit
816 340 1024 424 efferendum,
1048 345 1087 405 ut
1102 341 1191 405 uitae

219 427 304 491 dono
326 426 482 491 honorem
504 427 689 511 sepulturae
704 427 852 491 adiceret.
889 429 941 490 lc.
965 425 1190 510 consimilique

222 511 392 576 clementia
406 512 441 576 in
453 511 549 576 Perse
564 533 640 575 usus
656 513 719 575 est:
734 533 810 576 nam
825 532 898 575 cum
914 510 1026 588 Albae,
1042 511 1078 574 in
1093 531 1190 594 quam

193 596 381 662 acustcdiae
405 618 500 661 causa
522 597 683 681 relegatus
706 599 790 680 erat,
813 596 1015 678 decessisset,
1042 599 1190 678 quaesto·

218 703 287 746 rem
309 682 405 764 misit,
429 683 484 765 qui
500 703 573 745 eum
587 681 715 765 publico
736 681 849 745 funere
866 680 1002 762 efferret,
1026 701 1068 744 ne
1083 679 1191 764 regias

218 767 369 849 reliquias
392 767 496 830 iacere
518 767 729 830 inhonoratas
752 768 973 850 patereturt

285 850 341 914 ld.
362 849 518 914 Hostibus
533 850 612 916 haec
627 854 660 915 et
675 851 799 916 miseris
814 853 847 915 et
860 849 928 914 fato
943 849 1064 915 functis
1080 848 1189 914 officia

221 933 373 1020 [regibus]
398 938 538 1020 erogata,
562 935 619 999 illa
640 936 749 1000 amicis
766 939 798 1000 et
811 935 960 1000 felicibus
982 938 1015 999 et
1030 935 1118 998 uiuis
1132 935 1188 998 tri·

181 1045 206 1084 ιο
218 1021 297 1083 buta
326 1023 410 1082 sunt.
455 1019 601 1084 confecto
623 1019 831 1085 Macedonico
858 1020 944 1085 bello
971 1017 1189 1084 Musochanes

219 1103 409 1167 Masinissae
430 1103 515 1168 fflius
539 1126 610 1169 cum
633 1105 809 1189 equitibus,
832 1126 913 1188 quos
936 1106 971 1169 in
992 1103 1190 1188 praesidium

218 1186 436 1252 Romanorum
458 1189 648 1273 adduxerat,
672 1190 711 1254 ab
734 1190 928 1274 imperatore
944 1188 1046 1253 Paulo
1070 1189 1111 1252 ad
1132 1209 1190 1271 pa-

217 1275 301 1335 trem
321 1272 474 1336 remissus
495 1278 686 1358 tempestate
708 1276 807 1339 classe
824 1273 965 1358 dispersa
981 1271 1190 1336 Brundisium

219 1376 315 1441 aeger
337 1356 460 1422 delatus
484 1362 542 1422 est.
584 1358 670 1441 quod
692 1359 747 1423 ubi
769 1361 898 1423 senatus
921 1357 1093 1442 cognouit,
1118 1373 1191 1422 con·

181 1467 205 1507 15
218 1441 310 1506 tinuo
334 1441 389 1506 illo
417 1447 618 1526 quaestorem
646 1443 693 1507 ire
714 1444 821 1523 iussit,
852 1443 941 1507 cuius
966 1463 1043 1506 cura
1073 1446 1106 1505 et
1131 1441 1190 1506 ho-

218 1526 349 1609 spitium
372 1527 569 1591 adulescenti
597 1527 801 1614 expediretur
828 1531 861 1592 ct
882 1527 1005 1608 omnia,
1036 1547 1120 1608 quae
1149 1525 1191 1588 ad

218 1611 429 1676 ualitudinem
452 1633 533 1695 opus
562 1615 685 1695 essent,
713 1612 945 1696 praeberentur
973 1611 1191 1694 inpensaeque

217 1695 395 1760 liberaliter
417 1717 490 1760 cum
511 1697 573 1778 ipsi
593 1701 663 1760 tum
677 1698 740 1760 toti
756 1696 923 1760 comitatui
937 1697 1192 1779 praestarentur,

218 1801 318 1844 naues
334 1780 432 1843 etiam
447 1785 483 1844 ut
498 1780 766 1863 prospicerentur,
788 1783 903 1864 quibus
919 1801 953 1844 se
967 1780 1049 1844 bene
1065 1782 1192 1844 astuto

181 1892 206 1931 ρο
220 1885 292 1928 oum
320 1864 385 1927 suis
413 1865 448 1927 in
476 1864 620 1929 Africam
648 1865 806 1930 traiceret.
855 1864 1015 1948 equitibus
1045 1864 1192 1948 singulas

219 1949 320 2012 libras
342 1948 469 2030 argenti
492 1953 525 2012 et
547 1949 728 2032 quingenos
743 1950 906 2014 sestertios
922 1949 990 2012 dari
1010 1948 1192 2032 imperauit

219 2054 299 2116 quae
322 2036 390 2095 tam
412 2036 563 2117 prompta
578 2036 610 2098 et
624 2039 690 2100 tam
707 2034 865 2118 exquisita
885 2036 1013 2117 patrum
1029 2032 1192 2118 conscrip

218 2121 323 2180 torum
339 2115 524 2182 humanitas
539 2117 666 2182 efficere
681 2120 788 2202 potuit
802 2121 849 2201 ut,
866 2119 991 2182 etiamsi
1012 2118 1193 2200 expirasset

219 2200 421 2282 adulescens,
455 2203 606 2286 aequiore
635 2204 742 2267 animo
770 2203 963 2267 desiderium
996 2201 1065 2266 eius
1098 2205 1193 2286 pater

182 2311 207 2351 aa
220 2286 380 2351 toleraret.

285 2375 337 2434 le.
360 2369 449 2434 Idem
464 2375 596 2435 senatus
604 2420 613 2454 ,
637 2392 710 2436 cum
732 2373 777 2437 ccl
787 2371 1018 2454 gratulandam
1033 2370 1096 2434 sibi
1111 2369 1191 2434 Pru·

285 2543 301 2590 2
324 2537 504 2592 ecferendum
523 2538 627 2660 P‘ng
651 2544 667 2592 3
686 2539 857 2607 consimiliq:
882 2538 909 2592 L
928 2544 953 2594 rt
970 2555 998 2606 q.
1018 2543 1100 2592 extro
1116 2555 1189 2594 aare.
1273 2579 1275 2592 .

216 2621 251 2659 m.
263 2605 308 2660 2?
326 2605 393 2660 add.
406 2606 447 2672 A,
466 2620 516 2660 om.
529 2622 584 2673 que
626 2605 663 2671 Ε,
682 2622 740 2660 cca
752 2607 790 2668 L.
810 2606 1002 2663 detruderes.
1022 2622 1078 2674 que
1090 2605 1192 2661 Novak

216 2675 268 2794 gl
310 2690 373 2728 ersa
396 2673 445 2738 (sic
466 2688 523 2726 amo
545 2673 571 2726 b.
595 2674 623 2741 l.)
645 2674 706 2728 LA
727 2674 824 2728 Halm.
858 2673 1191 2740 efi112,1;rear.4;

236 2741 275 2794 II
312 2744 342 2806 4,
365 2744 397 2806 9,·
428 2739 543 2806 V1,1
567 2757 593 2804 c,
617 2746 650 2795 at
670 2757 721 2796 uos
743 2741 894 2796 Torrentur
917 2743 927 2810 ΙΙ
951 2757 1036 2809 quam
1062 2742 1121 2806 (aad
1144 2757 1192 2794 am

218 2812 297 2874 eras.)
316 2807 343 2861 L
361 2810 371 2877 l
388 2815 403 2862 5
421 2807 555 2878 religatus
573 2808 655 2862 L¹A¹
674 2811 683 2877 l
700 2810 820 2863 *sacrat
836 2810 863 2862 A
880 2810 890 2877 Ι]
906 2810 1068 2878 praetorem
1085 2809 1157 2862 Par.
1174 2810 1190 2888 ll

217 2881 233 2930 8
251 2875 358 2946 officia]
377 2876 445 2931 add.
464 2876 483 2929 f.
501 2875 571 2929 licet
587 2891 649 2950 mar
666 2877 721 2930 cA
733 2878 771 2944 119
789 2877 904 2956 regibus
921 2877 1024 2930 inclusi
1035 2891 1097 2930 caca
1109 2875 1192 2931 Parr-

216 2891 1193 3066 111111,-11111111111111111111111111111·

216 3079 295 3134 codd.
314 3079 333 3135 l,
350 3052 450 3132 XL'II
464 3083 490 3132 et
506 3077 614 3146 XLVll
634 3085 662 3130 11
683 3050 739 3146 quo
758 3029 886 3134 ingL¹A¹
903 3081 914 3150 ΙΙ
933 3086 963 3133 12
982 3080 1105 3133 duxerat
1120 3079 1192 3137 Par.

219 3147 229 3215 ΙΙ
247 3162 264 3198 a
280 3147 393 3214 patrem
411 3145 493 3199 L¹A¹
506 3147 516 3214 ΙΙ
531 3151 563 3199 14
584 3145 695 3199 dalatus
713 3144 750 3198 L¹
768 3147 778 3215 l
796 3147 846 3200 ubi
877 3150 908 3202 ut
924 3146 1017 3215 Paul!
1037 3153 1068 3202 16
1086 3147 1193 3201 omnia»

217 3229 270 3280 que
289 3213 383 3292 131117
423 3213 777 3333 reberenthinpensaq,
794 3216 832 3268 A¹
873 3221 902 3270 19
920 3217 953 3269 ut
969 3215 998 3268 L
1015 3219 1041 3268 et
1059 3214 1134 3284 dett,
1153 3229 1193 3270 u*

216 3281 257 3342 A,
277 3295 304 3334 er
320 3281 368 3345 A¹,
408 3297 461 3334 uae
485 3297 519 3335 ex
537 3281 603 3334 Lau.
622 3281 654 3334 X
685 3280 878 3337 V14Nooaa
899 3283 908 3350 l
930 3289 962 3336 22
981 3283 1193 3351 tamaelprom-

217 3349 269 3414 pta
286 3347 374 3401 ctiam
392 3348 498 3415 1111124
517 3348 631 3419 equiord
644 3348 692 3414 L¹,
711 3350 864 3418 aequiore*
875 3352 902 3404 A
915 3351 925 3420 ΙΙ
938 3355 970 3403 26
988 3350 1025 3403 ad
1043 3350 1193 3419 gratulan-

217 3412 286 3532 ἐξω
303 3429 398 3489 marqo
415 3416 453 3535 a}
461 3432 474 3468 e
485 3417 555 3470 Par.
563 3455 573 3482 ,
591 3431 641 3470 om.
655 3415 714 3470 LA
732 3417 797 3472 dett.
812 3418 950 3486 lbruaian
968 3416 1047 3482 LA¹,
1066 3433 1193 3485 prusyan

258 3495 408 3546 ‚prusiam
453 3497 494 3534 ar.
