2606 3952
198 199 240 264 84
621 195 687 253 urs.
706 195 741 247 u.

198 349 292 434 fungi
308 349 423 432 coegit,
449 347 533 431 quod
550 348 616 412 eius
639 347 734 430 culpa
756 367 857 431 agger
878 348 1037 426 incensus,
1060 369 1165 432 paene

201 439 305 500 castra
327 437 418 498 erant
441 436 542 516 capta.

262 519 294 584 5.
318 518 356 594 Q.
379 516 477 582 etiam
493 516 625 581 Fuluius
648 515 783 581 Flaccus
805 536 919 581 censor
933 515 1081 581 Fuluium
1101 517 1168 581 ira·

198 608 281 668 trem
303 606 485 669 consortem
507 601 683 686 legionem,
712 601 747 665 in
770 620 832 685 qua
853 601 1002 665 tribunus
1025 601 1168 668 militum

172 692 277 766 ierat,
298 688 422 752 iniussu
438 687 579 752 consulis
595 687 724 751 domurn
741 686 901 750 dimittere
917 707 1029 750 ausum
1050 690 1168 750 senatu

198 774 308 838 mouit.
340 776 361 854 ’s
376 793 443 837 non
459 771 560 856 digna
574 770 720 854 exempla
734 774 800 834 tam
815 770 966 854 breuiter,
989 770 1053 834 nisi
1067 771 1169 836 maio-

196 859 284 923 ribus
306 877 469 943 urguerer,
492 857 701 920 referrentur:
739 855 816 939 quid
839 855 1013 920 animiam
1035 855 1167 920 difficile

197 942 286 1007 factu
308 963 405 1026 quarn
427 941 593 1024 copulatae
616 941 761 1004 societati
780 939 909 1024 generis
932 944 964 1004 et
985 940 1167 1023 imaginum

199 1027 372 1092 deformem
395 1026 429 1090 in
451 1025 589 1109 patriam
611 1025 749 1088 reditum
771 1024 913 1089 indicere
942 1027 998 1088 aut
1026 1045 1168 1089 commu·

159 1112 289 1176 unioni
305 1110 445 1175 nominis
460 1130 497 1174 ac
516 1109 658 1173 familiae
679 1109 797 1174 ueteris
811 1109 1061 1193 propinquitatis
1084 1109 1167 1174 serie

199 1196 387 1261 cohaerenti
408 1195 573 1281 uirgarum
595 1195 829 1258 contumeliosa
855 1194 990 1259 uerbera
1011 1193 1166 1258 adhibere

198 1284 255 1345 aut
276 1281 455 1345 censorium
478 1279 683 1363 supercilium
712 1278 865 1343 aduersus
887 1278 1065 1343 fraternam
1087 1278 1170 1342 cari·

198 1369 298 1430 tatem
321 1363 543 1449 destringere?

263 1450 390 1514 Dentur
411 1449 490 1513 haec
513 1448 644 1533 singula
672 1448 818 1532 quamuis
847 1448 942 1511 claris
971 1447 1168 1528 ciuitatibus,

162 1552 186 1592 15
201 1534 327 1600 abunde
348 1538 459 1598 tamen
480 1535 585 1620 gloria
608 1532 797 1616 disciplinae
819 1532 967 1596 militaris
989 1531 1168 1596 instructae

200 1620 408 1685 uidebuntur:
442 1619 471 1683 6.
502 1622 536 1683 at
563 1620 675 1682 nostra
701 1617 793 1697 urbs,
822 1638 903 1701 quae
933 1616 1021 1681 omni
1049 1636 1169 1702 genere

199 1705 408 1770 mirificorum
431 1703 648 1787 exemplorum
663 1704 775 1767 totum
797 1703 956 1766 terrarum
983 1701 1092 1765 orbem
1120 1721 1170 1766 re·

199 1790 311 1873 plauit,
326 1789 558 1872 imperatorum
573 1787 703 1870 proprio
720 1786 878 1870 sanguina
888 1788 1064 1852 ¹manantes
1079 1807 1171 1851 secu·

200 1895 251 1938 res
265 1873 399 1956 [habet]‚
412 1894 453 1937 ne
465 1872 593 1943 turbato
605 1871 741 1935 militiae
757 1870 868 1935 ordine
879 1871 1022 1936 uindicta
1033 1871 1168 1950 deesset,

165 1975 190 2014 20
204 1980 243 2023 cx
260 1957 374 2022 castris
385 1956 512 2040 publice
528 1957 700 2039 speciosas,
716 1955 871 2040 priuatim
886 1955 1039 2040 lugubres
1050 1954 1171 2040 duplici

200 2042 293 2106 uultu
314 2041 447 2124 recepit,
469 2041 593 2105 incerta
612 2041 796 2124 gratulandi
811 2041 900 2124 prius
916 2062 958 2104 an
979 2040 1171 2125 adloquendi

270 2228 432 2281 lincensus
450 2226 510 2279 LA
527 2227 610 2294 Par„
633 2226 775 2280 inscensus
793 2225 833 2280 Li
852 2226 923 2290 aias,
945 2241 1075 2280 escensus
1095 2225 1171 2280 coze-

200 2311 263 2362 rus,
280 2299 311 2349 oi
327 2311 356 2348 a.
375 2293 507 2350 Frontis.
525 2298 604 2350 strat.
623 2294 701 2346 IIII
715 2299 740 2360 1,
759 2297 802 2359 31,
845 2309 899 2352 aes.
917 2293 941 2348 t.
961 2293 994 2348 G.
1012 2293 1075 2347 VII
1089 2295 1126 2347 24
1143 2299 1171 2348 et

200 2364 225 2421 t.
243 2365 298 2419 ciu.
316 2362 356 2414 II
370 2365 420 2427 14,·
441 2367 514 2417 coci.
538 2362 597 2417 oezz.
614 2361 741 2430 Ilien]
758 2365 793 2416 16
813 2362 823 2429 l
844 2364 875 2416 et
912 2376 981 2415 aene
1000 2360 1066 2415 dett.
1082 2362 1173 2428 pauci

200 2436 227 2508 ct
243 2445 338 2500 margo
349 2432 376 2482 A
394 2430 499 2492 cPcr.‚
517 2429 619 2494 Halm;
641 2434 671 2482 ot
688 2445 716 2486 a.
728 2429 787 2483 ΙΙΙ
801 2434 869 2496 1,1.·
886 2379 997 2483 lostam
1015 2428 1169 2495 interemit,

201 2515 291 2552 cruam
309 2497 434 2552 seruauit
447 2502 471 2552 et
484 2497 551 2553 did.
565 2513 698 2552 coronam
710 2496 820 2562 merari¹
838 2513 850 2549 a
872 2495 928 2549 olia
939 2511 1039 2565 rapere
1053 2497 1092 2616 1114
1104 2511 1169 2551 con·

201 2567 305 2622 sortem
329 2564 356 2620 le
380 2565 471 2619 'onem
494 2565 662 2621 Perizonius
683 2569 708 2619 ci
731 2578 824 2633 margo
888 2563 1001 2630 ePor.,
1026 2565 1172 2618 coortam

201 2633 320 2702 legionis
374 2633 401 2686 L
423 2635 433 2701 11
455 2639 471 2687 5
494 2632 644 2688 demittere
667 2633 736 2686 Por.
759 2634 769 2701 11
790 2631 900 2710 ausum]
923 2631 990 2685 odd.
1014 2631 1036 2688 Ι.
1061 2629 1092 2684 Ρ.
1115 2633 1172 2684 suis

201 2703 298 2755 tamen
316 2700 458 2756 mensibus
475 2715 572 2770 margo
583 2699 611 2754 A
629 2701 737 2766 ePar.‚
756 2714 827 2768 quoe
841 2703 931 2766 petato
943 2715 957 2752 e
968 2697 1036 2754 Lio.
1050 2698 1110 2752 XL
1127 2702 1171 2763 41,

200 2773 219 2824 8
236 2771 268 2824 ia
289 2769 351 2824 Vol.
370 2769 449 2824 codd.
465 2773 529 2837 post
546 2767 668 2822 consulis
691 2767 864 2822 intercidisse
885 2766 1021 2821 uideatur
1042 2766 1121 2821 notis
1146 2771 1173 2820 et

202 2837 337 2892 Geraia*
358 2838 368 2904 11
390 2842 405 2889 6
424 2835 564 2906 exempla]
585 2835 651 2892 odd,
671 2851 745 2903 quae
762 2836 820 2890 cod.
839 2833 952 2889 Sasiam
975 2839 1000 2887 et
1017 2833 1172 2888 Palmam.

201 2906 242 2960 Pi
260 2905 309 2971 tii,
329 2904 403 2974 qaod
416 2904 517 2972 probm
534 2909 639 2959 mutato
657 2903 830 2958 referrentur
841 2903 874 2955 in
885 2901 1172 2972 referanturWemty

202 2921 273 3028 1834
286 2987 316 3040 p.
335 2975 400 3038 781,
422 2972 492 3026 miti
505 2972 593 3040 pluro
611 2971 746 3049 eccidisse
768 2970 913 3036 uideatur,
937 2984 1009 3038 qaae
1025 2969 1097 3023 tuac
1113 2969 1173 3034 sere

203 3042 342 3119 aspicerent
359 3040 535 3094 sentcntiamr
554 3039 617 3093 Nou
632 3039 719 3108 digna
737 3037 938 3106 exemplatam
955 3037 1096 3105 <angusto
1109 3051 1171 3092 ora·

202 3110 286 3162 tronis
305 3108 427 3173 ambitu,
448 3123 540 3176 neque
558 3107 638 3176 tam>
655 3107 781 3161 breuiter
800 3105 971 3160 referrentur
992 3110 1039 3159 etc.
1058 3106 1076 3224 11
1092 3111 1107 3159 7
1126 3121 1172 3159 ur—

203 3192 285 3245 gerer
302 3177 341 3229 Αξ
358 3175 368 3244 ΙΙ
389 3181 405 3228 8
422 3175 529 3229 factum
548 3175 617 3229 LA¹
636 3176 646 3243 11
664 3181 679 3230 9
697 3176 854 3229 deformem
872 3172 953 3226 L¹A¹
975 3173 985 3240 11
1008 3177 1039 3226 13
1077 3172 1171 3250 isirin·

203 3245 330 3364 cicc
344 3243 620 3378 cirrium
627 3247 685 3376 11
693 3242 791 3377 m
801 3244 832 3362 c
843 3240 1073 3375 surum.
1082 3244 1172 3375 *ius

204 3378 252 3440 A¹,
274 3377 421 3432 madentes
439 3381 478 3431 A²
530 3394 659 3432 securum
677 3377 716 3442 L,
735 3393 847 3431 securos
865 3376 902 3428 A¹
921 3377 930 3443 l
949 3381 980 3428 la
998 3374 1085 3428 habet
1102 3373 1171 3438 LA,

202 3459 253 3498 om.
276 3444 337 3497 edd.
358 3449 424 3502 cett.
451 3452 562 3500 mutae.
597 3460 648 3499 acc
668 3449 739 3499 recte
759 3444 870 3510 desead.
902 3443 1026 3497 inumeris
1047 3444 1090 3496 set
1108 3447 1173 3510 post
1296 3448 1297 3502 1

205 3511 314 3565 deesset
331 3509 463 3566 Poenico
480 3514 520 3566 ΙΙ
528 3514 567 3580 71
581 3511 672 3566 ordini
690 3513 737 3579 A²‚
758 3512 830 3579 quod
843 3511 944 3579 prodat
964 3509 1047 3564 (lens
1061 3525 1089 3577 p.
1107 3511 1171 3576 267,
1294 3507 1297 3552 l

203 3584 287 3643 recte,
305 3582 337 3632 iit
354 3577 414 3632 aid.
431 3580 442 3645 11
459 3585 492 3634 20
509 3579 623 3648 puplice
642 3580 670 3634 L
1260 3581 1288 3596 ““

2 3843 347 3916 .-
