2606 3958
444 169 521 225 one.
534 169 598 233 vn,
618 175 632 236 ι
652 177 726 226 1-a.
1009 172 1073 240 359

106 324 206 389 ternis
227 325 322 388 bonis
351 321 436 406 apud
460 323 676 388 centumuiros
700 324 881 388 contendit:
910 324 1072 391 omnibus·

13 409 25 422 ⁵
106 431 168 493 que
190 429 255 473 non
283 407 384 472 solum
415 407 557 472 consiliis
585 407 639 472 sed
664 409 762 472 etiam
785 409 956 474 sententiis
979 432 1073 494 supe·-

105 495 171 558 rior
193 492 347 558 discessit.

169 580 198 645 2.
223 579 303 643 Item
318 577 361 642 M.
375 576 481 640 Annei
494 574 681 641 Carseolani
692 577 942 661 splendidissimi
954 579 1071 662 equitis

105 665 242 730 Romani
272 662 370 744 filius,
400 683 419 726 a
447 660 599 725 Sufenate
629 662 787 726 auunculo
816 683 872 727 sno
900 664 1097 746 adoptatuss

104 751 333 816 testamentum
354 745 510 810 naturalis
537 746 653 829 patris,
684 767 748 830 quo
775 746 967 830 praeteritus
990 751 1069 829 arat,

104 836 189 920 apud
222 832 438 899 centumuiros
470 830 614 911 rescidit,
655 853 726 895 cum
759 833 793 894 in
831 852 869 896 eo
903 831 1070 896 Tullianus

104 920 239 1003 Pompei
254 917 367 1003 Magni
381 915 550 980 familiaris
564 916 633 998 ipso
649 915 776 999 quidem
793 916 947 1000 Pompeio
963 919 1071 1002 signa-

104 1009 175 1072 tore
199 1007 289 1070 heres
312 1001 451 1084 scriptur
466 1003 560 1064 esset.
598 1000 707 1084 itaque
728 999 777 1064 illi
799 1001 833 1064 in
856 1001 975 1065 iudicio
998 1001 1070 1085 plur

104 1113 177 1156 cum
200 1085 459 1154 excellentissimi
482 1085 545 1148 uiri
572 1085 678 1169 gratia
705 1107 801 1169 quam
829 1108 902 1151 cum
924 1086 1069 1170 parentis
1082 1108 1109 1149 ro

105 1175 265 1241 cineribus
297 1171 421 1255 negotii
454 1170 526 1233 fuit.
585 1173 726 1234 ceterum
759 1173 904 1254 quamuis
933 1175 1069 1255 utraque

103 1261 184 1325 haec
198 1258 349 1324 aduersus
370 1254 571 1331 nitebantur,
596 1258 706 1318 tamen
721 1260 857 1337 paterna
878 1256 966 1320 bona
989 1258 1071 1340 opti·

102 1346 194 1410 nuit:
222 1363 298 1406 nam
320 1339 356 1404 L.
380 1337 507 1421 quidem
531 1338 681 1402 Sextilius
704 1342 737 1402 et
760 1339 795 1407 P.
811 1339 967 1424 Popilius,
990 1361 1070 1424 quos

103 1430 147 1495 M.
164 1427 309 1492 Anneius
332 1422 488 1508 sanguine
509 1422 572 1486 sibi
587 1413 777 1487 coniunctos
793 1424 902 1488 eadem
926 1429 1070 1508 exparte

102 1536 167 1598 qua
203 1511 387 1575 Tullianum
423 1506 556 1571 heredes
587 1507 722 1588 fecerat,
760 1513 962 1574 sacramento
998 1529 1069 1573 cum
1084 1529 1109 1569 ιι

102 1594 342 1663 adulescentulo
381 1590 574 1656 contendere
605 1593 674 1656 ausi
713 1612 779 1655 non
814 1595 904 1668 sunt,
941 1594 1071 1658 tametsi

102 1682 284 1768 praecipuis
301 1698 337 1743 eo
359 1682 505 1760 ternpore
520 1675 632 1760 Magni
654 1677 777 1740 uiribus
798 1675 838 1740 ad
854 1676 1070 1742 defendendas

102 1767 228 1833 tabulas
251 1765 436 1829 testamenti
459 1761 590 1825 inuitari
618 1764 781 1844 poterant,
810 1764 843 1826 et
869 1761 1069 1846 aliquantum

102 1852 276 1919 adiuuabat
308 1847 440 1912 heredes
472 1844 557 1930 quod
590 1845 633 1908 M.
664 1847 810 1911 Anneius
844 1847 878 1910 in
906 1844 1069 1911 Sufenatis

101 1937 256 2003 familiam
281 1954 318 1998 ac
340 1952 432 1996 sacra
454 1931 637 1995 transierat.
682 1931 738 1995 sed
766 1931 959 1995 artissimum
984 1931 1109 1996 interm

103 2022 250 2088 homines
272 2015 504 2103 procreationis
526 2016 692 2080 uinculum
714 2016 815 2099 patris
838 2016 932 2081 simul
955 2015 1069 2081 uolun-

101 2111 203 2172 tatem
226 2108 258 2169 et
279 2101 435 2187 principis
457 2101 681 2165 auctoritatem
705 2102 878 2184 superauit.

168 2193 199 2256 3.
222 2189 258 2254 Ο.
275 2191 383 2252 autem
406 2185 547 2249 Tettium
570 2207 589 2248 a
612 2188 703 2269 patre
718 2185 876 2250 infantem
899 2185 1069 2251 exhereda·

100 2283 183 2355 tum,
206 2271 358 2338 Petronia
379 2274 489 2346 matrs,
518 2290 612 2353 quam
635 2270 771 2352 Tettius,
794 2271 897 2354 quoad
919 2271 1012 2355 uixit,
1034 2272 1069 2335 in

100 2357 307 2428 matrimonio
341 2356 512 2436 habuerat,
545 2358 676 2436 natum,
708 2354 800 2419 diuus
834 2358 1000 2452 Augustus
1033 2357 1108 2420 inas

100 2450 186 2513 bona
208 2446 342 2528 paterna
370 2441 416 2504 ire
445 2439 572 2504 decreto
601 2460 659 2503 suo
681 2439 790 2522 iussit,
817 2443 918 2522 patris
945 2441 1069 2523 patriae

100 2532 209 2597 animo
233 2549 324 2607 usus,
353 2525 505 2608 quoniam
535 2523 661 2588 ‘Pettius
684 2524 717 2585 in
745 2524 876 2606 proprio
905 2523 972 2588 lare
994 2545 1069 2606 pro-

102 2617 210 2682 creato
232 2613 300 2677 filio
323 2630 447 2675 summa
469 2629 539 2672 eum
562 2607 734 2690 iniquitate
757 2612 928 2690 paternum
950 2629 1066 2672 nomen

99 2699 322 2784 abrogauerat.

169 2817 295 2871 sltem*
313 2817 356 2874 (m
375 2821 443 2866 esus.
462 2809 536 2875 uid.)
554 2810 582 2862 A
616 2815 664 2864 m*
682 2809 766 2863 aunei
784 2810 824 2876 L,
842 2810 955 2864 mannai
974 2811 1034 2873 (sed
1052 2826 1067 2864 e

100 2887 221 2949 induet.)
241 2883 282 2946 A,
304 2880 342 2934 M.
362 2880 429 2933 anni
446 2879 541 2956 Pom„
557 2878 596 2931 du
619 2879 667 2931 'tat
689 2879 812 2942 fueritne
833 2878 882 2933 ille
898 2879 1011 2933 Annius
1028 2894 1068 2932 ou

101 2955 239 3011 Annaeus
260 2949 347 3002 Halm
368 2949 378 3016 ΙΙ
400 2945 542 3016 splendrdr
565 2945 635 3004 Pur.
657 2947 666 3014 t
691 2953 706 2999 ὁ
730 2945 856 3000 sasenate
880 2947 950 3001 Pur.
971 2951 995 3000 et
1013 2947 1068 3005 litt.

99 3023 184 3078 enata
201 3019 233 3072 ιἰι
251 3033 305 3071 cas,
325 3016 366 3081 A,
385 3013 514 3068 sutanete
533 3014 572 3077 L,
590 3013 717 3068 safanete
738 3013 811 3082 0116
829 3013 966 3068 naturalis
985 3015 1013 3083 (n
1033 3030 1068 3069 ex

98 3108 128 3146 m
148 3086 203 3144 uid,
216 3086 298 3152 corr.)
312 3083 338 3136 L
350 3085 360 3149 l
373 3097 429 3150 qno
447 3081 627 3150 praeteritus]
646 3086 717 3144 tota,
736 3097 807 3150 quoe
824 3083 859 3136 ab
876 3082 901 3134 b.
919 3098 947 3139 ιι,
965 3081 1068 3149 incipit

98 3158 226 3215 columna
244 3168 301 3220 usq.
315 3152 352 3205 aot
365 3166 396 3218 p.
408 3153 474 3216 360,
488 3153 505 3203 5
522 3151 636 3218 nuptias
659 3149 784 3202 mulieris
801 3167 835 3210 m.
852 3153 872 3204 2
892 3149 998 3216 scriptu
1012 3151 1040 3203 A
1052 3150 1062 3218 ΙΙ

100 3236 115 3284 7
135 3223 211 3295 cum]
231 3218 361 3288 quamuis
378 3218 448 3272 Par.
462 3217 472 3286 ll
485 3217 608 3272 tulianus
631 3219 708 3282 (item
726 3218 808 3286 infr.)
826 3218 863 3272 L¹
887 3219 896 3287 ΙΙ
917 3222 933 3270 8
951 3217 1067 3285 quidem

98 3298 136 3362 A,
175 3307 240 3360 uoq:
258 3302 354 3365 usurpo
365 3287 393 3340 A
405 3286 415 3354 t
435 3292 465 3340 12
484 3286 607 3406 optinuit
624 3287 663 3364 stc
680 3286 705 3338 h.
716 3285 742 3363 ιΖ.
760 3285 1068 3407 ᾗᾼιῃιῖμιςιιὶιιι

99 3312 242 3430 erasbLss
263 3363 292 3412 19
306 3354 481 3409 adiuuabant
534 3355 589 3422 1122
623 3368 737 3420 rmoiprs
753 3371 808 3407 urrr
848 3353 1068 3423 spbrust231n-

97 3431 207 3486 fantem
220 3443 237 3480 a
248 3426 330 3495 patre
348 3421 586 3490 transportata*
631 3437 672 3475 ur.
687 3422 697 3490 ΙΙ
715 3426 747 3473 24
760 3422 902 3476 castronia
918 3412 959 3474 Al
971 3421 1039 3480 Par.
1055 3423 1065 3491 ΙΙ

97 3490 453 3560 2tmatrimonii1AnAu
475 3489 621 3612 ustnffla.
639 3489 885 3557 aracaeus
901 3490 1067 3560 Altlllare

6 3595 12 3604 ·
97 3559 432 3634 Madu5911329,iure
482 3558 510 3612 A
558 3557 614 3612 alm
632 3557 642 3626 ΙΙ
660 3561 693 3611 28
710 3561 860 3626 paternum
878 3573 981 3615 nomen
1000 3559 1069 3628 LA,
