2594 3982
207 144 268 209 140
625 138 692 192 ura.
710 138 759 192 111.

206 296 446 380 ingeniosorum
479 293 597 358 ciuium
634 295 668 357 et
706 290 976 374 amplissimorum
1013 291 1184 374 prouentu
1288 295 1289 320 ¹

206 399 367 444 summum
389 378 590 443 auctoritatis
612 379 708 460 atque
737 376 939 458 eloquentiae
1001 374 1097 439 adum
1121 375 1183 438 ob-

206 464 321 543 tinuit,
359 483 459 546 nepos
495 462 687 527 Hortensius
724 459 840 527 Corbio
877 465 963 524 omni
987 480 1024 524 us
1059 458 1185 524 scortis

207 549 413 614 abiectiorem
440 551 473 611 et
501 547 720 612 obsceniorem
748 545 850 609 uttam
883 544 1006 628 exegit,
1035 544 1075 608 ad
1100 543 1185 608 ulti·

182 652 359 717 smumque
386 632 499 716 lingua
527 633 595 696 eius
622 637 690 695 lam
719 629 847 693 libidini
875 632 1063 694 cunctorum
1090 629 1184 693 inter
1288 637 1289 674 l

206 717 375 802 lupanaria
388 716 534 800 prostitit
548 737 643 800 quam
659 715 711 778 aui
726 735 785 797 pro
804 713 906 778 salute
921 714 1040 778 ciuium
1052 713 1088 777 in
1102 713 1183 778 foro
1288 727 1289 732 ’

207 803 410 868 excubuerat.

275 885 329 952 VI.
359 885 592 951 Animaduerto
606 884 642 948 in
663 904 759 968 quam
781 882 997 969 periculosum
1019 883 1082 946 lter
1102 903 1182 967 pro·

208 972 366 1039 cesserim.
409 970 518 1053 itaque
544 990 597 1033 me
626 968 695 1052 ipse
717 968 888 1044 reuocabo,
918 989 975 1052 ne,
1001 967 1028 1031 si
1050 966 1182 1052 reliqua

170 1073 195 1114 10
210 1055 351 1121 eiusdem
374 1055 500 1140 generis
521 1053 695 1136 naufragia
717 1053 895 1118 consectari
916 1073 1181 1137 perseuerauero,

209 1139 318 1224 aliqua
340 1139 449 1203 inutili
470 1139 626 1204 relatione
648 1138 793 1222 ianIcer.
838 1137 976 1202 referam
997 1137 1098 1222 igitur
1119 1158 1180 1220 pe·
1288 1193 1289 1200 ,

208 1225 278 1289 dem
301 1224 523 1308 deformesque
544 1223 673 1288 umbras
689 1224 723 1286 in
738 1223 804 1287 imo
819 1222 948 1308 gurgite
963 1222 1178 1306 turpitudinis

208 1329 284 1374 suae
306 1309 410 1374 iacere
432 1309 552 1392 patiar:
582 1308 683 1372 satius
706 1310 755 1372 est
782 1309 869 1372 enim
891 1328 1022 1371 narrare
1050 1307 1104 1390 qui
1126 1307 1179 1370 in-

207 1393 325 1458 lustres
346 1394 409 1458 uiri
431 1394 466 1458 in
495 1394 582 1458 cultu
605 1396 773 1475 ceteroque
802 1392 888 1457 uitae
915 1392 980 1457 ritu
1008 1392 1116 1475 aliqua
1138 1412 1180 1456 ex

172 1497 198 1536 ιο
210 1482 305 1562 parte
327 1476 477 1544 nouando
500 1478 561 1542 sibi
583 1477 786 1542 indulserint.

208 1678 284 1755 QVI
309 1679 369 1744 EX
396 1678 684 1745 ILLVSTRIBVS
706 1676 824 1743 VIRIS
847 1677 895 1744 IN
917 1677 1058 1744 VESTE
1084 1678 1175 1743 AVT

208 1762 381 1830 CETERO
406 1762 550 1829 OVLTV
572 1761 802 1829 LICENTIVS
826 1762 911 1828 SIBI
939 1761 1065 1839 QVAM
1087 1762 1175 1828 MOS

257 1846 445 1913 PATRIVS
469 1845 782 1912 PERMITTEBAT
804 1846 1130 1914 INDVLSERVNT.

274 1969 302 2030 1.
327 1965 363 2030 P.
381 1965 509 2050 Scipio,
532 1986 604 2029 cum
626 1967 662 2029 in
685 1965 794 2031 Sicilia
817 1966 965 2051 augendo
986 1965 1179 2031 traiciendo·

169 2070 195 2111 ro
208 2070 269 2134 quc
291 2052 427 2116 exercitu
448 2051 485 2114 in
499 2048 645 2115 Africam
667 2055 887 2134 opportunum
910 2051 1089 2134 quaerendo
1104 2072 1176 2136 gra

208 2135 284 2198 dum
299 2133 513 2219 Karthaginis
534 2138 662 2199 ruinam
684 2135 792 2199 animo
814 2136 976 2218 uolueret,
1001 2136 1086 2200 inter
1102 2156 1178 2200 con·

207 2219 281 2283 silia
302 2240 339 2284 ac
360 2219 544 2284 molitiones
566 2222 676 2284 tantae
691 2220 738 2283 rei
753 2240 884 2303 operum
903 2221 1072 2305 gymnasio
1089 2218 1175 2284 dedit

206 2303 368 2451 pallioque
391 2307 424 2368 et
446 2303 585 2388 crepidis
607 2325 683 2368 usus
700 2309 753 2370 est.
790 2326 852 2370 nec
873 2305 935 2370 hac
956 2327 991 2369 re
1013 2306 1175 2390 segniores

236 2387 338 2452 unicis
362 2388 553 2453 exercItibus
575 2410 689 2454 manus
704 2389 827 2471 intulit,
851 2389 906 2454 sed
921 2390 1031 2454 nescio
1046 2411 1089 2454 an
1104 2390 1173 2454 ideo

167 2490 193 2533 ao
212 2472 391 2554 alacriores,
415 2473 490 2557 quia
512 2476 627 2557 uegeta
649 2476 681 2538 et
703 2477 834 2538 strenua
854 2474 997 2559 ingenia,
1018 2495 1081 2558 quo
1103 2474 1174 2558 plus

273 2647 287 2694 1
306 2643 495 2711 ingenuorum
513 2639 573 2694 LA
584 2641 689 2709 Halm,
708 2657 756 2698 em,
771 2641 922 2696 Turranius
939 2647 966 2696 et
976 2640 1099 2720 Maduc'p
1110 2641 1132 2694 I
1140 2644 1175 2695 21

207 2708 219 2778 Η
239 2708 488 2778 amplissimorum]
508 2708 575 2766 add.
588 2710 730 2763 oratorum
743 2709 831 2764 Halm
842 2711 852 2777 ΙΙ
864 2710 1036 2779 prouentum
1053 2710 1114 2775 (aar)
1127 2710 1172 2774 A',

203 2778 345 2847 prouentir
361 2777 408 2843 L1,
427 2773 586 2845 prouentuir
598 2777 633 2844 [?)
653 2777 691 2830 A²
712 2780 722 2846 n
745 2775 889 2831 tudinum
907 2779 987 2845 (corr.
1007 2777 1127 2842 simvm)
1139 2776 1172 2842 L,

205 2843 290 2899 sima,
311 2849 362 2924 cut
384 2845 462 2900 sdmi,
484 2844 522 2922 A}
546 2845 556 2913 ΙΙ
581 2844 705 2898 obtinuit
727 2845 788 2922 (sic)
807 2845 853 2908 Δΐ,
878 2846 936 2912 opt.
956 2843 1026 2898 LA*
1048 2843 1171 2965 Hulmp

206 2919 223 2968 3
242 2926 343 2967 rcorcrs
361 2913 372 2983 (
373 2913 456 2980 prior
474 2929 486 2965 s
503 2928 536 2966 m
554 2915 623 2978 raa.)
642 2913 682 2980 L,
702 2912 811 2966 scottiis
828 2913 865 2966 Α1
880 2913 919 2980 114
937 2912 1130 2984 obsceniorem

206 2982 222 3050 Η
242 2985 257 3033 b
275 2996 431 3036 cuunorum
460 3003 494 3027 =
511 2982 673 3048 economus)
691 2985 774 3044 recte,
797 2980 823 3034 si
840 2980 909 3048 quid
926 2981 1019 3047 uideo,
1039 2979 1139 3035 Gertz*
1157 2981 1171 3050 ll

148 3050 150 3054 ‘
206 3054 238 3102 11
256 3063 296 3102 aa
312 3048 408 3103 futili?
427 3047 560 3105 effluat.
573 3047 657 3106 Dr'oc.
696 3051 750 3102 .89
760 3046 802 3100 M.
815 3047 825 3116 ΙΙ
840 3053 871 3101 14
889 3048 964 3102 culto
983 3048 1021 3102 L¹
1057 3054 1090 3102 16
1106 3048 1171 3102 tila-

204 3116 263 3170 lum
280 3130 335 3196 om..
350 3117 419 3172 Par.
443 3119 453 3186 ll
479 3122 510 3170 17
529 3114 647 3194 EERTO
667 3064 705 3169 ᾖ
727 3113 856 3193 11,Μοιὸ
875 3115 902 3170 L
923 3117 933 3184 I
955 3116 1016 3194 18⁸]
1047 3113 1171 3193 DVLSE-

204 3181 306 3238 RVNT
323 3201 356 3238 so
373 3202 439 3252 ras,
457 3189 489 3238 ut
511 3183 582 3248 uid,
598 3201 634 3238 m.
652 3188 668 3236 1
688 3183 727 3248 A,
746 3181 885 3238 indulseit
906 3184 1093 3254 permrttcbat
1115 3185 1160 3260 (sac

204 3251 232 3306 L
244 3251 254 3319 ΙΙ
269 3257 300 3305 19
317 3251 589 3320 traiciendiqiafricai
608 3251 670 3321 (sic,
688 3249 737 3304 aad
754 3249 784 3302 di
795 3265 863 3310 corr.
876 3253 909 3306 ira
920 3251 968 3319 do)
987 3251 1026 3314 L,
1044 3251 1171 3304 traicien-

206 3319 243 3372 do
267 3363 272 3374 .
291 3319 407 3373 africam
425 3321 466 3387 A,
489 3319 599 3387 supplet
621 3317 776 3373 exercitum
798 3324 862 3373 ante
885 3319 1016 3389 augendo
1034 3319 1168 3388 marcell

205 3337 319 3451 adae,
341 3391 374 3440 ct
396 3403 448 3442 nos
470 3386 535 3441 dett.
557 3385 611 3440 mei
633 3400 704 3443 omn.
728 3386 738 3453 l
762 3390 796 3438 22
818 3387 960 3458 *tanterei
983 3391 1060 3454 (corr.
1083 3386 1169 3442 cide

204 3452 298 3506 stante
316 3455 388 3520 regi)
407 3454 434 3507 L
446 3455 456 3522 u
508 3452 640 3508 mnaesio
660 3458 687 3518 (c
704 3468 773 3508 eras.
792 3454 864 3520 uid.)
877 3455 904 3508 L
917 3457 926 3523 ΙΙ
939 3460 972 3510 23
991 3455 1034 3508 est
1051 3468 1102 3508 cm.
1115 3455 1168 3509 LA
1275 3459 1289 3514 Α

207 3521 220 3591 ΙΙ
240 3530 292 3574 re*
310 3520 340 3588 (g
358 3536 426 3576 eras.
446 3538 477 3576 uc
501 3523 518 3588 .)
536 3521 577 3588 L,
597 3533 669 3576 res*
686 3521 714 3574 Δ

1211 3719 1223 3742 κ
