2590 3948
345 169 411 238 cap.
429 169 452 238 1,
471 167 535 224 axe.
553 168 657 234 ta-o,
675 169 710 227 11.
729 173 831 235 §1-4.
1030 171 1069 236 15

253 355 296 422 II.
331 353 390 420 DE
417 353 641 420 SIMVLATA
664 353 914 422 RELIGIONE.

166 483 193 543 1.
208 481 293 538 Numa
303 479 461 556 Pompilius,
479 487 510 538 ut
519 481 650 556 populum
661 481 810 538 Romanum
825 483 908 540 sacris
925 482 1067 558 obligaret,
1083 487 1152 545 Par.

98 565 211 624 uolebat
232 566 318 623 uideri
341 563 392 622 sibi
415 581 476 622 cum
498 565 548 624 dea
569 564 666 640 Egeria
688 582 854 641 congressus
875 583 936 624 esse
958 577 1069 626 noctur·

96 669 150 709 nos
174 653 287 725 eiusque
305 651 412 708 monitu
433 666 474 721 so,
497 666 566 725 quae
589 652 775 727 acceptissima
789 650 849 708 deis
870 651 1069 709 immortalibus

7 745 14 766 ¹
97 753 176 796 sacra
198 735 300 805 forent,
322 736 476 792 instituere.
1083 755 1096 795 5

165 820 194 878 2.
208 819 298 894 Scipio
310 818 453 876 Africanus
469 835 524 877 non
540 826 602 876 autc
617 819 650 876 ad
665 821 774 895 negotia
785 822 888 895 privata
903 819 948 877 uel
963 819 1070 894 publica

97 905 156 963 ibat
176 921 256 980 quam
278 905 305 961 in
332 903 399 962 cella
422 904 494 961 louls
517 903 661 978 Capitolini
683 913 804 964 moratus
826 904 936 977 luisset,
959 913 987 961 et
1008 904 1069 962 ideo

96 990 165 1048 lone
186 990 296 1064 genitus
318 987 489 1046 credebatur.

165 1075 193 1138 3.
209 1071 240 1136 L.
253 1071 338 1146 Sulla,
354 1073 481 1147 quotiens
498 1071 633 1147 proelium
649 1074 819 1131 committere
831 1073 994 1145 destinabat,
1009 1089 1070 1148 par·

97 1176 165 1216 uum
180 1157 439 1233 Apollinissignum
454 1157 564 1232 Delphis
585 1156 722 1216 sublatum
739 1159 766 1214 in
782 1166 933 1234 conspectu
955 1157 1070 1215 militum
1085 1179 1109 1218 no

6 1309 8 1318 Ι
99 1242 250 1318 conplexus
274 1241 368 1298 orabat
389 1243 430 1300 nti
452 1242 584 1317 promissa
607 1250 765 1300 maturaret.

164 1327 194 1385 4.
208 1325 388 1395 Q.Sertorius
404 1343 453 1401 per
468 1342 579 1402 asperos
591 1323 746 1384 Lusitaniae
762 1325 845 1385 colles
860 1343 970 1384 ceruam
984 1326 1070 1384 albam

98 1410 240 1483 trahebat,
269 1409 300 1466 ab
326 1427 357 1468 ea
379 1427 408 1468 se
431 1427 562 1486 quaenam
586 1418 633 1468 aut
655 1411 758 1486 agenda
780 1419 825 1467 aut
849 1413 955 1469 uitanda
978 1419 1071 1468 essent

98 1497 256 1572 praedicans
279 1495 428 1552 admoneri.

99 1665 168 1722 deus
191 1681 221 1722 se
244 1681 305 1722 cum
328 1668 369 1722 eis
391 1674 420 1722 et
441 1664 565 1722 candidas
588 1663 693 1738 puellas
707 1662 788 1720 Gallis
810 1671 990 1739 pugnaturas.
1013 1672 1070 1721 tum
1084 1685 1109 1726 15

100 1749 211 1808 niuibus
234 1765 294 1808 cum
318 1751 391 1806 ornnl
414 1749 535 1806 exercitu
549 1748 671 1806 Brennus
695 1764 842 1824 oppressus
865 1756 916 1805 est.
1083 1751 1154 1820 Nep.

168 1928 210 1996 II.
240 1926 318 2004 QVI
339 1925 618 1994 Rnntutotttom
640 1925 1000 1994 slmvnnvnitvun.

166 2055 195 2116 1,
210 2053 295 2110 Numa
310 2053 469 2128 Pompilius,
491 2070 551 2111 cum
568 2053 694 2110 efferatos
710 2052 826 2110 assiduis
841 2051 919 2109 lrellls
935 2051 1070 2110 Romanos

99 2141 268 2209 aduerteret,
292 2137 385 2196 docuit
400 2154 449 2195 eos
464 2137 567 2196 cultum
583 2138 711 2195 deorum:
727 2146 809 2212 atque
823 2136 904 2220 idem,
921 2144 951 2194 ut
966 2136 1071 2194 facilius

98 2231 333 2296 mansuescerent,
355 2221 479 2297 ligerlam
494 2222 639 2297 nympham
661 2224 689 2279 in
709 2222 907 2279 consuetudine
926 2238 956 2278 se
971 2221 1072 2279 habere
1084 2245 1110 2286 20

98 2309 314 2386 praeceptricem
336 2305 387 2364 sibi
412 2305 558 2380 confinxit,
588 2323 643 2380 quo
671 2308 757 2362 maior
778 2306 849 2381 apud
871 2305 976 2363 feroces
999 2314 1072 2364 esset

100 2395 259 2452 auctoritas.

167 2477 196 2537 2.
212 2477 302 2551 Scipio
314 2476 456 2534 Africanus
472 2492 560 2549 neque
575 2475 682 2550 publica
698 2491 787 2548 neque
801 2476 908 2550 priuata
923 2476 997 2550 prius
1013 2491 1071 2531 um·

99 2579 183 2639 qnam
199 2563 291 2637 attigit
307 2577 387 2636 quarn
409 2563 436 2618 in
453 2561 521 2620 cella
536 2561 609 2618 louis
625 2559 769 2636 Capitolini
783 2559 936 2616 diutissime
953 2575 1071 2617 morare·

98 2658 147 2707 tur
169 2656 232 2704 ante
255 2663 336 2720 quam
360 2645 499 2703 uideretur
521 2662 535 2702 a
558 2661 705 2720 quoquam.
1010 2670 1012 2675 .
1085 2667 1110 2707 25

164 2733 193 2791 3.
207 2731 281 2788 Sulla
295 2731 480 2805 proeliaturus
493 2730 669 2788 simulacrum
681 2729 814 2804 Apollinis
828 2729 936 2804 llelphis
953 2728 1071 2786 ablatum

99 2817 261 2893 suppliciter
284 2815 377 2873 orabat
399 2817 427 2872 in
452 2824 602 2891 conspectu
630 2815 744 2872 militum
773 2822 805 2871 ut
831 2814 967 2889 promissa
993 2827 1071 2888 prae-

99 2911 197 2973 staret,
220 2899 416 2975 uidebaturque
438 2901 507 2958 inire
528 2900 628 2957 bellurn
653 2915 685 2958 eo
708 2899 803 2960 fretus.

101 3046 324 3184 smsserdzgeria
350 3044 438 3100 Halm
455 3046 465 3113 ΙΙ
486 3044 644 3099 emunitus
672 3059 706 3115 pq
731 3060 790 3098 ccc.
816 3045 845 3098 P
862 3043 905 3113 119
934 3040 1007 3110 sylla
1033 3042 1073 3098 sic

171 3221 202 3270 16
221 3215 289 3269 deos
306 3215 341 3269 Ν
341 3214 436 3280 Halm,
457 3229 504 3269 ern.
523 3214 671 3270 Eberhm
683 3229 713 3282 p.
727 3217 781 3268 160
799 3218 824 3267 et
842 3211 926 3267 eoas
942 3211 1019 3279 2981!
1031 3226 1073 3264 se·

100 3301 166 3340 cnm
188 3284 218 3338 et
239 3282 375 3351 NHolm,
397 3299 446 3338 carr.
472 3282 594 3350 denar,
618 3283 709 3338 securi
733 3281 838 3338 essenis
864 3279 964 3335 Novak
981 3281 991 3348 {l
1009 3295 1073 3332 cum

101 3352 191 3408 Gallis
209 3354 270 3420 (orn.
290 3366 354 3406 cum
368 3356 430 3418 post
447 3356 487 3418 se)
506 3349 656 3406 Eberhard
674 3351 691 3404 l.
709 3367 742 3417 c.‚
760 3348 861 3404 Novato
878 3350 882 3417 Ι
901 3353 933 3401 19
950 3347 1073 3418 popilius

100 3421 134 3476 N
143 3421 153 3500 [l
167 3426 199 3475 to
217 3418 460 3499 animaduerteret
481 3419 547 3473 Mol
557 3420 568 3488 ΙΙ
582 3425 614 3474 20
631 3417 865 3473 consuetudinem
929 3416 939 3484 ΙΙ
957 3421 988 3469 at
1008 3430 1072 3493 con·

101 3488 209 3544 fixth
216 3489 227 3558 l
239 3493 273 3544 28
285 3503 356 3542 mure
368 3487 475 3542 bellum
487 3486 575 3542 fretus
592 3485 632 3553 N,
651 3502 699 3540 em.
713 3484 813 3541 Nooolt
827 3489 852 3542 et
866 3483 983 3551 omer,
1003 3498 1072 3536 mue
1157 3527 1167 3542 .

5 3559 12 3576 '
102 3556 138 3612 ad
155 3556 265 3612 bellum
282 3555 316 3612 fr.
336 3555 433 3626 Halm,
452 3555 521 3610 mira
539 3554 590 3610 illo
609 3553 643 3608 fr.
661 3553 734 3612 Mol.
