2606 3958
420 144 498 200 oue.
515 145 568 214 xi,
587 145 648 199 aa.
668 149 772 210 sa-r.
1019 149 1084 215 403

107 301 229 366 summi
251 299 383 364 artificis
404 297 627 382 Euphranoris
648 319 762 364 manus
785 305 973 365 senserunt:
1004 321 1084 366 nam

108 407 186 450 cum
209 384 349 449 Athenis
371 401 424 448 ΧΗ
447 384 524 448 deos
546 385 712 468 pingeret,
734 383 881 467 Neptuni
904 386 1084 471 imaginem

108 493 209 554 quam
242 473 371 554 poterat
404 468 683 534 excellentissimis
713 467 891 532 maiestatis
921 470 1082 535 coloribus

108 555 288 640 conplexus
311 557 374 638 est,
403 554 537 639 perinde
559 576 595 619 ae
616 552 707 618 Iouis
730 553 897 636 aliquanto
920 556 1082 641 augustio·

107 663 181 706 rem
203 643 512 727 repraesentaturus.
548 639 603 704 sed
619 639 707 703 omni
729 638 851 722 impetu
873 639 1108 724 cogitationiss

108 727 146 790 in
170 748 207 791 su
232 726 334 792 eriora
357 746 452 810 opere
481 725 652 808 absumpto
673 724 869 808 posteriores
892 727 960 789 eius
988 746 1083 789 cona-

107 816 164 875 tus
188 749 360 895 adsurgere
383 831 446 894 quo
468 809 646 874 tendebant
667 810 892 893 nequiuerunt.

176 915 207 978 6.
230 912 314 988 Quid
336 912 391 977 ille
414 913 496 977 alter
518 934 618 995 aeque
633 912 750 976 nobilis
772 912 878 996 pictor
899 912 1083 978 luctuosum

108 999 298 1062 immolatae
320 996 510 1082 Iphigeniae
526 996 717 1061 sacrificium
739 997 899 1079 referens,
923 1018 994 1062 eum
1011 997 1082 1063 eal-

111 1084 267 1148 chantem
309 1083 452 1160 tristem,
496 1085 655 1146 maestum
692 1081 827 1165 Vlixen,
872 1082 1083 1168 [clamantem
1097 1101 1124 1140 ιο

111 1169 261 1250 Aiacem]
293 1167 527 1232 lamentantem
560 1165 745 1231 Menelaum
779 1167 863 1231 circa
894 1189 984 1232 aram
1017 1171 1083 1231 sta-

108 1252 237 1333 tuisset,
253 1255 350 1335 caput
361 1251 615 1337 Agamemnonis
630 1251 829 1332 inuoluendo
844 1272 954 1316 nonne
965 1253 1083 1317 summi

110 1335 268 1401 maeroris
297 1336 505 1400 acerbitatem
534 1339 602 1400 arte
631 1356 700 1399 non
726 1357 820 1419 posse
848 1338 985 1420 exprimi
1007 1358 1082 1401 con·

109 1424 216 1486 fessus
239 1419 312 1484 est?
343 1420 452 1503 itaque
474 1423 600 1504 pictura
616 1421 683 1483 eius
707 1420 863 1503 aruspicis
886 1424 919 1484 et
940 1421 1084 1485 amiciet

108 1505 221 1570 fratris
243 1504 385 1569 lacrimis
407 1505 531 1586 madet,
560 1504 662 1588 patris
689 1503 800 1568 fletum
828 1505 1005 1586 spectantis
1028 1505 1121 1569 ad-15

108 1592 199 1655 fectu
223 1590 466 1654 aestumandum
488 1590 628 1672 reliquit.

155 1694 205 1756 1.
237 1696 344 1776 Atque
371 1697 407 1757 ut
435 1692 576 1756 eiusdem
605 1690 703 1754 studii
733 1690 867 1755 adiciam
890 1691 1081 1775 exemplum,

110 1777 303 1862 praecipuae
332 1778 410 1842 artis
439 1777 543 1861 pictor
571 1797 688 1860 equum
718 1774 758 1839 ab
781 1774 1007 1840 exercitatione
1029 1798 1083 1840 ue·

110 1863 256 1926 nientem
289 1862 385 1926 modo
418 1884 486 1926 non
518 1863 628 1926 uiuum
661 1860 771 1925 labore
802 1860 979 1924 industriae
1006 1882 1082 1925 suae

112 1946 395 2030 conprehenderat.
449 1947 538 2012 cuius
568 1947 700 2010 naribus
729 1966 858 2028 spumas
882 1945 1005 2008 adicere
1028 1966 1080 2010 cu·
1095 1961 1120 2003 2⁰

110 2033 204 2116 piens
226 2035 338 2096 tantus
353 2030 469 2095 artifex
492 2031 527 2095 in
548 2034 616 2095 tam
637 2031 774 2114 paruula
788 2030 922 2094 materia
945 2031 1081 2094 multum

112 2137 149 2180 ac
177 2117 233 2180 diu
263 2117 384 2180 frustra
410 2117 586 2181 terebatur.
637 2115 860 2201 indignatione
891 2114 1006 2179 deinde
1029 2136 1080 2179 ac-

112 2222 226 2266 census
249 2219 426 2285 spongeam
454 2201 602 2264 omnibus
633 2200 779 2263 inbutam
807 2200 968 2264 coloribus
996 2199 1080 2264 forte

111 2287 201 2349 iuxta
224 2306 257 2349 se
284 2285 425 2368 positam
452 2283 665 2367 adprehendit
691 2287 725 2346 et
752 2283 851 2348 ueluti
873 2288 1080 2367 corrupturus

111 2391 192 2452 opus
220 2390 312 2432 suum
334 2367 463 2432 tabulae
485 2368 597 2432 inlisit.
644 2390 740 2451 quem
766 2368 898 2432 fortuna
924 2369 965 2433 ad
992 2369 1078 2454 ipsas
1094 2387 1119 2428 25

179 2592 194 2638 2
214 2585 358 2707 Neptunii
375 2587 400 2640 1.
419 2602 496 2721 paup.
515 2588 533 2646 1,
551 2586 671 2640 Paridis
688 2586 880 2654 compendium
898 2587 965 2643 add.
983 2602 1080 2657 margo

114 2655 160 2721 Al!
179 2661 195 2708 3
214 2653 314 2707 coloris
361 2655 413 2708 ἈΙ
437 2656 474 2722 16
493 2669 579 2723 opere
597 2654 630 2708 ic
647 2669 703 2708 ros.
721 2654 762 2719 A,
786 2667 929 2722 oportere
952 2657 976 2722 (t
994 2659 1078 2724 eras.)

112 2724 138 2777 A
150 2723 188 2790 118
207 2721 298 2858 alterp
310 2737 383 2800 quae
394 2723 442 2789 A¹‚
461 2722 586 2801 alternae
599 2738 656 2790 qua
669 2722 709 2786 ei,
728 2727 759 2800 ut
772 2722 844 2787 mid,
863 2723 913 2802 LJ,
932 2723 1078 2804 alterare-

111 2805 223 2912 lhlhidadl
234 2789 324 2911 (dimid
321 2858 335 2888 *
341 2808 352 2924 ‚l
353 2789 1079 2925 1114111131ιόῧέβέ’(ἎιᾌῩῇἐΙὲιᾈέῗὲῗῙΙῗΠοῄἓὴέᾚζ

111 2924 179 2991 ΛΟ,
199 2924 355 2979 Calchanta
366 2925 454 2980 Halm
467 2928 476 2994 11
492 2932 522 2979 10
540 2925 645 2979 ulixem
665 2925 734 2981 Pur.
750 2926 759 2993 11
773 2925 943 2980 clamantem
962 2927 1078 2980 Aiacem

112 3008 160 3047 moa
176 2993 341 3048 inclusimus
348 2994 483 3062 probante
495 2993 619 3049 Halmio.
638 2994 673 3059 cf.
688 2992 744 3051 (lic.
759 3008 797 3046 or.
809 2996 855 3058 22,
868 2997 903 3048 74
920 2999 946 3048 et
960 2994 1078 3064 Quintil.

112 3062 149 3114 11
164 3064 212 3124 13,
231 3064 265 3114 13
282 3061 292 3128 ΙΙ
312 3068 341 3114 13
359 3061 520 3117 aceruuats
534 3062 604 3115 L¹A
622 3062 631 3129 1
651 3066 681 3114 14
699 3061 853 3129 haruspicis
869 3062 909 3114 Α2
926 3062 1021 3115 Halm.
1042 3063 1078 3128 cs.

110 3145 138 3196 p.
150 3131 194 3189 26,
206 3132 242 3181 10
254 3129 264 3197 11
278 3134 310 3182 15
328 3129 467 3198 spectanti
484 3130 685 3198 Wematy1884
698 3143 728 3196 p,
740 3130 814 3205 79111
828 3128 940 3182 affectui
954 3129 1031 3196 DE,
1050 3147 1078 3183 m

113 3197 149 3251 cd
163 3196 208 3250 VI
222 3199 247 3262 5,
259 3198 277 3247 4
288 3198 298 3264 11
313 3202 344 3250 16
362 3197 569 3251 aestimandum
587 3198 671 3252 L²A²
683 3198 693 3265 11
705 3195 827 3264 reliquid
844 3196 880 3248 L*
896 3198 906 3266 11
922 3201 951 3249 18
969 3198 1078 3265 pictore

114 3281 174 3318 cum
192 3263 229 3314 L¹
248 3268 274 3317 et
291 3265 331 3319 stc
348 3266 401 3329 A¹‚
426 3266 492 3323 odd.
512 3265 569 3323 BR.
593 3265 627 3319 cii
647 3265 722 3331 equii
740 3265 776 3317 ab
803 3263 1006 3318 exercitatione
1025 3281 1075 3319 ue-

112 3330 205 3386 nienti
224 3330 343 3386 uidisset
361 3349 388 3399 p.
406 3349 431 3390 a.
450 3349 543 3404 margo
561 3334 589 3386 A
607 3351 620 3386 e
637 3333 707 3390 Par.
726 3335 736 3402 11
754 3332 790 3385 ab
808 3348 843 3389 m.
861 3334 881 3385 2
899 3345 968 3388 corr.
988 3349 1022 3386 ec
1040 3333 1076 3386 ad

114 3402 139 3453 A
151 3401 161 3468 11
175 3406 205 3454 19
224 3393 325 3454 ”modo
343 3398 408 3454 'non
420 3401 481 3469 11211
494 3401 593 3455 labore
602 3401 684 3454 L¹A¹
697 3403 707 3470 11
720 3407 752 3454 23
765 3399 940 3468 sphongeam
953 3401 992 3453 A²
1003 3401 1074 3455 Par.

114 3468 147 3533 cf.
161 3484 191 3536 p.
210 3471 292 3542 71,ss
306 3469 315 3536 11
329 3474 362 3522 24
380 3468 532 3537 adprendit
548 3469 620 3522 Pur.
639 3469 687 3536 let
704 3467 793 3522 ueluti
811 3468 850 3521 A²
866 3470 951 3535 Pom,
970 3468 1076 3523 eucluti

114 3535 189 3588 L¹A¹
203 3576 209 3601 ,
225 3532 255 3587 ei
278 3537 367 3590 ueluti
385 3537 440 3602 L‘,
458 3552 577 3604 eamque
595 3553 630 3590 ue
644 3535 686 3589 uti
703 3537 767 3590 dett.

873 3620 929 3676 26*
