2562 3950
510 153 523 207 1
558 160 649 209 r-u.
999 157 1062 223 595

93 331 193 388 suam,
226 313 417 388 uirginesque
439 311 576 372 Vestales
606 331 673 372 oum
701 314 792 372 sacris
821 331 900 389 pone
921 315 1057 389 uidisset,
1071 327 1185 370 veum

93 397 204 456 deiecit
226 414 348 460 uxorem
370 414 403 455 ao
424 395 501 456 filios
522 401 553 457 et
574 397 742 458 sacerdotes
765 417 832 458 cum
847 399 905 474 piis
921 399 1060 460 oneribus

7 527 8 534 .
93 483 227 557 suscepit
248 482 405 558 iussusque
427 483 484 541 iter
506 484 621 542 mutare
638 481 728 542 Caere
750 484 895 559 paruerit.
926 503 960 543 ex
976 485 1059 545 cuius

7 613 8 646 3
94 567 198 642 oppidi
225 565 367 641 obsequio
396 567 427 626 in
449 567 586 643 publicas
608 567 769 644 religiones
792 568 987 629 caerimonias
1010 589 1060 645 ap-

7 701 8 706 ,
64 651 293 728 opellauerunt.

160 737 209 798 13.
242 733 275 794 C.
292 735 401 793 Fabius
423 734 540 794 Dorsuo
561 735 669 795 flamen
693 737 863 810 Quirinalis,
887 755 954 796 cum
976 737 1056 796 idem
1076 745 1141 804 1,11

7 811 8 818 ¹
93 818 174 879 Galli
190 818 360 879 obsiderent
375 818 565 896 Capitolium,
581 821 719 880 sollemni
735 821 783 880 die
798 823 957 898 gabinatus
975 841 1056 882 sacra

7 953 8 962 ,
93 904 265 980 praeferens
287 923 342 980 per
362 904 496 963 bostium
518 906 648 964 tentoria
662 909 680 977 †
695 906 838 966 sacrificio
861 907 960 966 rediit.

7 1051 8 1056 1
160 991 209 1047 14.
244 988 305 1048 Sub
327 988 460 1048 Ianiculo
489 1008 556 1048 arca
583 991 707 1049 inuenta
734 995 780 1050 est
806 991 840 1050 P.
865 990 1001 1051 Cornelio
1026 995 1056 1051 et
1075 998 1141 1059 1‚12

7 1065 8 1132 J
52 1085 79 1125 10
93 1075 135 1132 M.
159 1073 270 1132 Baebio
294 1073 450 1149 Tamphilo
479 1092 574 1133 conss.
603 1075 692 1150 plana
719 1075 805 1135 libris
827 1079 933 1136 nostra
954 1077 1058 1152 lingua

7 1153 8 1228 J
93 1162 184 1235 atque
207 1158 315 1231 Attica,
339 1178 397 1234 qua
418 1159 450 1217 in
472 1177 540 1217 arca
554 1159 655 1218 Latini
678 1159 853 1235 pontificum
875 1161 1059 1237 disciplinas,

92 1246 126 1302 at
147 1241 251 1302 Graeci
273 1243 518 1318 philosophorum
539 1243 700 1302 habebant.
738 1245 865 1305 seruatis
887 1245 981 1322 igitur
1004 1263 1058 1304 no·

7 1319 8 1328 ¹
93 1327 164 1406 stris
188 1326 316 1387 Graecos
339 1327 404 1404 igni
427 1327 543 1401 dedere,
567 1329 638 1403 quia
659 1347 721 1388 non
736 1331 941 1405 probauerunt
955 1335 1060 1390 contra

7 1465 8 1476 ,
93 1411 253 1486 religiones
276 1411 463 1487 sapientiam.
493 1431 567 1487 quos
590 1412 684 1472 libros
707 1414 790 1474 iussu
813 1419 932 1474 senatus
956 1414 990 1472 P.
1006 1415 1058 1473 Pe-

7 1493 8 1500 ’
51 1505 79 1546 1⁵
93 1495 178 1554 tilius
201 1498 321 1570 praetor
343 1495 475 1555 urbanus
498 1498 621 1556 exussit.
937 1517 940 1524 ¹

7 1649 8 1654 ¹
159 1579 207 1638 15.
235 1580 276 1642 M.
300 1580 413 1640 Atilius
434 1581 566 1657 Regulus
588 1582 697 1641 missus
719 1601 736 1640 a
758 1580 1054 1658 Carthaginiensibus
1075 1590 1141 1648 1,14

7 1665 8 1670 ’
92 1664 218 1722 Romam
246 1665 327 1723 inter
355 1665 469 1740 legatos
498 1665 627 1726 Punicos
656 1668 711 1726 sub
740 1670 941 1739 sacramento,
974 1671 1009 1725 ut
1038 1668 1064 1726 si

95 1749 284 1824 captiuorum
310 1749 504 1809 commutatio
520 1750 600 1810 facta
614 1769 676 1810 non
689 1751 804 1825 fuisset,
828 1753 866 1810 ad
882 1753 1061 1828 supplicium

98 1833 223 1906 rediret,
254 1833 290 1892 de
318 1833 446 1909 captiuis
475 1834 679 1910 permutandis
707 1837 820 1911 populo
842 1837 976 1896 Romano
999 1837 1062 1912 ipse

7 1917 8 1996 J
57 1930 83 1970 20
98 1917 238 1978 dissuasit
261 1920 292 1976 et
312 1917 350 1976 ad
372 1918 489 1978 Poenos
512 1919 610 1991 rediit,
634 1937 671 1977 ne
694 1921 850 1995 peieraret.

7 2063 8 2070 1
161 2003 211 2062 16.
248 2002 321 2061 Post
344 2001 529 2062 Cannensem
558 2003 672 2062 cladem
701 2024 768 2064 cum
797 2006 868 2065 satis
896 2006 972 2064 iuste
994 2006 1141 2071 tota1‚15

7 2087 8 2096 ’
96 2087 200 2147 ciuitas
229 2087 261 2146 in
289 2105 419 2147 maerore
448 2090 543 2160 esset,
578 2093 698 2148 senatus
722 2089 838 2149 censuit
858 2093 893 2148 ut
915 2090 978 2150 dies
1000 2106 1062 2147 xxx

7 2175 8 2248 s
95 2173 214 2230 tentum
236 2171 368 2230 luctibus
391 2172 547 2232 darentur:
571 2173 727 2234 instabant
746 2174 825 2232 anim
840 2193 924 2234 sacra
941 2173 1062 2250 Cereris,

7 2263 8 2268 ’
96 2275 171 2331 quaa
195 2256 375 2331 oportebant
396 2275 413 2314 a
435 2257 521 2316 laetis
544 2259 695 2317 celebrari.

7 2405 8 2408 ¹
55 2351 80 2392 2⁵
161 2343 208 2401 17.
242 2338 408 2398 Varronem
435 2339 544 2400 Cannis
573 2343 650 2400 mala
680 2342 823 2402 aduersus
850 2343 964 2402 Poenos
991 2361 1054 2402 rem
1075 2349 1141 2408 1,16

7 2425 8 2496 J
98 2426 226 2501 gessisse
248 2425 331 2482 fuere
355 2424 406 2500 qui
428 2426 592 2498 crederent,
616 2445 649 2486 eo
672 2427 753 2502 quod
768 2445 894 2502 puerum
911 2428 1063 2503 speciosis-

7 2517 8 2524 ’
96 2509 203 2568 simum
225 2509 307 2568 Iouis
330 2512 432 2568 tensae
455 2503 655 2586 imposuisset.
687 2513 725 2570 ob
740 2513 792 2572 hcc
805 2512 917 2571 laesam
932 2513 1061 2572 saeuisse

163 2728 177 2776 1
196 2739 235 2776 ora
250 2737 326 2859 kpone
345 2721 432 2792 <se>?
451 2705 481 2778 dt
493 2723 601 2791 uNep.
612 2740 642 2792 p.
653 2727 748 2791 623,8‚
765 2725 814 2778 eor
825 2741 854 2779 se
866 2725 933 2779 add.
950 2724 1059 2794 Halmll

96 2795 116 2870 2Ι
129 2790 237 2869 deiedit
272 2789 424 2844 honeribus
437 2793 475 2860 113
495 2807 558 2844 cere
576 2794 709 2859 perusiat
726 2794 794 2872 coel,
806 2809 855 2850 cm.
867 2792 954 2914 Mai)
967 2800 983 2845 4
1002 2808 1062 2846 oae-

94 2857 471 3004 11111111111111
491 2860 934 3006 {structurarum
959 2861 1059 2982 111

95 2991 266 3058 Quuinalem
289 2995 343 3070 rmt
366 2994 404 3070 et·
417 2994 553 3062 peracto>
577 2995 713 3050 saer1iic1o
737 2995 822 3049 redut
845 2996 928 3050 Gertz
948 3011 978 3063 p.
995 2999 1059 3062 298,

85 3060 215 3114 tentoria
233 3075 318 3114 sacru
337 3061 419 3114 tactis
437 3061 523 3114 rediit
534 3059 685 3118 Eberhard
699 3065 717 3120 l.
729 3080 761 3128 a,
780 3063 903 3116 tentoria
921 3062 1058 3116 sacrificio

93 3128 247 3207 (peracto)
265 3127 350 3181 rediit
362 3127 426 3182 Mai
437 3127 550 3250 Hazmi
562 3135 594 3208 19
611 3130 767 3200 pamphilio
781 3130 790 3198 11
805 3136 834 3183 11
852 3130 987 3199 pontificu
1002 3136 1034 3184 eri
1044 3131 1057 3200 11

95 3201 125 3249 13
146 3210 270 3266 susprcor
293 3195 351 3249 cod.
376 3197 472 3252 habere
495 3197 530 3250 de
553 3213 582 3250 er
603 3201 647 3260 (ε
660 3200 749 3265 runt),
778 3197 851 3265 qood
869 3197 1060 3266 compendium

94 3264 231 3317 constanti
249 3279 338 3318 errore
351 3279 405 3331 per
417 3281 447 3318 re
459 3264 586 3337 reddidit
598 3265 664 3319 Mai
676 3268 686 3336 11
698 3266 882 3334 probauerint
894 3265 952 3319 cod.
961 3265 1058 3331 Halm,

95 3347 141 3385 cm.
161 3331 244 3385 Gertz
261 3333 278 3385 l.
298 3347 330 3397 a,
348 3332 508 3400 probabant
524 3332 676 3388 Eberlmrd
695 3335 712 3386 l.
732 3349 753 3388 c.
776 3334 786 3402 11
807 3333 978 3386 contrariam
996 3333 1059 3386 reli-

94 3399 170 3477 gioni
188 3399 257 3478 coni.
271 3399 374 3454 Certa*
384 3401 397 3476 11
411 3406 442 3454 16
454 3399 580 3454 Metilius
593 3401 603 3468 11
616 3408 649 3454 24
662 3417 678 3455 o
701 3401 814 3456 ortabat
825 3400 889 3454 Mai
902 3403 911 3468 11
924 3407 961 3480 25.
971 3400 1058 3480 Varro

93 3485 127 3588 111}
140 3484 235 3588 cleanms
248 3469 257 3535 1
270 3473 303 3520 26
322 3482 434 3522 cessisse
447 3469 457 3537 11
470 3469 598 3538 crederet
610 3469 620 3537 11
634 3475 665 3522 ‘27
678 3419 731 3524 boc
744 3469 810 3528 add.
823 3469 935 3536 Gertz*,
953 3469 982 3522 1d
994 3469 1057 3523 Mur

124 3552 139 3588 o
153 3552 179 3589 m
