<?xml version="1.0" encoding="UTF-8"?>
<!DOCTYPE html PUBLIC "-//W3C//DTD XHTML 1.0 Transitional//EN"
    "http://www.w3.org/TR/xhtml1/DTD/xhtml1-transitional.dtd">
<html xmlns="http://www.w3.org/1999/xhtml" xml:lang="en" lang="en">
 <head>
  <title>
</title>
<meta http-equiv="Content-Type" content="text/html;charset=utf-8" />
  <meta name='ocr-system' content='tesseract 3.04.00' />
  <meta name='ocr-capabilities' content='ocr_page ocr_carea ocr_par ocr_line ocrx_word'/>
</head>
<body>
  <div class='ocr_page' id='page_1' title='image "./valeriimaximifa00nepogoog_0584.png"; bbox 0 0 2562 3950; ppageno 0'>
   <div class='ocr_carea' id='block_1_1' title="bbox 376 148 1093 244">
    <p class='ocr_par' dir='ltr' id='par_1_1' title="bbox 376 148 1093 244">
     <span class='ocr_line' id='line_1_1' title="bbox 376 148 1093 244; baseline 0.024 -42"><span class='ocrx_word' id='word_1_1' title='bbox 376 148 444 204; x_wconf 82' lang='lat' dir='ltr'>ma.</span> <span class='ocrx_word' id='word_1_2' title='bbox 463 148 511 204; x_wconf 76' lang='lat' dir='ltr'>vr.</span> <span class='ocrx_word' id='word_1_3' title='bbox 538 149 616 205; x_wconf 77' lang='lat' dir='ltr'>oar.</span> <span class='ocrx_word' id='word_1_4' title='bbox 634 156 749 220; x_wconf 82' lang='lat' dir='ltr'>a‚1-r.</span> <span class='ocrx_word' id='word_1_5' title='bbox 976 152 1039 218; x_wconf 80' lang='lat'>543</span> <span class='ocrx_word' id='word_1_6' title='bbox 1086 227 1093 244; x_wconf 26' lang='grc' dir='ltr'><strong>ι</strong></span> 
     </span>
    </p>
   </div>
   <div class='ocr_carea' id='block_1_2' title="bbox 29 308 1039 483">
    <p class='ocr_par' dir='ltr' id='par_1_2' title="bbox 29 308 1039 483">
     <span class='ocr_line' id='line_1_2' title="bbox 29 308 1039 390; baseline 0.001 -22"><span class='ocrx_word' id='word_1_7' title='bbox 29 308 167 390; x_wconf 30' lang='lat' dir='ltr'>¹&#39;oiliam</span> <span class='ocrx_word' id='word_1_8' title='bbox 198 309 402 369; x_wconf 77' lang='lat' dir='ltr'><strong>transeuntem</strong></span> <span class='ocrx_word' id='word_1_9' title='bbox 430 310 620 384; x_wconf 88' lang='lat' dir='ltr'>sequeretur,</span> <span class='ocrx_word' id='word_1_10' title='bbox 649 309 790 368; x_wconf 85' lang='lat' dir='ltr'>famulari</span> <span class='ocrx_word' id='word_1_11' title='bbox 817 311 900 369; x_wconf 87' lang='lat' dir='ltr'>ueste</span> <span class='ocrx_word' id='word_1_12' title='bbox 929 309 1039 370; x_wconf 86' lang='lat' dir='ltr'>iniecta</span> 
     </span>
     <span class='ocr_line' id='line_1_3' title="bbox 41 392 545 483; baseline -0.006 -30"><span class='ocrx_word' id='word_1_13' title='bbox 41 410 164 453; x_wconf 87' lang='lat' dir='ltr'>comes</span> <span class='ocrx_word' id='word_1_14' title='bbox 189 393 254 452; x_wconf 90' lang='lat' dir='ltr'>eius</span> <span class='ocrx_word' id='word_1_15' title='bbox 278 392 366 483; x_wconf 82' lang='lat' dir='ltr'>lagae</span> <span class='ocrx_word' id='word_1_16' title='bbox 388 392 467 452; x_wconf 85' lang='lat' dir='ltr'>iacta</span> <span class='ocrx_word' id='word_1_17' title='bbox 489 396 545 452; x_wconf 89' lang='lat' dir='ltr'>est.</span> 
     </span>
    </p>
   </div>
   <div class='ocr_carea' id='block_1_3' title="bbox 343 577 769 638">
    <p class='ocr_par' dir='ltr' id='par_1_3' title="bbox 343 577 769 638">
     <span class='ocr_line' id='line_1_4' title="bbox 343 577 769 638; baseline -0.002 -1"><span class='ocrx_word' id='word_1_18' title='bbox 343 577 397 637; x_wconf 78' lang='lat' dir='ltr'>Du</span> <span class='ocrx_word' id='word_1_19' title='bbox 419 578 516 637; x_wconf 79' lang='lat' dir='ltr'><strong>FIDE</strong></span> <span class='ocrx_word' id='word_1_20' title='bbox 539 577 769 638; x_wconf 78' lang='lat' dir='ltr'><strong>SERVORVM.</strong></span> 
     </span>
    </p>
   </div>
   <div class='ocr_carea' id='block_1_4' title="bbox 29 679 1086 2952">
    <p class='ocr_par' dir='ltr' id='par_1_4' title="bbox 29 679 1086 841">
     <span class='ocr_line' id='line_1_5' title="bbox 29 679 1086 758; baseline 0.003 -24"><span class='ocrx_word' id='word_1_21' title='bbox 29 729 30 734; x_wconf 73' lang='grc'>,</span> <span class='ocrx_word' id='word_1_22' title='bbox 125 679 170 738; x_wconf 89' lang='grc' dir='ltr'>Μ.</span> <span class='ocrx_word' id='word_1_23' title='bbox 195 680 355 758; x_wconf 80' lang='lat' dir='ltr'>Antonius,</span> <span class='ocrx_word' id='word_1_24' title='bbox 378 697 444 738; x_wconf 90' lang='lat' dir='ltr'>eum</span> <span class='ocrx_word' id='word_1_25' title='bbox 468 697 539 738; x_wconf 87' lang='lat' dir='ltr'>rcus</span> <span class='ocrx_word' id='word_1_26' title='bbox 560 680 668 740; x_wconf 78' lang='lat' dir='ltr'>incesti</span> <span class='ocrx_word' id='word_1_27' title='bbox 689 683 836 756; x_wconf 80' lang='lat' dir='ltr'>ageretur,</span> <span class='ocrx_word' id='word_1_28' title='bbox 860 680 1086 752; x_wconf 76' lang='lat' dir='ltr'>accusatorie-‚1</span> 
     </span>
     <span class='ocr_line' id='line_1_6' title="bbox 46 763 1038 841; baseline -0.001 -18"><span class='ocrx_word' id='word_1_29' title='bbox 46 765 117 823; x_wconf 92' lang='lat' dir='ltr'>bus</span> <span class='ocrx_word' id='word_1_30' title='bbox 143 763 212 824; x_wconf 91' lang='lat' dir='ltr'>eius</span> <span class='ocrx_word' id='word_1_31' title='bbox 235 782 354 823; x_wconf 89' lang='lat' dir='ltr'>seruum</span> <span class='ocrx_word' id='word_1_32' title='bbox 376 764 407 822; x_wconf 90' lang='lat' dir='ltr'>in</span> <span class='ocrx_word' id='word_1_33' title='bbox 426 763 631 839; x_wconf 87' lang='lat' dir='ltr'>quaestionem</span> <span class='ocrx_word' id='word_1_34' title='bbox 647 767 873 840; x_wconf 88' lang='lat' dir='ltr'>perseueranter</span> <span class='ocrx_word' id='word_1_35' title='bbox 887 764 1038 841; x_wconf 89' lang='lat' dir='ltr'>postulan-</span> 
     </span>
    </p>

    <p class='ocr_par' dir='ltr' id='par_1_5' title="bbox 29 847 1038 926">
     <span class='ocr_line' id='line_1_7' title="bbox 29 847 1038 926; baseline 0.002 -20"><span class='ocrx_word' id='word_1_36' title='bbox 29 848 161 920; x_wconf 80' lang='lat' dir='ltr'>tibus,</span> <span class='ocrx_word' id='word_1_37' title='bbox 194 847 274 924; x_wconf 90' lang='lat' dir='ltr'>quod</span> <span class='ocrx_word' id='word_1_38' title='bbox 302 849 340 907; x_wconf 86' lang='lat' dir='ltr'>ab</span> <span class='ocrx_word' id='word_1_39' title='bbox 372 866 423 926; x_wconf 88' lang='lat' dir='ltr'>eo,</span> <span class='ocrx_word' id='word_1_40' title='bbox 453 866 520 906; x_wconf 91' lang='lat' dir='ltr'>oum</span> <span class='ocrx_word' id='word_1_41' title='bbox 543 850 581 907; x_wconf 87' lang='lat' dir='ltr'>ad</span> <span class='ocrx_word' id='word_1_42' title='bbox 605 853 744 924; x_wconf 76' lang='lat' dir='ltr'><strong>stuprum</strong></span> <span class='ocrx_word' id='word_1_43' title='bbox 765 851 870 921; x_wconf 91' lang='lat' dir='ltr'>iretur,</span> <span class='ocrx_word' id='word_1_44' title='bbox 899 850 1038 908; x_wconf 85' lang='lat' dir='ltr'>lanterna</span> 
     </span>
    </p>

    <p class='ocr_par' dir='ltr' id='par_1_6' title="bbox 29 931 1037 1008">
     <span class='ocr_line' id='line_1_8' title="bbox 29 931 1037 1008; baseline 0 -15"><span class='ocrx_word' id='word_1_45' title='bbox 29 935 141 993; x_wconf 70' lang='lat' dir='ltr'>esset</span> <span class='ocrx_word' id='word_1_46' title='bbox 165 933 309 1008; x_wconf 90' lang='lat' dir='ltr'>praelata,</span> <span class='ocrx_word' id='word_1_47' title='bbox 332 932 400 1007; x_wconf 92' lang='lat' dir='ltr'>ipso</span> <span class='ocrx_word' id='word_1_48' title='bbox 421 931 511 991; x_wconf 86' lang='lat' dir='ltr'>fidem</span> <span class='ocrx_word' id='word_1_49' title='bbox 539 934 735 1008; x_wconf 78' lang='lat' dir='ltr'>promittente</span> <span class='ocrx_word' id='word_1_50' title='bbox 763 952 850 993; x_wconf 90' lang='lat' dir='ltr'>seruo</span> <span class='ocrx_word' id='word_1_51' title='bbox 878 934 1037 993; x_wconf 88' lang='lat' dir='ltr'>tormentis</span> 
     </span>
    </p>

    <p class='ocr_par' dir='ltr' id='par_1_7' title="bbox 29 1017 818 1092">
     <span class='ocr_line' id='line_1_9' title="bbox 29 1017 818 1092; baseline -0.001 -13"><span class='ocrx_word' id='word_1_52' title='bbox 29 1021 90 1079; x_wconf 79' lang='lat' dir='ltr'>:et</span> <span class='ocrx_word' id='word_1_53' title='bbox 114 1017 232 1076; x_wconf 90' lang='lat' dir='ltr'>iudicio</span> <span class='ocrx_word' id='word_1_54' title='bbox 256 1037 325 1076; x_wconf 92' lang='lat' dir='ltr'>eum</span> <span class='ocrx_word' id='word_1_55' title='bbox 348 1017 497 1076; x_wconf 85' lang='lat' dir='ltr'>commisit</span> <span class='ocrx_word' id='word_1_56' title='bbox 519 1036 573 1076; x_wconf 90' lang='lat' dir='ltr'>nee</span> <span class='ocrx_word' id='word_1_57' title='bbox 596 1018 738 1092; x_wconf 90' lang='lat' dir='ltr'>deceptus</span> <span class='ocrx_word' id='word_1_58' title='bbox 761 1022 818 1078; x_wconf 86' lang='lat' dir='ltr'>est.</span> 
     </span>
    </p>

    <p class='ocr_par' dir='ltr' id='par_1_8' title="bbox 33 1099 1069 1264">
     <span class='ocr_line' id='line_1_10' title="bbox 128 1099 1069 1180; baseline -0.004 -20"><span class='ocrx_word' id='word_1_59' title='bbox 128 1099 164 1160; x_wconf 83' lang='lat'>0.</span> <span class='ocrx_word' id='word_1_60' title='bbox 189 1101 320 1160; x_wconf 89' lang='lat' dir='ltr'>Marium</span> <span class='ocrx_word' id='word_1_61' title='bbox 341 1101 553 1161; x_wconf 81' lang='lat' dir='ltr'>Praenestinae</span> <span class='ocrx_word' id='word_1_62' title='bbox 577 1102 739 1180; x_wconf 87' lang='lat' dir='ltr'>obsidionis</span> <span class='ocrx_word' id='word_1_63' title='bbox 769 1101 967 1162; x_wconf 88' lang='lat' dir='ltr'>miserabilem</span> <span class='ocrx_word' id='word_1_64' title='bbox 990 1109 1069 1160; x_wconf 80' lang='lat' dir='ltr'>err-2</span> 
     </span>
     <span class='ocr_line' id='line_1_11' title="bbox 33 1185 1036 1264; baseline 0.002 -21"><span class='ocrx_word' id='word_1_65' title='bbox 33 1188 142 1247; x_wconf 68' lang='lat' dir='ltr'>ritum</span> <span class='ocrx_word' id='word_1_66' title='bbox 166 1189 317 1255; x_wconf 69' lang='lat' dir='ltr'>sonitum,</span> <span class='ocrx_word' id='word_1_67' title='bbox 347 1186 477 1245; x_wconf 90' lang='lat' dir='ltr'>cuniculi</span> <span class='ocrx_word' id='word_1_68' title='bbox 499 1185 622 1246; x_wconf 88' lang='lat' dir='ltr'>latebris</span> <span class='ocrx_word' id='word_1_69' title='bbox 645 1187 772 1246; x_wconf 90' lang='lat' dir='ltr'>euadere</span> <span class='ocrx_word' id='word_1_70' title='bbox 795 1190 951 1264; x_wconf 88' lang='lat' dir='ltr'>conatum,</span> <span class='ocrx_word' id='word_1_71' title='bbox 975 1187 1036 1245; x_wconf 92' lang='lat' dir='ltr'>leui</span> 
     </span>
    </p>

    <p class='ocr_par' dir='ltr' id='par_1_9' title="bbox 29 1270 1035 1347">
     <span class='ocr_line' id='line_1_12' title="bbox 29 1270 1035 1347; baseline -0.003 -14"><span class='ocrx_word' id='word_1_72' title='bbox 29 1303 32 1334; x_wconf 63' lang='grc' dir='ltr'><strong><em>ε</em></strong></span> <span class='ocrx_word' id='word_1_73' title='bbox 55 1271 192 1330; x_wconf 90' lang='lat' dir='ltr'>uulnere</span> <span class='ocrx_word' id='word_1_74' title='bbox 208 1290 225 1329; x_wconf 90' lang='lat' dir='ltr'>a</span> <span class='ocrx_word' id='word_1_75' title='bbox 241 1270 389 1343; x_wconf 81' lang='lat' dir='ltr'>Telesino,</span> <span class='ocrx_word' id='word_1_76' title='bbox 412 1288 551 1347; x_wconf 91' lang='lat' dir='ltr'>cumque</span> <span class='ocrx_word' id='word_1_77' title='bbox 567 1272 642 1330; x_wconf 90' lang='lat' dir='ltr'>mori</span> <span class='ocrx_word' id='word_1_78' title='bbox 659 1271 870 1344; x_wconf 87' lang='lat' dir='ltr'>destinauerat,</span> <span class='ocrx_word' id='word_1_79' title='bbox 887 1273 1035 1347; x_wconf 86' lang='lat' dir='ltr'>striatam,</span> 
     </span>
    </p>

    <p class='ocr_par' dir='ltr' id='par_1_10' title="bbox 29 1354 973 1431">
     <span class='ocr_line' id='line_1_13' title="bbox 29 1354 973 1431; baseline -0.001 -15"><span class='ocrx_word' id='word_1_80' title='bbox 29 1385 32 1424; x_wconf 64' lang='grc' dir='ltr'>ς</span> <span class='ocrx_word' id='word_1_81' title='bbox 58 1374 170 1416; x_wconf 87' lang='lat' dir='ltr'>seruus</span> <span class='ocrx_word' id='word_1_82' title='bbox 194 1355 324 1414; x_wconf 90' lang='lat' dir='ltr'>occisum</span> <span class='ocrx_word' id='word_1_83' title='bbox 348 1354 490 1413; x_wconf 86' lang='lat' dir='ltr'>Sullanae</span> <span class='ocrx_word' id='word_1_84' title='bbox 512 1355 697 1422; x_wconf 84' lang='lat' dir='ltr'>crudelitatis</span> <span class='ocrx_word' id='word_1_85' title='bbox 719 1356 791 1414; x_wconf 87' lang='lat' dir='ltr'>fecit</span> <span class='ocrx_word' id='word_1_86' title='bbox 813 1359 973 1431; x_wconf 86' lang='lat' dir='ltr'>expertem.</span> 
     </span>
    </p>

    <p class='ocr_par' dir='ltr' id='par_1_11' title="bbox 59 1438 1069 1601">
     <span class='ocr_line' id='line_1_14' title="bbox 129 1438 1069 1516; baseline -0.003 -18"><span class='ocrx_word' id='word_1_87' title='bbox 129 1438 162 1499; x_wconf 84' lang='grc' dir='ltr'>Ο.</span> <span class='ocrx_word' id='word_1_88' title='bbox 187 1438 355 1516; x_wconf 88' lang='lat' dir='ltr'>Gracchus,</span> <span class='ocrx_word' id='word_1_89' title='bbox 377 1457 415 1497; x_wconf 90' lang='lat' dir='ltr'>ne</span> <span class='ocrx_word' id='word_1_90' title='bbox 437 1440 469 1497; x_wconf 90' lang='lat' dir='ltr'>in</span> <span class='ocrx_word' id='word_1_91' title='bbox 491 1443 673 1515; x_wconf 87' lang='lat' dir='ltr'>potestatem</span> <span class='ocrx_word' id='word_1_92' title='bbox 695 1439 885 1498; x_wconf 87' lang='lat' dir='ltr'>inimicorum</span> <span class='ocrx_word' id='word_1_93' title='bbox 908 1440 1034 1516; x_wconf 89' lang='lat' dir='ltr'>ueniret,</span> <span class='ocrx_word' id='word_1_94' title='bbox 1054 1447 1069 1495; x_wconf 85' lang='grc'>3</span> 
     </span>
     <span class='ocr_line' id='line_1_15' title="bbox 59 1523 1034 1601; baseline -0.002 -18"><span class='ocrx_word' id='word_1_95' title='bbox 59 1523 231 1583; x_wconf 89' lang='lat' dir='ltr'>Philocrati</span> <span class='ocrx_word' id='word_1_96' title='bbox 254 1542 350 1601; x_wconf 86' lang='lat' dir='ltr'>seruo,</span> <span class='ocrx_word' id='word_1_97' title='bbox 372 1523 422 1582; x_wconf 91' lang='lat' dir='ltr'>uel</span> <span class='ocrx_word' id='word_1_98' title='bbox 444 1526 480 1581; x_wconf 89' lang='lat' dir='ltr'>ut</span> <span class='ocrx_word' id='word_1_99' title='bbox 501 1524 552 1583; x_wconf 87' lang='lat' dir='ltr'>alii</span> <span class='ocrx_word' id='word_1_100' title='bbox 576 1524 688 1595; x_wconf 90' lang='lat' dir='ltr'>dieunt,</span> <span class='ocrx_word' id='word_1_101' title='bbox 710 1523 831 1599; x_wconf 81' lang='lat' dir='ltr'>Euporo</span> <span class='ocrx_word' id='word_1_102' title='bbox 848 1523 975 1583; x_wconf 84' lang='lat' dir='ltr'>ceruices</span> <span class='ocrx_word' id='word_1_103' title='bbox 991 1523 1034 1581; x_wconf 92' lang='lat' dir='ltr'>in·</span> 
     </span>
    </p>

    <p class='ocr_par' dir='ltr' id='par_1_12' title="bbox 29 1607 1033 1767">
     <span class='ocr_line' id='line_1_16' title="bbox 29 1607 1033 1682; baseline -0.002 -14"><span class='ocrx_word' id='word_1_104' title='bbox 29 1627 47 1674; x_wconf 77' lang='lat'>:⁵</span> <span class='ocrx_word' id='word_1_105' title='bbox 63 1608 210 1668; x_wconf 84' lang='lat' dir='ltr'>uidendae</span> <span class='ocrx_word' id='word_1_106' title='bbox 232 1607 378 1682; x_wconf 88' lang='lat' dir='ltr'>praebuit.</span> <span class='ocrx_word' id='word_1_107' title='bbox 413 1626 485 1682; x_wconf 89' lang='lat' dir='ltr'>quas</span> <span class='ocrx_word' id='word_1_108' title='bbox 509 1627 576 1667; x_wconf 90' lang='lat' dir='ltr'>cum</span> <span class='ocrx_word' id='word_1_109' title='bbox 598 1608 688 1668; x_wconf 89' lang='lat' dir='ltr'>celeri</span> <span class='ocrx_word' id='word_1_110' title='bbox 709 1608 772 1667; x_wconf 88' lang='lat' dir='ltr'>ictu</span> <span class='ocrx_word' id='word_1_111' title='bbox 796 1608 980 1680; x_wconf 86' lang='lat' dir='ltr'>abscidisset,</span> <span class='ocrx_word' id='word_1_112' title='bbox 1002 1609 1033 1666; x_wconf 91' lang='lat' dir='ltr'>in</span> 
     </span>
     <span class='ocr_line' id='line_1_17' title="bbox 63 1690 1019 1767; baseline 0.002 -19"><span class='ocrx_word' id='word_1_113' title='bbox 63 1711 96 1752; x_wconf 85' lang='lat' dir='ltr'>se</span> <span class='ocrx_word' id='word_1_114' title='bbox 118 1690 254 1767; x_wconf 85' lang='lat' dir='ltr'>gladium</span> <span class='ocrx_word' id='word_1_115' title='bbox 277 1693 434 1750; x_wconf 88' lang='lat' dir='ltr'>conuertit.</span> <span class='ocrx_word' id='word_1_116' title='bbox 1012 1747 1019 1756; x_wconf 74' lang='grc'><strong>,</strong></span> 
     </span>
    </p>

    <p class='ocr_par' dir='ltr' id='par_1_13' title="bbox 29 1774 1067 1854">
     <span class='ocr_line' id='line_1_18' title="bbox 29 1774 1067 1854; baseline -0.005 -19"><span class='ocrx_word' id='word_1_117' title='bbox 29 1829 31 1852; x_wconf 79' lang='lat'>,</span> <span class='ocrx_word' id='word_1_118' title='bbox 129 1775 280 1836; x_wconf 91' lang='lat' dir='ltr'>Pindarus</span> <span class='ocrx_word' id='word_1_119' title='bbox 314 1774 347 1835; x_wconf 82' lang='grc' dir='ltr'>Ο.</span> <span class='ocrx_word' id='word_1_120' title='bbox 376 1774 509 1836; x_wconf 82' lang='lat' dir='ltr'>Cassium</span> <span class='ocrx_word' id='word_1_121' title='bbox 540 1775 726 1852; x_wconf 87' lang='lat' dir='ltr'>Philippensi</span> <span class='ocrx_word' id='word_1_122' title='bbox 760 1775 874 1852; x_wconf 91' lang='lat' dir='ltr'>proelio</span> <span class='ocrx_word' id='word_1_123' title='bbox 908 1777 1067 1854; x_wconf 68' lang='lat' dir='ltr'>uictuma</span> 
     </span>
    </p>

    <p class='ocr_par' dir='ltr' id='par_1_14' title="bbox 29 1861 1034 1939">
     <span class='ocr_line' id='line_1_19' title="bbox 29 1861 1034 1939; baseline -0.006 -15"><span class='ocrx_word' id='word_1_124' title='bbox 29 1897 30 1924; x_wconf 68' lang='lat' dir='ltr'>l</span> <span class='ocrx_word' id='word_1_125' title='bbox 63 1877 162 1935; x_wconf 89' lang='lat' dir='ltr'>nuper</span> <span class='ocrx_word' id='word_1_126' title='bbox 183 1861 220 1919; x_wconf 90' lang='lat' dir='ltr'>ab</span> <span class='ocrx_word' id='word_1_127' title='bbox 244 1878 278 1919; x_wconf 93' lang='lat' dir='ltr'>eo</span> <span class='ocrx_word' id='word_1_128' title='bbox 301 1879 392 1919; x_wconf 90' lang='lat' dir='ltr'>manu</span> <span class='ocrx_word' id='word_1_129' title='bbox 414 1861 532 1939; x_wconf 87' lang='lat' dir='ltr'>missus,</span> <span class='ocrx_word' id='word_1_130' title='bbox 554 1861 637 1920; x_wconf 90' lang='lat' dir='ltr'>iussu</span> <span class='ocrx_word' id='word_1_131' title='bbox 653 1861 746 1935; x_wconf 89' lang='lat' dir='ltr'>ipsius</span> <span class='ocrx_word' id='word_1_132' title='bbox 762 1862 975 1920; x_wconf 89' lang='lat' dir='ltr'>obtruncatum</span> <span class='ocrx_word' id='word_1_133' title='bbox 990 1861 1034 1918; x_wconf 93' lang='lat' dir='ltr'>in-</span> 
     </span>
    </p>

    <p class='ocr_par' dir='ltr' id='par_1_15' title="bbox 29 1941 878 2024">
     <span class='ocr_line' id='line_1_20' title="bbox 29 1941 878 2024; baseline 0.001 -21"><span class='ocrx_word' id='word_1_134' title='bbox 29 1981 30 2014; x_wconf 70' lang='lat'><em>3</em></span> <span class='ocrx_word' id='word_1_135' title='bbox 65 1945 222 2004; x_wconf 85' lang='lat' dir='ltr'>sultationi</span> <span class='ocrx_word' id='word_1_136' title='bbox 244 1945 375 2004; x_wconf 85' lang='lat' dir='ltr'>hostium</span> <span class='ocrx_word' id='word_1_137' title='bbox 388 1941 558 2024; x_wconf 84' lang='lat' dir='ltr'>subtraxit,</span> <span class='ocrx_word' id='word_1_138' title='bbox 582 1945 688 2004; x_wconf 91' lang='lat' dir='ltr'>deinde</span> <span class='ocrx_word' id='word_1_139' title='bbox 710 1964 741 2005; x_wconf 88' lang='lat' dir='ltr'>se</span> <span class='ocrx_word' id='word_1_140' title='bbox 762 1943 878 2004; x_wconf 87' lang='lat' dir='ltr'>occidit.</span> 
     </span>
    </p>

    <p class='ocr_par' dir='ltr' id='par_1_16' title="bbox 30 2029 1065 2439">
     <span class='ocr_line' id='line_1_21' title="bbox 30 2029 1065 2105; baseline 0 -20"><span class='ocrx_word' id='word_1_141' title='bbox 30 2047 51 2086; x_wconf 77' lang='lat' dir='ltr'>:o</span> <span class='ocrx_word' id='word_1_142' title='bbox 130 2029 258 2089; x_wconf 89' lang='lat' dir='ltr'>Plancus</span> <span class='ocrx_word' id='word_1_143' title='bbox 280 2030 449 2103; x_wconf 89' lang='lat' dir='ltr'>Munatius,</span> <span class='ocrx_word' id='word_1_144' title='bbox 471 2030 576 2089; x_wconf 87' lang='lat' dir='ltr'>Planci</span> <span class='ocrx_word' id='word_1_145' title='bbox 598 2029 727 2088; x_wconf 86' lang='lat' dir='ltr'>Munatii</span> <span class='ocrx_word' id='word_1_146' title='bbox 749 2031 859 2105; x_wconf 88' lang='lat' dir='ltr'>frater,</span> <span class='ocrx_word' id='word_1_147' title='bbox 888 2049 905 2088; x_wconf 91' lang='lat' dir='ltr'>a</span> <span class='ocrx_word' id='word_1_148' title='bbox 927 2030 1031 2088; x_wconf 87' lang='lat' dir='ltr'>trium-</span> <span class='ocrx_word' id='word_1_149' title='bbox 1049 2035 1065 2084; x_wconf 84' lang='lat'>5</span> 
     </span>
     <span class='ocr_line' id='line_1_22' title="bbox 66 2114 1033 2192; baseline 0.001 -20"><span class='ocrx_word' id='word_1_150' title='bbox 66 2114 141 2173; x_wconf 89' lang='lat' dir='ltr'>uiris</span> <span class='ocrx_word' id='word_1_151' title='bbox 167 2115 354 2190; x_wconf 86' lang='lat' dir='ltr'>proscriptus</span> <span class='ocrx_word' id='word_1_152' title='bbox 361 2157 370 2191; x_wconf 85' lang='lat'>,</span> <span class='ocrx_word' id='word_1_153' title='bbox 404 2134 471 2174; x_wconf 88' lang='lat' dir='ltr'>cum</span> <span class='ocrx_word' id='word_1_154' title='bbox 498 2115 531 2174; x_wconf 91' lang='lat' dir='ltr'>in</span> <span class='ocrx_word' id='word_1_155' title='bbox 558 2115 681 2190; x_wconf 82' lang='lat' dir='ltr'>regione</span> <span class='ocrx_word' id='word_1_156' title='bbox 712 2114 886 2174; x_wconf 84' lang='lat' dir='ltr'>Salonitana</span> <span class='ocrx_word' id='word_1_157' title='bbox 918 2115 1033 2192; x_wconf 87' lang='lat' dir='ltr'>lateret,</span> 
     </span>
     <span class='ocr_line' id='line_1_23' title="bbox 66 2199 1033 2276; baseline 0.001 -19"><span class='ocrx_word' id='word_1_158' title='bbox 66 2200 312 2274; x_wconf 88' lang='lat' dir='ltr'>persequentibus</span> <span class='ocrx_word' id='word_1_159' title='bbox 335 2218 366 2258; x_wconf 91' lang='lat' dir='ltr'>se</span> <span class='ocrx_word' id='word_1_160' title='bbox 388 2199 544 2273; x_wconf 68' lang='lat' dir='ltr'>militibus</span> <span class='ocrx_word' id='word_1_161' title='bbox 568 2217 635 2258; x_wconf 91' lang='lat' dir='ltr'>cum</span> <span class='ocrx_word' id='word_1_162' title='bbox 658 2199 737 2258; x_wconf 86' lang='lat' dir='ltr'>serui</span> <span class='ocrx_word' id='word_1_163' title='bbox 758 2199 821 2259; x_wconf 93' lang='lat' dir='ltr'>eius</span> <span class='ocrx_word' id='word_1_164' title='bbox 835 2204 981 2276; x_wconf 84' lang='lat' dir='ltr'>negarent</span> <span class='ocrx_word' id='word_1_165' title='bbox 1001 2218 1033 2258; x_wconf 88' lang='lat' dir='ltr'>se</span> 
     </span>
     <span class='ocr_line' id='line_1_24' title="bbox 68 2283 1033 2356; baseline -0.001 -13"><span class='ocrx_word' id='word_1_166' title='bbox 68 2285 142 2344; x_wconf 86' lang='lat' dir='ltr'>scire</span> <span class='ocrx_word' id='word_1_167' title='bbox 164 2283 215 2342; x_wconf 90' lang='lat' dir='ltr'>ubi</span> <span class='ocrx_word' id='word_1_168' title='bbox 238 2283 375 2342; x_wconf 88' lang='lat' dir='ltr'>dominus</span> <span class='ocrx_word' id='word_1_169' title='bbox 399 2287 492 2356; x_wconf 90' lang='lat' dir='ltr'>esset,</span> <span class='ocrx_word' id='word_1_170' title='bbox 514 2302 575 2343; x_wconf 89' lang='lat' dir='ltr'>non</span> <span class='ocrx_word' id='word_1_171' title='bbox 598 2285 742 2344; x_wconf 84' lang='lat' dir='ltr'>sustinuit</span> <span class='ocrx_word' id='word_1_172' title='bbox 763 2287 826 2343; x_wconf 91' lang='lat' dir='ltr'>tam</span> <span class='ocrx_word' id='word_1_173' title='bbox 848 2283 951 2346; x_wconf 88' lang='lat' dir='ltr'>fideles</span> <span class='ocrx_word' id='word_1_174' title='bbox 974 2303 1033 2343; x_wconf 91' lang='lat' dir='ltr'>ser-</span> 
     </span>
     <span class='ocr_line' id='line_1_25' title="bbox 69 2367 718 2439; baseline 0.002 -13"><span class='ocrx_word' id='word_1_175' title='bbox 69 2385 122 2427; x_wconf 91' lang='lat' dir='ltr'>uos</span> <span class='ocrx_word' id='word_1_176' title='bbox 145 2367 277 2439; x_wconf 87' lang='lat' dir='ltr'>cruciari,</span> <span class='ocrx_word' id='word_1_177' title='bbox 302 2369 353 2426; x_wconf 92' lang='lat' dir='ltr'>sed</span> <span class='ocrx_word' id='word_1_178' title='bbox 377 2386 408 2426; x_wconf 89' lang='lat' dir='ltr'>se</span> <span class='ocrx_word' id='word_1_179' title='bbox 431 2368 577 2428; x_wconf 90' lang='lat' dir='ltr'>militibus</span> <span class='ocrx_word' id='word_1_180' title='bbox 601 2368 718 2427; x_wconf 86' lang='lat' dir='ltr'>obiecit.</span> 
     </span>
    </p>

    <p class='ocr_par' dir='ltr' id='par_1_17' title="bbox 29 2451 1063 2782">
     <span class='ocr_line' id='line_1_26' title="bbox 29 2451 1063 2529; baseline -0.002 -21"><span class='ocrx_word' id='word_1_181' title='bbox 29 2467 56 2508; x_wconf 82' lang='lat' dir='ltr'>ae</span> <span class='ocrx_word' id='word_1_182' title='bbox 131 2451 236 2511; x_wconf 90' lang='lat' dir='ltr'>Vrbini</span> <span class='ocrx_word' id='word_1_183' title='bbox 261 2452 442 2528; x_wconf 87' lang='lat' dir='ltr'>Panapionis</span> <span class='ocrx_word' id='word_1_184' title='bbox 471 2470 590 2529; x_wconf 87' lang='lat' dir='ltr'>seruus,</span> <span class='ocrx_word' id='word_1_185' title='bbox 623 2472 690 2512; x_wconf 92' lang='lat' dir='ltr'>cum</span> <span class='ocrx_word' id='word_1_186' title='bbox 716 2453 848 2512; x_wconf 88' lang='lat' dir='ltr'>audisset</span> <span class='ocrx_word' id='word_1_187' title='bbox 876 2451 1063 2511; x_wconf 79' lang='lat' dir='ltr'>dominumo</span> 
     </span>
     <span class='ocr_line' id='line_1_27' title="bbox 71 2538 1033 2615; baseline -0.003 -18"><span class='ocrx_word' id='word_1_188' title='bbox 71 2556 154 2597; x_wconf 90' lang='lat' dir='ltr'>suum</span> <span class='ocrx_word' id='word_1_189' title='bbox 176 2538 376 2613; x_wconf 85' lang='lat' dir='ltr'>proscriptum</span> <span class='ocrx_word' id='word_1_190' title='bbox 406 2557 423 2596; x_wconf 84' lang='lat' dir='ltr'>a</span> <span class='ocrx_word' id='word_1_191' title='bbox 450 2539 634 2615; x_wconf 74' lang='lat' dir='ltr'>triumuiriS,</span> <span class='ocrx_word' id='word_1_192' title='bbox 664 2541 747 2596; x_wconf 86' lang='lat' dir='ltr'>ueste</span> <span class='ocrx_word' id='word_1_193' title='bbox 771 2556 837 2596; x_wconf 90' lang='lat' dir='ltr'>oum</span> <span class='ocrx_word' id='word_1_194' title='bbox 859 2555 893 2595; x_wconf 92' lang='lat' dir='ltr'>eo</span> <span class='ocrx_word' id='word_1_195' title='bbox 916 2555 1033 2611; x_wconf 89' lang='lat' dir='ltr'>permu-</span> 
     </span>
     <span class='ocr_line' id='line_1_28' title="bbox 70 2620 1032 2698; baseline -0.002 -18"><span class='ocrx_word' id='word_1_196' title='bbox 70 2625 132 2680; x_wconf 80' lang='lat' dir='ltr'>tata</span> <span class='ocrx_word' id='word_1_197' title='bbox 161 2623 274 2696; x_wconf 89' lang='lat' dir='ltr'>postico</span> <span class='ocrx_word' id='word_1_198' title='bbox 308 2621 385 2681; x_wconf 91' lang='lat' dir='ltr'>clam</span> <span class='ocrx_word' id='word_1_199' title='bbox 415 2622 515 2681; x_wconf 90' lang='lat' dir='ltr'>emisit</span> <span class='ocrx_word' id='word_1_200' title='bbox 544 2625 575 2680; x_wconf 90' lang='lat' dir='ltr'>et</span> <span class='ocrx_word' id='word_1_201' title='bbox 602 2640 633 2681; x_wconf 90' lang='lat' dir='ltr'>se</span> <span class='ocrx_word' id='word_1_202' title='bbox 661 2640 716 2698; x_wconf 89' lang='lat' dir='ltr'>pro</span> <span class='ocrx_word' id='word_1_203' title='bbox 739 2621 909 2696; x_wconf 89' lang='lat' dir='ltr'>Panapioue</span> <span class='ocrx_word' id='word_1_204' title='bbox 938 2620 1032 2680; x_wconf 91' lang='lat' dir='ltr'>occidi</span> 
     </span>
     <span class='ocr_line' id='line_1_29' title="bbox 72 2709 247 2782; baseline 0.017 -18"><span class='ocrx_word' id='word_1_205' title='bbox 72 2723 171 2782; x_wconf 87' lang='lat' dir='ltr'>passus</span> <span class='ocrx_word' id='word_1_206' title='bbox 194 2709 247 2780; x_wconf 86' lang='lat' dir='ltr'>est.</span> 
     </span>
    </p>

    <p class='ocr_par' dir='ltr' id='par_1_18' title="bbox 39 2789 1065 2952">
     <span class='ocr_line' id='line_1_30' title="bbox 134 2789 1065 2866; baseline -0.003 -18"><span class='ocrx_word' id='word_1_207' title='bbox 134 2791 239 2850; x_wconf 89' lang='lat' dir='ltr'>Antius</span> <span class='ocrx_word' id='word_1_208' title='bbox 261 2790 364 2850; x_wconf 91' lang='lat' dir='ltr'>Restio</span> <span class='ocrx_word' id='word_1_209' title='bbox 387 2791 573 2866; x_wconf 86' lang='lat' dir='ltr'>proscriptus</span> <span class='ocrx_word' id='word_1_210' title='bbox 597 2810 614 2849; x_wconf 90' lang='lat' dir='ltr'>a</span> <span class='ocrx_word' id='word_1_211' title='bbox 636 2791 804 2850; x_wconf 90' lang='lat' dir='ltr'>triumuiris</span> <span class='ocrx_word' id='word_1_212' title='bbox 827 2789 965 2848; x_wconf 86' lang='lat' dir='ltr'>comitem</span> <span class='ocrx_word' id='word_1_213' title='bbox 988 2789 1065 2846; x_wconf 73' lang='lat' dir='ltr'>lut</span> 
     </span>
     <span class='ocr_line' id='line_1_31' title="bbox 39 2874 1033 2952; baseline -0.001 -19"><span class='ocrx_word' id='word_1_214' title='bbox 39 2891 65 2932; x_wconf 83' lang='lat' dir='ltr'>ao</span> <span class='ocrx_word' id='word_1_215' title='bbox 78 2894 130 2952; x_wconf 86' lang='lat' dir='ltr'>gae</span> <span class='ocrx_word' id='word_1_216' title='bbox 155 2893 221 2934; x_wconf 87' lang='lat' dir='ltr'>suae</span> <span class='ocrx_word' id='word_1_217' title='bbox 252 2895 345 2934; x_wconf 92' lang='lat' dir='ltr'>unum</span> <span class='ocrx_word' id='word_1_218' title='bbox 368 2893 488 2934; x_wconf 89' lang='lat' dir='ltr'>seruum</span> <span class='ocrx_word' id='word_1_219' title='bbox 511 2877 645 2934; x_wconf 89' lang='lat' dir='ltr'>uinctum</span> <span class='ocrx_word' id='word_1_220' title='bbox 667 2874 898 2951; x_wconf 88' lang='lat' dir='ltr'>inexpiabilique</span> <span class='ocrx_word' id='word_1_221' title='bbox 920 2875 1033 2933; x_wconf 88' lang='lat' dir='ltr'>littera·</span> 
     </span>
    </p>
   </div>
   <div class='ocr_carea' id='block_1_5' title="bbox 76 3054 1033 3590">
    <p class='ocr_par' dir='ltr' id='par_1_19' title="bbox 76 3054 1033 3590">
     <span class='ocr_line' id='line_1_32' title="bbox 138 3054 1032 3124; baseline -0.002 -16"><span class='ocrx_word' id='word_1_222' title='bbox 138 3060 152 3108; x_wconf 80' lang='lat'><strong>5</strong></span> <span class='ocrx_word' id='word_1_223' title='bbox 167 3056 365 3124; x_wconf 69' lang='lat' dir='ltr'>perseuerauit</span> <span class='ocrx_word' id='word_1_224' title='bbox 381 3071 416 3108; x_wconf 82' lang='lat' dir='ltr'>aa.</span> <span class='ocrx_word' id='word_1_225' title='bbox 428 3060 445 3109; x_wconf 91' lang='lat'><strong><em>1</em></strong></span> <span class='ocrx_word' id='word_1_226' title='bbox 458 3055 468 3124; x_wconf 93' lang='lat' dir='ltr'>l</span> <span class='ocrx_word' id='word_1_227' title='bbox 481 3061 496 3109; x_wconf 87' lang='grc'>6</span> <span class='ocrx_word' id='word_1_228' title='bbox 514 3055 662 3110; x_wconf 88' lang='lat' dir='ltr'>lanternae</span> <span class='ocrx_word' id='word_1_229' title='bbox 679 3070 715 3108; x_wconf 85' lang='lat' dir='ltr'>m.</span> <span class='ocrx_word' id='word_1_230' title='bbox 726 3059 751 3122; x_wconf 91' lang='lat'>1,</span> <span class='ocrx_word' id='word_1_231' title='bbox 769 3055 882 3110; x_wconf 88' lang='lat' dir='ltr'>laterna</span> <span class='ocrx_word' id='word_1_232' title='bbox 898 3071 932 3110; x_wconf 87' lang='lat' dir='ltr'>m.</span> <span class='ocrx_word' id='word_1_233' title='bbox 945 3056 965 3108; x_wconf 82' lang='lat'><em>2</em></span> <span class='ocrx_word' id='word_1_234' title='bbox 977 3054 987 3121; x_wconf 87' lang='grc' dir='ltr'>ΙΙ</span> <span class='ocrx_word' id='word_1_235' title='bbox 1002 3058 1032 3107; x_wconf 89' lang='grc'>10</span> 
     </span>
     <span class='ocr_line' id='line_1_33' title="bbox 76 3120 1031 3192; baseline -0.004 -14"><span class='ocrx_word' id='word_1_236' title='bbox 76 3120 196 3178; x_wconf 88' lang='lat' dir='ltr'>sortitum</span> <span class='ocrx_word' id='word_1_237' title='bbox 213 3138 264 3176; x_wconf 85' lang='lat' dir='ltr'>om.</span> <span class='ocrx_word' id='word_1_238' title='bbox 284 3123 342 3178; x_wconf 85' lang='lat' dir='ltr'>cod.</span> <span class='ocrx_word' id='word_1_239' title='bbox 361 3123 463 3192; x_wconf 87' lang='lat' dir='ltr'>Halm,</span> <span class='ocrx_word' id='word_1_240' title='bbox 490 3124 581 3192; x_wconf 73' lang='lat' dir='ltr'>suppl.</span> <span class='ocrx_word' id='word_1_241' title='bbox 601 3122 706 3177; x_wconf 67' lang='lat' dir='ltr'>Gema*</span> <span class='ocrx_word' id='word_1_242' title='bbox 725 3139 739 3176; x_wconf 87' lang='lat' dir='ltr'>e</span> <span class='ocrx_word' id='word_1_243' title='bbox 760 3122 820 3177; x_wconf 88' lang='lat' dir='ltr'>Vol.</span> <span class='ocrx_word' id='word_1_244' title='bbox 842 3124 852 3190; x_wconf 94' lang='lat' dir='ltr'>l</span> <span class='ocrx_word' id='word_1_245' title='bbox 875 3128 906 3176; x_wconf 83' lang='lat'>14</span> <span class='ocrx_word' id='word_1_246' title='bbox 925 3137 961 3176; x_wconf 90' lang='lat' dir='ltr'>au</span> <span class='ocrx_word' id='word_1_247' title='bbox 982 3137 1031 3174; x_wconf 86' lang='lat' dir='ltr'>aro</span> 
     </span>
     <span class='ocr_line' id='line_1_34' title="bbox 77 3138 1032 3268; baseline 0.003 -24"><span class='ocrx_word' id='word_1_248' title='bbox 77 3189 228 3267; x_wconf 77' lang='lat' dir='ltr'>coctHalm,</span> <span class='ocrx_word' id='word_1_249' title='bbox 247 3206 294 3248; x_wconf 86' lang='lat' dir='ltr'>em.</span> <span class='ocrx_word' id='word_1_250' title='bbox 314 3192 376 3245; x_wconf 80' lang='lat' dir='ltr'>Mai</span> <span class='ocrx_word' id='word_1_251' title='bbox 394 3190 692 3259; x_wconf 72' lang='lat' dir='ltr'>aVal.l19hostium</span> <span class='ocrx_word' id='word_1_252' title='bbox 710 3206 760 3248; x_wconf 85' lang='lat' dir='ltr'>om.</span> <span class='ocrx_word' id='word_1_253' title='bbox 780 3190 843 3244; x_wconf 79' lang='lat' dir='ltr'>Mai</span> <span class='ocrx_word' id='word_1_254' title='bbox 864 3190 874 3268; x_wconf 90' lang='lat' dir='ltr'>l</span> <span class='ocrx_word' id='word_1_255' title='bbox 887 3196 919 3244; x_wconf 80' lang='lat'>20</span> <span class='ocrx_word' id='word_1_256' title='bbox 937 3138 1032 3247; x_wconf 79' lang='lat' dir='ltr'>Plana.</span> 
     </span>
     <span class='ocr_line' id='line_1_35' title="bbox 77 3256 1031 3327; baseline 0.003 -17"><span class='ocrx_word' id='word_1_257' title='bbox 77 3257 217 3326; x_wconf 79' lang='lat' dir='ltr'>Muretus]</span> <span class='ocrx_word' id='word_1_258' title='bbox 247 3256 274 3315; x_wconf 81' lang='lat' dir='ltr'>C.</span> <span class='ocrx_word' id='word_1_259' title='bbox 301 3257 412 3313; x_wconf 87' lang='lat' dir='ltr'>Plotius</span> <span class='ocrx_word' id='word_1_260' title='bbox 437 3258 559 3312; x_wconf 87' lang='lat' dir='ltr'>Plancus</span> <span class='ocrx_word' id='word_1_261' title='bbox 586 3259 647 3315; x_wconf 86' lang='lat' dir='ltr'>Vol.</span> <span class='ocrx_word' id='word_1_262' title='bbox 672 3260 682 3327; x_wconf 80' lang='grc' dir='ltr'>ΙΙ</span> <span class='ocrx_word' id='word_1_263' title='bbox 707 3263 738 3312; x_wconf 75' lang='lat'>21</span> <span class='ocrx_word' id='word_1_264' title='bbox 767 3256 945 3312; x_wconf 80' lang='lat' dir='ltr'>Salernitana</span> <span class='ocrx_word' id='word_1_265' title='bbox 970 3256 1031 3313; x_wconf 86' lang='lat' dir='ltr'>Val.</span> 
     </span>
     <span class='ocr_line' id='line_1_36' title="bbox 77 3324 1033 3394; baseline -0.003 -14"><span class='ocrx_word' id='word_1_266' title='bbox 77 3326 147 3380; x_wconf 76' lang='lat' dir='ltr'>Plio.</span> <span class='ocrx_word' id='word_1_267' title='bbox 160 3326 169 3393; x_wconf 93' lang='lat' dir='ltr'>l</span> <span class='ocrx_word' id='word_1_268' title='bbox 180 3331 211 3380; x_wconf 78' lang='lat'>25</span> <span class='ocrx_word' id='word_1_269' title='bbox 230 3325 343 3379; x_wconf 90' lang='lat' dir='ltr'>Vrhiuii</span> <span class='ocrx_word' id='word_1_270' title='bbox 353 3327 426 3392; x_wconf 79' lang='lat' dir='ltr'>Mai,</span> <span class='ocrx_word' id='word_1_271' title='bbox 444 3342 534 3380; x_wconf 89' lang='lat' dir='ltr'>uruon</span> <span class='ocrx_word' id='word_1_272' title='bbox 551 3327 610 3384; x_wconf 86' lang='lat' dir='ltr'>cod.</span> <span class='ocrx_word' id='word_1_273' title='bbox 623 3329 633 3394; x_wconf 92' lang='lat' dir='ltr'>l</span> <span class='ocrx_word' id='word_1_274' title='bbox 645 3325 779 3393; x_wconf 86' lang='lat' dir='ltr'>audisset]</span> <span class='ocrx_word' id='word_1_275' title='bbox 798 3326 919 3380; x_wconf 79' lang='lat' dir='ltr'>addend.</span> <span class='ocrx_word' id='word_1_276' title='bbox 938 3324 1033 3379; x_wconf 77' lang='lat' dir='ltr'>caesui</span> 
     </span>
     <span class='ocr_line' id='line_1_37' title="bbox 78 3393 1032 3464; baseline -0.001 -18"><span class='ocrx_word' id='word_1_277' title='bbox 78 3393 189 3462; x_wconf 85' lang='lat' dir='ltr'>&lt;militas</span> <span class='ocrx_word' id='word_1_278' title='bbox 211 3393 323 3448; x_wconf 83' lang='lat' dir='ltr'>uenisse</span> <span class='ocrx_word' id='word_1_279' title='bbox 348 3394 384 3448; x_wconf 89' lang='lat' dir='ltr'>ad</span> <span class='ocrx_word' id='word_1_280' title='bbox 407 3393 612 3464; x_wconf 89' lang='lat' dir='ltr'>occidendum&gt;</span> <span class='ocrx_word' id='word_1_281' title='bbox 635 3410 674 3448; x_wconf 83' lang='lat' dir='ltr'>aa</span> <span class='ocrx_word' id='word_1_282' title='bbox 691 3394 825 3452; x_wconf 79' lang='lat' dir='ltr'>scribeud.</span> <span class='ocrx_word' id='word_1_283' title='bbox 843 3393 1032 3464; x_wconf 83' lang='lat' dir='ltr'>&lt;domestico-</span> 
     </span>
     <span class='ocr_line' id='line_1_38' title="bbox 79 3461 1032 3531; baseline -0.001 -17"><span class='ocrx_word' id='word_1_284' title='bbox 79 3478 134 3514; x_wconf 92' lang='lat' dir='ltr'>rum</span> <span class='ocrx_word' id='word_1_285' title='bbox 149 3461 248 3515; x_wconf 90' lang='lat' dir='ltr'>indioio</span> <span class='ocrx_word' id='word_1_286' title='bbox 267 3462 402 3518; x_wconf 86' lang='lat' dir='ltr'>certiores</span> <span class='ocrx_word' id='word_1_287' title='bbox 420 3462 508 3516; x_wconf 88' lang='lat' dir='ltr'>factos</span> <span class='ocrx_word' id='word_1_288' title='bbox 526 3463 631 3517; x_wconf 89' lang='lat' dir='ltr'>milites</span> <span class='ocrx_word' id='word_1_289' title='bbox 650 3461 760 3517; x_wconf 82' lang='lat' dir='ltr'>uenisse</span> <span class='ocrx_word' id='word_1_290' title='bbox 778 3463 814 3516; x_wconf 90' lang='lat' dir='ltr'>ad</span> <span class='ocrx_word' id='word_1_291' title='bbox 827 3461 1032 3531; x_wconf 87' lang='lat' dir='ltr'>occidendum&gt;</span> 
     </span>
     <span class='ocr_line' id='line_1_39' title="bbox 81 3527 460 3590; baseline 0.018 -9"><span class='ocrx_word' id='word_1_292' title='bbox 81 3527 228 3583; x_wconf 82' lang='lat' dir='ltr'>dominum?</span> <span class='ocrx_word' id='word_1_293' title='bbox 249 3529 347 3586; x_wconf 75' lang='lat' dir='ltr'>Gertz*</span> <span class='ocrx_word' id='word_1_294' title='bbox 365 3547 379 3586; x_wconf 85' lang='lat' dir='ltr'>a</span> <span class='ocrx_word' id='word_1_295' title='bbox 400 3530 460 3590; x_wconf 85' lang='lat' dir='ltr'>Vol.</span> 
     </span>
    </p>
   </div>
   <div class='ocr_carea' id='block_1_6' title="bbox 0 0 1303 3950">
    <p class='ocr_par' dir='ltr' id='par_1_20' title="bbox 0 0 1303 3950">
     <span class='ocr_line' id='line_1_40' title="bbox 0 0 1303 3950; baseline 0 0"><span class='ocrx_word' id='word_1_296' title='bbox 0 0 1303 3950; x_wconf 95' lang='lat' dir='ltr'> </span> 
     </span>
    </p>
   </div>
  </div>
 </body>
</html>
