2608 3952
208 189 272 254 304
616 183 682 237 LIB.
702 184 749 241 vl.

270 341 302 402 4.
337 339 435 403 Cuius
458 337 639 420 exemplum
669 337 815 419 superior
838 337 1012 400 Africanus
1034 340 1176 415 secutus,

209 446 281 489 oum
303 428 453 488 onustam
475 422 584 486 multis
601 428 633 485 et
646 421 836 485 inlustribus
852 421 1179 504 Karthaginiensium

208 510 287 573 uiris
308 531 425 573 nauem
447 509 481 570 in
504 528 596 570 suam
618 509 810 588 potestatem
825 507 1016 592 redegisset,
1040 505 1179 570 inuiola-

208 600 276 658 tam
299 595 436 675 dimisit,
457 592 582 675 quisse
597 592 723 674 legatos
739 591 778 653 ad
794 612 866 654 eum
881 592 997 656 missos
1012 591 1178 672 dicebant,

183 679 339 744 rrameai
361 676 568 742 manifestum
591 679 659 739 erat
680 675 753 738 illos
775 675 900 739 uitandi
921 677 1100 758 praesentis
1123 697 1178 760 pe·

209 765 301 828 riculi
330 763 436 846 gratia
463 760 582 824 falsum
609 759 781 842 legationis
802 780 920 823 nomen
943 759 1111 843 amplecti,
1143 765 1181 824 ut

209 848 347 912 Romani
362 847 564 929 imperatoris
579 846 687 927 potins
702 845 836 927 decepta
850 844 929 908 fides
944 865 1040 928 quam
1054 845 1180 909 frustm

209 934 384 1017 implorata
404 931 606 994 iudicaretur.

273 1021 303 1082 5.
326 1016 614 1098 Repraesentemus
626 1013 723 1076 etiam
738 1012 817 1076 illud
833 1016 964 1078 senatus
974 1013 1066 1078 nullo
1079 1013 1178 1077 modo

173 1125 198 1164 ro
213 1099 531 1186 praetermittendum
553 1119 644 1181 opus.
689 1098 813 1182 legatos
835 1099 875 1161 ab
896 1099 975 1162 urbe
999 1097 1180 1182 Apollonia

210 1186 347 1250 Romam
375 1185 489 1247 missos
519 1183 557 1258 Q.
580 1182 716 1265 Fabius,
749 1182 809 1248 On.
839 1183 1003 1266 Apronius
1037 1181 1180 1248 aedilicii

211 1275 282 1335 orta
308 1269 515 1332 contentione
545 1267 765 1349 pulsauerunt.
820 1269 904 1350 quod
934 1267 988 1330 ubi
1016 1268 1176 1350 conperit,

210 1354 365 1420 continuo
387 1374 442 1418 eos
464 1374 522 1436 per
542 1352 669 1415 fetiales
692 1351 809 1436 legatis
824 1353 948 1416 dedidit
962 1356 1180 1435 quaestorem·

211 1462 273 1524 que
296 1460 368 1502 oum
390 1438 441 1502 his
458 1437 664 1501 Brundisium
687 1437 734 1500 ire
756 1437 864 1515 iussit,
887 1458 928 1500 ne
950 1457 1046 1520 quam
1067 1437 1103 1499 in
1125 1437 1180 1500 iti·

174 1544 199 1586 15
211 1545 288 1590 nere
308 1546 327 1588 a
342 1525 489 1608 cognatis
504 1522 686 1586 deditorum
701 1521 851 1585 iniuriam
867 1523 1059 1604 acciperent.
1089 1520 1180 1585 illam

213 1610 333 1675 curiam
355 1607 539 1673 mortalium
562 1607 634 1690 quis
657 1607 830 1670 concilium
852 1628 891 1670 ac
905 1627 972 1670 non
988 1604 1080 1670 Fidei
1094 1610 1178 1670 tem·

210 1695 301 1779 plum
328 1693 468 1757 dixerit?
511 1712 606 1776 quam
635 1696 672 1754 ut
700 1690 813 1754 ciuitas
840 1695 950 1755 nostra
978 1711 1104 1774 semper
1125 1691 1181 1754 be-

210 1781 345 1864 nignam
371 1777 549 1860 praestitit,
579 1777 627 1839 ita
653 1775 689 1838 in
719 1777 876 1840 sociorum
905 1796 1033 1859 quoque
1061 1774 1181 1839 animis

211 1864 412 1928 constantem
433 1860 634 1943 recognocit.

172 1973 199 2014 so
274 1947 351 2011 Eat.
370 1949 397 2012 1.
425 1944 503 2008 Post
525 1944 659 2008 duorum
681 1945 716 2008 in
738 1943 896 2027 Hispania
918 1943 1108 2027 Scipionum
1129 1948 1180 2009 to·

210 2032 372 2112 tidemque
386 2028 526 2092 Romani
549 2028 718 2113 sanguinis
742 2029 938 2093 exercituum
961 2027 1180 2093 miserabilem

211 2120 351 2198 stragem
373 2112 546 2196 Saguntini
572 2113 760 2178 uictricibus
792 2113 985 2178 Hannibalis
1008 2113 1106 2176 armis
1128 2113 1179 2177 in·

210 2204 262 2264 tra
282 2199 408 2263 moenia
429 2198 517 2261 urbis
546 2219 621 2261 suae
643 2198 805 2282 conpulsi,
836 2219 909 2262 cum
930 2199 996 2261 vim
1018 2196 1179 2262 Punicam

210 2283 346 2347 ulterius
367 2282 539 2365 nequirent
554 2304 671 2366 arcere,
695 2283 821 2348 collatis
835 2283 871 2346 in
885 2282 990 2347 forum
1005 2303 1087 2367 quae
1102 2284 1177 2346 uni-

112 2402 114 2405 *
173 2391 198 2432 aa
212 2368 326 2451 cuique
353 2369 446 2430 erant
473 2368 639 2432 carissima
667 2377 763 2452 atquc
794 2367 935 2452 undique
968 2367 1176 2432 circumdatis

211 2451 417 2535 accensisque
438 2451 524 2536 ignis
547 2453 763 2534 nutrimentis,
786 2474 826 2515 ne
848 2474 868 2516 a
889 2453 1044 2517 societate
1063 2456 1180 2516 nostra

211 2537 441 2618 desciscerent,
471 2536 601 2620 publico
631 2540 664 2600 et
691 2539 855 2601 communi
882 2558 918 2601 ro
944 2559 962 2601 ο
991 2540 1092 2600 semet
1113 2537 1179 2620 ipsi

211 2622 458 2706 superiecerunt.
492 2620 680 2685 crediderim
694 2624 773 2684 tuno
787 2622 891 2704 ipsam
932 2621 1017 2685 idem
1030 2620 1178 2686 humana

210 2707 343 2792 negotia
365 2705 585 2789 speculantem
606 2709 764 2770 maestum
787 2705 924 2788 gessisse
939 2706 1079 2788 uultum,
1102 2726 1177 2789 per·

172 2815 198 2856 ao
210 2791 505 2858 sederantissimum
527 2790 577 2854 sui
600 2791 722 2854 cultum
744 2791 872 2873 iniquae
887 2791 1038 2854 fortunae
1052 2790 1175 2854 iudicio

210 2882 278 2942 tam
299 2876 413 2940 acerbo
436 2876 522 2939 exitu
544 2875 733 2939 damnatum
753 2879 949 2940 cernentem.

280 3034 294 3081 1
314 3025 400 3081 secut’
419 3027 450 3091 (t'
467 3027 500 3079 in
516 3025 583 3091 ras.)
601 3025 637 3090 L,
655 3042 734 3078 secus
750 3027 791 3078 Al
815 3028 825 3096 11
849 3032 864 3078 2
882 3025 1042 3079 inlustrium
1060 3026 1140 3080 Μ’
1162 3027 1177 3096 11

210 3103 227 3152 3
243 3094 401 3149 inuolutam
409 3093 448 3146 Α1
461 3093 470 3161 11
485 3099 500 3147 7
517 3093 607 3146 frusta
615 3094 654 3146 Α1
667 3094 677 3160 ΙΙ
692 3100 720 3146 11
741 3095 771 3147 et
783 3110 825 3146 on.
834 3094 904 3148 Pur.
918 3095 927 3162 11
940 3093 1063 3148 aedilicii
1081 3109 1179 3162 murco

209 3164 237 3218 A
256 3179 269 3216 e
285 3163 365 3229 Por,
395 3161 476 3214 edilis
494 3163 518 3229 (s
535 3164 599 3214 rra3
616 3160 692 3226 add.)
710 3161 746 3228 L,
773 3161 841 3231 edili
858 3163 886 3215 A
909 3163 919 3230 1
945 3168 975 3214 12
994 3161 1179 3229 pulsauerant

209 3230 389 3296 Perizonius,
407 3234 439 3282 ret
456 3244 507 3306 pos
524 3229 608 3282 etium
624 3228 734 3349 Pupil}
746 3229 908 3306 conceperit
926 3230 962 3281 ΑΙ
984 3230 994 3297 11
1016 3234 1049 3284 13
1067 3228 1180 3283 dedidit

210 3298 381 3377 mim·
399 3295 479 3350 dedit
488 3295 571 3350 L1A¹
584 3297 594 3363 11
608 3301 639 3348 14
656 3312 691 3348 us
731 3296 786 3349 alm
799 3297 809 3363 11
821 3301 931 3376 itenere
943 3296 1005 3376 DJ}
1018 3301 1051 3350 16
1069 3312 1101 3350 ac
1119 3310 1178 3349 non

209 3363 1179 3500 tetselini,tgttrrttftutff'lllstltttr

210 3496 279 3574 LA,
293 3497 378 3549 defic:
391 3512 485 3566 morpo
494 3499 528 3562 A,
543 3513 591 3550 em.
602 3498 724 3565 Pighius
734 3515 749 3552 e
760 3499 817 3552 cod.
827 3497 954 3552 Susiano.
973 3499 1008 3564 cf.
1021 3497 1149 3564 Vnae
1161 3501 1174 3568 11

210 3577 286 3631 rpsos
304 3561 343 3614 11⁸
355 3565 365 3629 l
378 3568 411 3616 28
429 3563 553 3618 humani,
569 3566 606 3617 A¹
621 3565 676 3632 1129
694 3566 803 3618 aestum
815 3564 896 3618 L1A¹
909 3567 919 3633 11
933 3573 962 3620 31
984 3581 1086 3620 aceruo
1097 3567 1177 3622 L¹A¹
