2562 3950
276 153 344 212 LIB.
358 154 419 213 VII.
442 152 521 209 CAP.
535 160 559 221 7,
572 160 647 209 2-7.
666 153 744 214 onP.
757 160 782 222 8,
793 161 867 210 1-4.
992 158 1055 223 557

150 313 191 371 M.
215 309 297 371 Anni
320 299 491 372 Carseolani
512 312 663 389 splendidi
685 312 794 388 equitis
815 313 943 374 Romani
975 313 1089 374 filiast

78 417 99 456 a
131 395 277 457 Sufenate
305 396 454 456 auunculo
481 414 535 457 suo
563 397 723 472 adoptatus
750 399 964 458 testamentum
990 400 1055 460 ueri

78 481 191 558 patris,
213 499 272 558 quo
294 481 475 556 praeteritus
498 484 571 554 erat,
594 482 674 557 apud
697 482 902 543 centumuiros
923 484 1054 562 rescidit,

81 566 225 642 quamuis
247 566 335 625 ineo
359 564 516 626 Tullianus
538 565 662 642 Pompei
683 566 785 643 magni
808 566 965 627 familiaris
987 567 1053 643 ipso

51 650 231 726 aPompeio
254 650 404 728 signatore
426 650 512 710 heres
534 653 663 727 scriptus
686 652 775 711 esset.

151 734 184 796 Ο.
198 734 330 795 Tettium
352 735 499 795 infantem
522 740 640 812 epatre
654 735 877 809 exheredatum,
893 734 1055 796 Caetronia
1072 745 1088 794 3

80 824 201 894 natum,
225 820 312 879 diuus
327 819 485 896 Augustus
507 819 539 879 in
561 820 648 881 bona'
661 823 788 896 paterna
810 820 854 880 ire
877 820 1018 881 decreuit.

152 904 284 979 Septicia
324 909 421 964 mater
457 903 668 964 Trachalorum
714 905 950 966 Ariminensium
984 904 1089 965 filiis4

83 990 165 1049 irata
187 992 219 1048 in
241 989 452 1049 contumeliam
474 1007 587 1066 eorum,
610 1009 678 1049 oum
699 990 760 1050 iam
781 1008 885 1066 parere
906 1008 967 1050 non
988 1007 1055 1066 pos·

41 1085 68 1126 1⁰
84 1079 150 1153 set,
182 1073 318 1134 Publicio
346 1073 506 1134 admodum
534 1074 598 1139 seni
619 1075 738 1150 nupsit,
761 1077 941 1135 testamento
964 1076 1055 1135 etiarn

82 1162 246 1234 utrumque
273 1159 439 1234 praeteriit.
483 1177 503 1218 o
531 1158 638 1234 quibus
669 1157 766 1219 aditus
789 1159 876 1219 diuus
897 1158 1055 1236 Augustus

84 1247 119 1302 et
142 1243 262 1318 nuptias
284 1243 420 1303 mulieris
443 1245 474 1302 et
496 1261 633 1319 suprema
654 1242 764 1303 iudicia
785 1244 969 1320 inprobauit.

151 1325 331 1402 Calpurnius
353 1326 423 1387 Piso
444 1327 613 1403 praefectus
635 1327 735 1404 urbis,
758 1346 828 1387 oum
849 1328 887 1387 ad
909 1347 977 1389 eum
1000 1328 1054 1388 Te·
1072 1336 1088 1386 5

84 1411 203 1471 rentius
225 1429 261 1470 ex
283 1414 348 1472 octo
371 1411 451 1486 filiis,
474 1429 550 1488 quos
569 1412 601 1472 in
615 1412 848 1472 adulescentiam
863 1413 1053 1490 perduxerat,

44 1507 70 1546 1⁵
85 1498 123 1555 ab
152 1514 211 1555 uno
242 1496 275 1555 in
297 1496 488 1572 adoptionem
510 1497 580 1556 dato
602 1496 814 1556 exheredatum
836 1514 868 1556 se
890 1497 1055 1573 querellam

86 1580 262 1652 detulisset,
287 1581 431 1640 bonorum
453 1581 652 1641 adulescentis
673 1581 890 1657 possessionem
912 1583 938 1643 er‘
960 1580 1052 1642 dedit.

152 1663 301 1725 Genucius
330 1665 453 1741 quidam
480 1664 584 1725 Matris
612 1684 737 1742 maguae
760 1663 865 1724 Gallus
894 1683 911 1724 a
938 1665 1089 1726 Naeuios

86 1750 167 1809 Anio
190 1751 222 1809 in
244 1752 424 1810 testamento
445 1750 616 1809 nominatus
638 1749 806 1825 inpetrauit
827 1768 845 1808 a
867 1747 922 1810 Cn.
949 1749 1056 1810 Oreste

86 1836 226 1910 praetore
247 1835 362 1894 urbano
384 1835 473 1894 utin
494 1834 574 1894 bona
595 1834 704 1893 Naeuii
726 1833 855 1894 ueniret.
889 1835 942 1894 sed
956 1832 1056 1894 Aemi-

48 1929 74 1970 ²0
86 1919 147 1979 lius
179 1919 343 1980 Mamercus
376 1937 437 1979 eos.
470 1919 677 1995 interpellatus
710 1938 728 1978 a
761 1917 890 1979 Surdino
927 1921 1055 1994 patrono

86 2004 182 2064 Naeui
212 2005 249 2065 de
276 2004 458 2079 hereditate,
487 2004 668 2080 praetoriam
689 2005 763 2064 iuris
786 2004 948 2064 dictionem
970 2004 1055 2063 abro-

87 2089 187 2165 gauit,
216 2089 297 2165 quod
325 2089 438 2148 diceret
459 2087 625 2149 Genusium
646 2107 741 2165 neque
764 2088 897 2148 uirorum
918 2089 1054 2165 partibus

89 2174 240 2249 interponi
262 2190 349 2249 posse
370 2191 466 2249 neque
488 2174 658 2233 mulierum.

152 2257 187 2328 Q.
203 2256 342 2317 Metellus
363 2261 484 2333 praetor
504 2258 636 2318 urbanus
646 2257 760 2319 Vecillo
783 2258 886 2317 lenoni
907 2258 1054 2318 bonorum
1073 2265 1088 2314 7

52 2349 77 2390 25
90 2340 209 2402 Vibieni
238 2343 458 2417 possessionem
485 2343 648 2402 seeundum
670 2342 787 2402 tabulas
809 2344 982 2403 testamenti
1004 2361 1054 2419 ps-

90 2426 164 2485 tenti
184 2444 245 2486 non
267 2427 361 2485 dedit.

150 2511 305 2571 Menenius
328 2511 463 2589 Agrippa
483 2511 606 2572 insanus
632 2510 768 2590 habitus,
791 2513 895 2587 utpote
917 2511 968 2588 qui
989 2530 1041 2587 po·
1054 2514 1103 2580 8,1

91 2596 160 2671 pulo
181 2614 318 2655 nummos
341 2598 490 2672 sparserat
504 2599 665 2673 togamque
681 2595 764 2656 uelut
778 2597 923 2673 tragicam
938 2599 1054 2656 uestem

89 2681 121 2738 in
142 2680 206 2741 loro
229 2683 378 2759 traxerat,
402 2682 583 2741 testamento
598 2683 618 2750 †
633 2679 725 2738 filiam
747 2681 882 2741 instituit
903 2679 1053 2755 heredem,
1139 2692 1147 2701 ·

55 2764 169 2840 eoquod
190 2764 225 2823 T.
248 2765 373 2842 Longus
402 2765 547 2842 sanguine
575 2765 602 2823 ei
629 2765 781 2840 proximus
810 2764 977 2826 resoindere
1006 2783 1053 2826 oo·

92 2854 186 2924 natus,
209 2868 269 2909 non
291 2850 402 2925 potuit.

152 2934 188 3005 Q.
205 2934 353 3009 Metellos,
377 2952 444 2995 eurn
459 2932 652 2994 Gla'udiorum
674 2934 805 2995 familiae
827 2936 947 2995 uinotus
962 2937 1050 3010 esset,
1069 2941 1085 2990 3

95 3017 273 3079 Carrinatem
296 3020 394 3079 solum
416 3019 539 3095 reliquit
560 3019 710 3079 heredem.

151 3103 311 3179 Pompeius
333 3103 481 3182 Beginus,
512 3103 560 3163 uir·
581 3105 784 3180 transalpinae
806 3104 952 3184 regionis,
983 3123 1051 3164 oum
1070 3112 1087 3161 4

156 3271 172 3320 8
193 3265 385 3321 thraoalorum
402 3268 412 3336 ΙΙ
427 3273 458 3322 10
479 3266 593 3336 publioo
617 3269 627 3335 ΙΙ
653 3273 683 3321 11
707 3284 724 3322 a
747 3268 849 3335 quibua
873 3267 966 3322 aditus
983 3272 1054 3324 reete

98 3334 162 3402 Vat,
181 3334 283 3402 quibus
301 3333 403 3390 auditis
421 3335 479 3391 eod.
494 3336 549 3403 712
567 3333 681 3388 nubtias
699 3352 734 3390 m.
748 3337 788 3404 rt
802 3343 833 3390 13
851 3337 888 3390 ad
906 3335 1029 3390 eundem
1041 3338 1051 3404 ΙΙ

97 3408 123 3456 16
139 3402 275 3458 honorum
292 3408 357 3457 m.1
375 3405 384 3472 ΙΙ
405 3405 433 3457 ei
450 3417 501 3457 om.
518 3402 622 3457 addidi
640 3417 654 3457 e
675 3401 735 3458 Vol.
753 3405 763 3473 ΙΙ
781 3409 812 3458 17
831 3403 968 3474 gallusea
989 3404 999 3474 ΙΙ
1020 3409 1053 3458 27

94 3470 250 3525 Maenenius
274 3472 325 3535 (sio
346 3471 417 3539 eod.)
440 3471 509 3549 Agri
552 3470 581 3539 a]
600 3469 759 3525 Tuditanus
777 3476 815 3527 eat
832 3488 878 3542 ap.
901 3472 961 3527 Vol.
986 3474 996 3541 ΙΙ
1020 3477 1053 3527 29

12 3517 24 3589 l.
95 3539 221 3608 taxaratll
234 3546 267 3595 30
284 3538 327 3610 T]
347 3540 429 3595 immo
447 3538 489 3594 Tr.
541 3540 598 3595 olm
616 3555 630 3594 e
651 3539 713 3596 Vel.
786 3591 789 3598 .
