2562 3950
243 171 306 237 528
349 167 459 223 trev.
478 165 592 236 osae,
608 133 758 222 azursse.
777 163 959 233 carena
978 165 1064 222 car.
1077 172 1201 234 εΗ,

79 371 82 378 .
155 341 173 374 0
210 336 228 384 4
309 325 527 401 Amphinomus
549 327 581 384 et
602 323 738 400 Anapias
760 325 877 400 patrem
899 324 930 383 et
950 326 1089 384 matrem
1114 326 1228 384 umeris

245 429 300 487 per
324 409 438 470 medios
465 410 550 486 ignes
571 408 687 470 Aetnae
715 411 923 484 portauerant.
958 439 999 451 ·—
1036 407 1176 470 Cleobis
1204 414 1228 469 et

246 497 316 555 Bito
338 494 377 553 ad
399 513 481 555 sacro
495 494 619 556 Iunonis
634 493 806 571 peragenda
820 495 946 553 matrem
962 492 1044 553 collo
1060 506 1226 554 uexerunt.

212 591 229 640 5
310 579 418 640 Darius
439 597 492 638 rex
511 576 680 652 Persarum,
704 596 771 638 cum
795 577 932 655 Scythas·
945 581 1166 654 oppugnaret,
1190 581 1226 638 in·

248 663 412 742 terrogauit
439 681 489 724 eos
518 681 576 739 quo
603 681 697 740 usque
724 662 874 740 fugerent.
918 663 970 738 qui
993 664 1237 738 responderunt

247 768 278 810 se
306 767 361 809 neo
381 748 471 808 nrbes
493 747 570 807 ullas
591 767 646 808 nec
668 764 757 825 agros
780 746 890 820 cultos,
918 764 972 822 pro
994 747 1115 823 quibus
1142 748 1224 807 dimi·

247 835 359 910 carent,
379 832 503 892 habere:
527 835 669 905 ceterum,
694 849 762 891 cum
783 830 821 890 ad
833 834 993 907 parentum
1010 849 1150 892 suorum
1167 851 1224 892 mo·

245 917 381 978 nimenta
407 916 552 989 uenisset,
584 917 730 977 sciturum
756 933 845 992 quem
873 913 1062 975 admodum
1089 916 1222 996 Scythae

247 1001 389 1078 proeliari
410 1002 550 1062 solerent.

212 1096 229 1145 6
309 1085 412 1167 Croesi
440 1085 534 1159 filius,
566 1101 635 1144 cum
656 1087 735 1145 esset
756 1085 872 1157 mutus,
905 1083 999 1160 bello,
1034 1103 1104 1160 quo
1129 1086 1240 1164 Cyrus·

246 1169 390 1231 Croesum
419 1172 628 1245 superauerat,
659 1172 747 1245 capto
770 1187 822 1245 eo,
850 1187 917 1228 cum
944 1169 1033 1228 miles
1063 1171 1220 1248 ignoraret

247 1254 327 1314 hunc
348 1272 413 1314 esse
430 1253 573 1314 Croesum
595 1273 630 1314 ac
651 1271 706 1330 pro
728 1254 868 1331 gregario
891 1253 989 1313 milite
1010 1254 1161 1317 occidere
1184 1275 1219 1316 co·

210 1363 215 1368 ·
247 1341 381 1417 noratur,
404 1338 601 1415 proclamauit
623 1336 721 1415 ‘parce
744 1337 875 1398 Croeso’.
961 1377 967 1388 ·

198 1428 246 1497 t,1
314 1423 413 1500 Scipio
449 1422 624 1498 Atricanus,
667 1422 788 1483 tametsi
825 1422 976 1482 artissima
1011 1421 1219 1485 familiaritate

249 1508 352 1568 Laelio
374 1509 496 1568 iunctus
518 1512 600 1584 erat,
624 1511 724 1568 tamen
747 1509 885 1568 senatum
906 1505 1033 1583 supplex
1056 1511 1169 1570 orauit
1189 1528 1236 1572 net*

141 1605 145 1612 '
248 1593 420 1668 prouinciae
449 1610 512 1652 sors
535 1592 622 1652 fratri
644 1610 698 1652 suo
721 1593 888 1669 eriperetur
909 1592 1113 1669 legatumque
1137 1613 1171 1654 se
1193 1595 1219 1652 L.

250 1676 384 1753 Scipioni
405 1679 436 1736 in
458 1676 561 1736 Asiam
583 1678 695 1736 iturum
717 1674 897 1752 repromisit.

216 1772 233 1821 4
314 1762 400 1822 Miles
421 1762 572 1821 Romanus
594 1760 674 1821 bello
690 1761 871 1834 Sertoriano,
895 1779 963 1820 cum
984 1760 1017 1820 in
1041 1763 1157 1824 castris
1174 1761 1217 1822 Cr.

248 1845 374 1922 Pompei
395 1845 555 1920 militaret,
586 1846 710 1906 fratrem
738 1863 826 1906 suum
852 1845 950 1905 acrius
971 1851 1170 1922 pugnantem
1190 1867 1217 1908 ex

250 1931 377 1991 aduersa
398 1932 484 2006 parte
508 1930 624 1992 occidit.
653 1930 774 2007 cognito
795 1930 904 1991 scelere
919 1929 1048 1990 cadauer
1063 1933 1231 1996 sublatum

250 2033 323 2091 rogo
345 2016 537 2091 superposuit
558 2017 589 2075 et
609 2016 674 2076 face
695 2015 814 2075 subdita
834 2013 936 2092 gladio
959 2032 989 2075 se
1010 2016 1192 2078 transfodit.

142 2153 145 2160 .
200 2104 249 2170 6,2
314 2097 390 2158 Cum
417 2100 449 2159 in
477 2099 575 2158 media
602 2099 659 2160 fori
686 2101 772 2176 parte
794 2101 881 2160 uasto
903 2098 988 2158 hiatu
1009 2100 1096 2159 terra
1122 2103 1215 2162 subse-

251 2183 343 2243 disset
371 2186 401 2242 et
432 2203 609 2260 responsum
638 2187 716 2245 esset
750 2203 784 2242 ea
811 2202 844 2244 re
866 2184 956 2243 illum
984 2184 1110 2244 tantum
1135 2187 1214 2246 modo

251 2267 384 2342 conpleri
411 2287 513 2344 posse,
542 2288 601 2345 qua
626 2288 658 2344 p.
680 2269 715 2328 R.
744 2269 906 2345 plurimum
935 2267 1066 2342 ualeret,
1090 2263 1215 2332 ¹Curtius

250 2351 360 2412 nobilis
388 2353 505 2414 iuuenis
528 2354 743 2428 interpretatus
765 2353 869 2413 urbem
891 2355 1025 2412 nostram
1049 2353 1173 2416 uirtute
1194 2360 1231 2417 etr

251 2437 341 2495 armis
363 2438 520 2512 excellere,
549 2443 568 2509 †
587 2441 711 2514 tumque
733 2456 764 2498 se
786 2437 818 2497 in
839 2436 914 2495 illud
935 2431 1129 2512 protundum
1153 2441 1214 2519 egit.

218 2532 233 2582 t
314 2521 349 2581 P.
373 2520 481 2583 Decius
502 2523 570 2582 Mus
591 2522 700 2582 Latino
730 2521 824 2596 bello,
853 2540 921 2581 oum
947 2523 1040 2581 aciem
1065 2541 1159 2585 suam
1179 2527 1214 2584 in·

252 2606 391 2666 clinatam
414 2607 544 2679 uideret,
567 2625 621 2682 pro
644 2608 777 2667 exercitu
799 2626 830 2667 se
852 2605 986 2666 deuouit.

218 2701 233 2750 ‘l
316 2691 417 2767 Scipio
446 2691 604 2752 Africanus
635 2694 705 2767 post
733 2690 916 2751 Cannensem
949 2689 1064 2750 cladem
1095 2691 1214 2755 Metello

251 2776 408 2835 consilium
435 2776 569 2852 agitante
597 2775 633 2834 de
656 2775 850 2852 relinquenda
871 2774 961 2835 Italia
982 2769 1048 2850 ipse
1073 2778 1229 2842 tribunus.

251 2861 382 2920 militum
407 2861 523 2919 iuuenis
551 2858 710 2920 admodum
738 2861 843 2920 stricto
871 2859 971 2936 gladio
999 2864 1135 2922 mortem
1158 2866 1215 2924 nni·

319 3079 335 3127 2
353 3073 427 3142 ignis
443 3072 508 3127 Mai
526 3073 538 3142 ΙΙ
558 3073 679 3128 aethnae
697 3071 760 3130 m.l
777 3075 787 3142 l
804 3079 820 3129 3
838 3073 950 3128 iunonis
967 3073 1016 3128 aad
1032 3072 1063 3126 iu
1082 3075 1118 3131 in
1137 3083 1214 3146 ruat

252 3142 339 3195 uexei
358 3140 424 3206 cort,
443 3156 547 3195 uexere
564 3141 629 3196 Mai
640 3143 679 3210 flt
696 3142 798 3196 darem
814 3157 850 3197 m.
862 3143 903 3210 211
917 3147 950 3195 14
967 3140 1112 3200 mosoma
1130 3154 1215 3204 noso

255 3207 351 3264 (ἔθηκ’
370 3225 384 3263 e
404 3207 474 3273 Vol,
492 3209 635 3263 rarissima
652 3210 709 3265 cod.
730 3209 816 3263 Halm
832 3210 843 3279 ΙΙ
866 3215 903 3264 16,
915 3209 956 3263 eri
977 3210 1084 3279 eretur]
1103 3215 1175 3271 add,
1192 3221 1214 3271 et

253 3275 290 3328 ad
308 3293 372 3330 eum
389 3275 588 3330 transferretur
605 3281 687 3354 reate,
705 3282 738 3332 ut
754 3276 824 3343 uid,
844 3276 946 3332 Gesta*
957 3226 1013 3346 ill
1031 3277 1143 3336 iturum
1163 3300 1214 3340 esse

252 3356 342 3408 prom.
360 3342 447 3396 idem·
459 3344 469 3410 n
481 3349 514 3396 22
531 3344 613 3397 uasta
629 3346 735 3398 uirtute
752 3345 829 3398 terra
846 3344 917 3410 cort,
935 3359 982 3400 em.
995 3344 1086 3400 Halm
1104 3351 1213 3420 chM

253 3413 287 3482 22
304 3407 354 3461 illa
366 3409 427 3474 (cic)
440 3409 450 3476 ΙΙ
463 3414 495 3462 26
513 3410 603 3478 tnmq.
618 3427 648 3464 se
665 3410 734 3477 cod„
751 3427 790 3465 aa
801 3411 947 3533 suppremo.
961 3427 1066 3480 equum
1086 3430 1214 3476 conscen-

253 3471 295 3512 aa
313 3474 497 3540 ornatamque
515 3477 561 3530 aet
578 3479 773 3546 armatumque
792 3493 821 3532 se
860 3493 923 3545 ooo,
947 3495 1010 3534 cum
1028 3495 1104 3547 equo
1122 3501 1155 3542 se
1179 3489 1214 3544 uel

426 3542 593 3610 armatumq.
611 3560 639 3597 se
660 3545 759 3599 tima*
