2604 3960
207 160 268 226 172
613 156 681 215 ma.
698 157 762 214 1111.

203 312 281 377 tatis
313 314 443 377 nostrae
476 331 632 389 essemus,
662 309 782 394 aliquid
809 311 874 374 tale
902 310 1060 374 fecimus’.
1107 333 1175 396 qua

203 396 439 481 tranquillitate
456 395 583 461 consilii
597 395 666 479 ipse
681 394 743 458 sibi
761 394 981 459 condicionem
998 395 1086 459 exilii
1101 397 1174 480 pla·

204 480 355 546 eidiorem
377 479 524 546 reddidit·
639 494 642 500 “

266 582 297 647 4.
326 581 546 666 Thrasybulus
575 581 673 645 etiam
697 579 761 646 hoe
789 581 852 645 looi
881 580 1173 665 adprehendendus

178 669 269 745 sest,
293 667 348 752 qui
365 666 519 753 populum
531 665 763 730 Atheniensem
784 682 859 728 xxx
874 669 1088 751 tyrannorum
1104 686 1172 730 sae-

202 752 284 816 uitia
313 755 406 816 sedes
437 772 509 816 suas
547 749 727 834 relinquere
750 753 895 815 ooaotum
929 749 1172 835 dispersamque

203 839 237 901 et
259 857 376 920 uagam
398 837 498 900 uitam
513 834 740 898 miserabiliter
761 835 953 920 exigentem,
976 835 1093 898 animis
1115 856 1173 919 pa-

203 922 280 985 riter
307 924 404 1004 atque
431 920 528 984 ermis
556 919 778 1018 confirmatum
804 920 840 984 in
867 921 1004 1018 patriam
1020 918 1170 1017 reduxit.

165 1003 1172 1172 ,0itti?tlalahttttlhtldtlh”lttttuh

205 1174 292 1237 enim
306 1174 422 1237 seitum
436 1173 639 1270 interposuit,
661 1193 703 1236 ne
719 1194 782 1257 qua
797 1173 1041 1257 praeteritarum
1062 1194 1172 1237 rerum

203 1258 324 1322 mentio
340 1257 441 1322 fieret.
478 1257 557 1323 haee
572 1256 704 1338 obhuio,
720 1278 817 1342 quem
831 1257 1047 1322 Athenienses
1063 1278 1174 1322 amne·

204 1341 290 1407 stian
304 1346 434 1422 uocant,
460 1363 650 1407 eoneussum
668 1345 701 1406 et
715 1341 876 1407 labentem
892 1343 1032 1418 ciuitatis
1047 1344 1174 1407 statum

203 1427 238 1491 in
259 1427 432 1510 pristinum
446 1426 594 1492 habitum
616 1427 790 1494 reuocauit.

166 1550 191 1592 rs
268 1529 298 1594 5.
331 1525 408 1594 Non
439 1528 576 1592 minoris
610 1527 831 1593 admirationis
865 1527 954 1591 illud.
999 1526 1172 1611 Stasippus

204 1611 362 1698 Tegeates
383 1612 589 1678 hortantibus
611 1612 721 1676 amieis
743 1616 781 1676 ut
808 1633 942 1696 grauem
969 1612 1004 1677 in
1032 1611 1173 1676 admini-

204 1699 360 1763 stratione
381 1698 429 1763 rei
451 1698 598 1781 publicae
620 1696 790 1777 aemulum,
813 1697 868 1760 sed
890 1697 1010 1780 alioqui
1032 1698 1175 1781 probum

204 1785 237 1846 et
258 1787 409 1847 ornatum
431 1783 536 1845 uirum
558 1780 700 1866 qualibet
726 1780 852 1845 ratione
881 1781 933 1845 uel
960 1781 1089 1846 tolleret
1116 1781 1173 1846 uel

205 1870 422 1932 summoueret
441 1866 576 1949 negauit
591 1885 624 1928 se
639 1864 809 1948 fauturum,
831 1886 873 1929 ne
895 1886 990 1948 quem
1012 1866 1047 1930 in
1068 1865 1175 1931 tutela

166 1973 191 2013 20
204 1952 327 2034 patriae
343 1951 445 2014 bonus
469 1949 549 2014 oiuis
564 1949 669 2013 looum
691 1949 860 2031 obtineret,
884 1950 986 2014 malus
1009 1953 1041 2014 et
1062 1949 1174 2033 inpro-

203 2036 264 2099 bus
287 2039 472 2117 oocuparet,
500 2055 596 2117 seque
618 2033 726 2117 potius
751 2034 959 2099 uehementer
986 2035 1026 2100 ab
1055 2035 1172 2099 aduer-

202 2119 441 2287 {appolpppplppn
457 2138 552 2202 quam
567 2118 705 2201 patriam
728 2119 861 2204 egregio
884 2118 1040 2183 aduocato
1062 2140 1173 2184 carere

267 2305 297 2369 6.
321 2304 438 2370 Pittaci
453 2324 579 2390 quoque
596 2304 816 2369 moderatione
830 2309 941 2388 peetus
968 2305 1171 2375 instructum.

166 2410 191 2451 2⁵
205 2388 261 2475 qui
282 2389 438 2454 Alcaeum
460 2393 589 2472 poetam
612 2392 644 2453 et
666 2388 880 2454 amaritudine
902 2389 968 2454 odii
995 2393 1027 2454 et
1047 2388 1174 2454 uiribus

204 2474 329 2557 ingenii
351 2473 504 2538 aduersus
526 2494 560 2538 se
574 2474 829 2622 pertinacissime
851 2495 944 2538 usum
964 2473 1170 2557 tyrannidem

204 2580 224 2622 a
246 2557 371 2657 ciuibus
394 2557 532 2623 delatam
554 2579 573 2623 a
596 2562 688 2642 eptus
710 2562 836 2656 tantum
858 2557 953 2624 modo
976 2558 1053 2642 quid
1074 2559 1109 2622 in
1137 2578 1174 2624 eo

205 2642 777 2793 oppdimIdliiidsliliiserdelrllliodlddildit
794 2729 831 2790 ut
845 2727 883 2790 de
903 2730 1025 2811 septem
1047 2727 1172 2810 sapien·

273 2935 288 2983 2
307 2928 468 2984 conditione
487 2930 567 2995 (corr.
585 2943 620 2983 ea
636 2927 812 2995 condicione)
830 2927 858 2981 A
874 2927 883 2996 ΙΙ
905 2927 1084 3006 platidiorem
1103 2927 1140 2982 L¹
1156 2929 1171 3000 l}

206 3001 237 3051 11
255 2997 500 3064 praeteritarum*
516 2996 553 3062 A,
571 2995 638 3053 add.
656 3010 686 3048 se
703 2995 731 3048 L
743 2996 753 3063 ll
767 3000 798 3048 16
817 2995 974 3050 ortantibus
990 2996 1069 3049 L¹A¹
1085 2995 1171 3064 lgm-

204 3066 281 3132 uem]
301 3065 367 3120 add.
390 3063 444 3118 sibi
461 3080 475 3118 e
491 3063 561 3118 Par.
579 3063 681 3126 Halm,
705 3067 735 3116 at
752 3080 780 3117 u.
797 3063 836 3116 H.
854 3062 949 3118 Basot
962 3078 993 3130 p.
1009 3067 1027 3116 4
1047 3064 1056 3132 ΙΙ
1080 3067 1111 3118 19
1134 3079 1171 3118 ne

204 3133 258 3211 qud
277 3134 357 3199 (corr.
376 3148 409 3186 ea
426 3135 507 3200 neq;)
529 3131 559 3184 in
577 3130 705 3184 tuentela
722 3129 762 3194 L,
785 3146 820 3184 ne
847 3145 912 3184 eum
930 3147 1015 3200 quem
1032 3130 1061 3184 in
1078 3131 1174 3186 tutele

202 3216 236 3254 aa
252 3215 308 3257 rae.
321 3201 357 3266 A,
375 3215 412 3253 ne
430 3215 516 3268 quem
531 3199 561 3251 in
578 3197 698 3252 tutelam
717 3199 782 3257 dett.
800 3199 855 3253 mei
871 3213 942 3257 omn.
956 3199 965 3268 ΙΙ
979 3205 1011 3252 20
1029 3199 1173 3267 optineret

203 3267 274 3321 Lm
291 3269 373 3326 Par.²
418 3283 483 3320 eum
507 3266 599 3320 malus
621 3265 690 3320 Par.
708 3267 718 3334 ΙΙ
739 3270 771 3319 21
793 3265 958 3321 uehementi
974 3266 1014 3319 Αι
1030 3266 1040 3336 ΙΙ
1058 3266 1094 3320 ab
1117 3281 1170 3321 om.

203 3334 275 3400 LA,
297 3336 363 3392 add.
413 3335 470 3389 dm
487 3336 497 3403 ll
515 3339 547 3388 22
566 3351 598 3387 ur
619 3333 660 3387 eri
678 3333 790 3456 Imp

203 3401 339 3455 achaeum
357 3403 437 3458 Ραν.1
456 3404 466 3470 l
484 3408 516 3456 ‘27
535 3401 600 3455 dela
683 3401 710 3454 L
728 3406 752 3456 et
791 3405 837 3456 ett.
855 3402 909 3458 mei
926 3416 1011 3466 oran,
1033 3401 1152 3470 mytilen

202 3469 235 3522 in
251 3483 307 3522 ras.
326 3468 353 3521 A
372 3485 386 3523 a
402 3471 471 3524 Pur.
489 3472 499 3538 l
515 3471 628 3548 tantum
651 3469 765 3522 modum
782 3470 811 3523 A
827 3469 837 3536 ΙΙ
855 3484 888 3523 eo
911 3482 962 3527 om.
983 3469 1057 3535 LA,
1080 3415 1172 3537 suppl

202 3535 291 3590 Halm
310 3537 409 3592 ePer.
422 3537 432 3604 u
445 3543 478 3591 28
495 3538 584 3606 possit
601 3537 628 3590 L
646 3541 671 3592 et
689 3551 757 3595 eurr.
775 3536 876 3596 efer.
894 3537 922 3590 A

805 3339 838 3388 26
857 3333 1003 3388 alohaeum
1020 3334 1060 3387 A²
1077 3335 1170 3395 Por.²,
