2604 3960
1149 1 1162 63 l

213 136 276 199 226
640 131 759 184 nau

214 285 312 350 cladis
327 287 502 349 mutarunt.
527 303 591 367 quo
606 283 713 348 animo
728 283 755 346 si
769 304 829 367 pro
850 283 985 366 imperio
1000 286 1114 348 nostro
1131 285 1193 349 ad·

213 390 322 433 uersus
345 368 562 433 Hannibalem
584 389 712 452 quoque
736 371 784 431 nsi
807 366 960 451 fuissent,
989 368 1193 434 truculentis

213 453 377 518 securibus
399 453 567 518 materiem
589 451 753 516 saeuiendi
775 472 843 515 non
864 451 1098 536 praebuissent.

276 539 305 607 6.
328 538 428 604 Facta
450 539 612 603 mentione
634 537 781 600 acerrimi
803 536 905 601 hostis
925 538 1191 603 mansuetudinis

187 624 281 698 5eius
304 624 469 708 operibus,
498 644 593 706 quam
615 620 762 685 Romano
782 621 907 686 nomini
931 622 1110 704 praestitit,
1142 623 1191 686 lo·

213 730 300 786 cum,
329 711 383 806 qni
406 709 491 772 inter
517 728 630 771 manus
652 709 715 787 est,
743 705 869 771 finiam:
901 705 1068 770 Hannibal
1095 709 1187 772 enim

211 794 343 857 Aemilir
366 793 457 858 Pauli
479 791 562 873 apud
587 790 715 856 Cannas
736 789 886 854 trucidati
908 792 1089 874 quaesitum
1113 812 1188 856 cor-

211 900 282 962 pus,
305 876 515 962 quantumin
537 876 608 958 ipso
623 875 695 957 fuit,
718 874 920 938 inhumatum
942 876 1047 940 iacere
1069 897 1188 960 passus

211 983 278 1026 non
308 964 365 1026 est.
410 959 574 1024 Hannibal
603 958 651 1023 ri.
680 959 861 1024 Gracchum
881 959 1093 1024 ¹Lucanorum
1123 961 1185 1024 cir·

173 1081 199 1120 10
212 1049 418 1111 cumuentum
448 1044 573 1109 insidiis
602 1064 674 1107 cum
701 1064 824 1107 summo
849 1043 971 1108 honore
999 1045 1187 1128 sepulturae

210 1131 377 1194 mandauit
399 1133 431 1193 et
453 1149 524 1192 ossa
545 1129 612 1192 eius
635 1128 670 1191 in
691 1129 828 1212 patriam
849 1130 1008 1213 portanda
1023 1130 1186 1194 militibus

211 1215 330 1278 nostris
356 1213 498 1278 tradidit.
548 1211 714 1276 Hannibal
742 1212 786 1276 M.
817 1212 1004 1277 Marcellum
1034 1214 1070 1278 in
1103 1235 1185 1298 agro
1283 1291 1284 1294 Ἴ

210 1299 348 1382 Bruttio,
371 1299 445 1382 dum
468 1301 603 1362 conatus
618 1296 797 1361 Poenorum
820 1299 965 1380 cupidius
985 1319 1082 1382 quam
1105 1320 1185 1363 con·

211 1383 378 1448 sideratius
405 1384 604 1466 speculatur,
634 1382 862 1465 interemptum
892 1382 1038 1466 legitimo
1067 1383 1185 1448 funere

173 1503 198 1543 ιι
212 1467 329 1532 extulit
350 1469 530 1552 punicoque
559 1466 670 1551 sagulo
698 1469 731 1530 et
759 1487 878 1530 corona
900 1466 1055 1531 donatum
1082 1489 1183 1534 aurea

211 1574 290 1639 rogo
317 1553 468 1638 inposuit.
512 1573 588 1636 ergo
615 1551 824 1615 humanitatis
852 1552 987 1616 dulcedo
1019 1553 1118 1616 etiam
1143 1553 1182 1616 in

209 1639 344 1720 efferata
370 1638 579 1702 barbarorum
606 1636 738 1720 ingenia
765 1640 912 1720 penetrat
943 1641 1116 1720 toruosque
1148 1641 1184 1701 et

208 1728 315 1787 truces
337 1723 480 1786 hostiurn
502 1721 607 1785 mollit
628 1720 735 1785 oculos
757 1742 794 1785 ac
820 1720 975 1785 uictoriae
997 1721 1182 1786 insolentis·

209 1808 307 1871 simos
330 1807 462 1892 spiritus
477 1806 590 1870 flectit.
621 1805 745 1869 necilli
767 1805 901 1870 arduum
923 1827 960 1870 ac
983 1804 1114 1870 difficile
1131 1813 1184 1871 est

170 1929 195 1968 20
208 1893 294 1956 inter
316 1912 404 1954 arma
425 1891 602 1972 contraria,
623 1890 709 1953 inter
731 1891 897 1955 destrictos
918 1893 1087 1954 conminus
1110 1913 1182 1955 rnu-

208 1997 319 2040 crones
342 1974 502 2059 placidum
517 1975 579 2037 iter
594 1976 742 2056 reperire.
770 1975 872 2038 uincit
886 1975 977 2055 iram,
1000 1975 1183 2058 prosternit

207 2060 316 2124 odium
352 2058 565 2140 hostilemque
600 2059 790 2143 sanguinem
812 2059 997 2123 *hostilibus
1034 2060 1179 2124 lacrimis

206 2145 329 2208 miscet.
373 2164 455 2226 quae
478 2143 574 2206 etiam
596 2140 789 2207 Hannibalis
816 2143 1037 2208 admirabilem
1060 2165 1174 2209 uocem

206 2248 264 2311 pro
290 2227 457 2291 funeribus
478 2227 697 2291 Romanorum
726 2227 842 2292 ducum
869 2228 1002 2292 arbitria
1030 2232 1177 2293 statuen-

167 2349 193 2388 ιι
206 2313 249 2377 tis
271 2312 436 2395 expressit.
479 2311 557 2396 quin
579 2312 741 2395 aliquanto
765 2312 793 2376 ci
815 2312 887 2396 plus
910 2312 1033 2398 gloriae
1057 2312 1177 2378 Paulus

207 2400 239 2460 et
254 2396 418 2460 Gracchus
441 2401 474 2461 et
488 2397 658 2460 Marcellus
681 2397 799 2480 sepulti
819 2419 914 2480 quam
930 2398 1076 2480 oppressi
1091 2403 1176 2463 attu-

206 2481 327 2564 lerunt,
361 2482 388 2545 si
417 2481 543 2565 quidem
573 2481 645 2546 illos
675 2480 797 2546 Punico
831 2486 902 2545 astu
935 2483 1011 2546 dece
1036 2483 1075 2565 it,
1111 2482 1175 2547 Ro-

206 2587 303 2630 mana
317 2568 561 2631 mansuetudine
575 2566 755 2631 honorauit.
787 2586 843 2630 uos
856 2587 992 2650 quoque,
1013 2505 1115 2631 fortes
1136 2589 1174 2632 ac

205 2652 279 2735 piae
295 2651 436 2730 umbrae,
452 2673 517 2716 non
533 2651 744 2734 paenitendas
761 2651 894 2715 sortitae
911 2650 987 2714 estis
1005 2654 1173 2735 exequias:
1283 2697 1284 2714 i

275 2842 287 2888 1
309 2835 419 2889 claedis
437 2835 464 2888 n
476 2835 486 2902 ιι
504 2841 519 2887 2
536 2834 691 2888 cucurone
709 2834 777 2888 nn
796 2836 806 2904 ιι
824 2843 839 2890 a
856 2833 1029 2902 turbassent
1048 2835 1088 2902 (ni
1104 2852 1177 2903 pua·
1283 2823 1284 2896 J

205 2905 284 2970 ctat.)
297 2904 337 2967 L,
355 2903 534 2973 brqbuissent
544 2902 582 2954 A¹
595 2903 605 2970 ΙΙ
619 2907 633 2954 6
652 2902 728 2955 enim
746 2919 814 2957 eras.
827 2903 854 2957 L
866 2905 876 2971 Ιι
889 2909 904 2956 9
921 2903 972 2956 tib.
988 2903 1048 2957 LA
1060 2903 1070 2971 ΙΙ
1085 2909 1116 2957 14
1133 2903 1178 2958 fu-

204 2987 271 3025 nere
289 2971 410 3039 Paphius
426 2972 510 3035 Par„
527 2968 588 3022 iure
608 2969 648 3035 L,
669 2970 749 3022 iurae
768 2971 796 3038 (a
812 2971 931 3038 induet.)
949 2972 976 3024 A
1000 2971 1011 3038 ιΙ
1037 2977 1068 3025 15
1086 2987 1174 3025 aurea

203 3039 283 3103 Par„
301 3038 400 3091 laurea
417 3036 488 3102 LA,
507 3040 537 3090 ot
554 3052 583 3089 a.
601 3036 679 3091 Prae.
699 3036 787 3091 Marc.
801 3041 836 3091 30
848 3040 858 3107 ΙΙ
873 3043 903 3092 16
921 3038 1057 3106 imposuit
1067 3038 1140 3092 L²A
1161 3039 1176 3109 ιι
1283 3043 1284 3052 ’

203 3105 233 3158 in
251 3105 346 3160 forata
363 3103 444 3158 L¹A¹
457 3105 467 3172 ΙΙ
486 3108 516 3157 17
534 3103 660 3172 toruosq.
678 3102 725 3168 L²‚
745 3105 855 3173 orbosq.
875 3105 946 3158 L¹A
959 3109 969 3173 Ιι
982 3111 1015 3160 20
1033 3105 1176 3160 districtos
1283 3125 1284 3152 ι

204 3173 231 3225 A
244 3174 253 3241 ss
267 3180 298 3226 21
318 3171 462 3241 repperire
481 3171 527 3237 L¹‚
546 3170 656 3240 aperire
674 3169 824 3292 Staaqerp
840 3179 873 3225 23
891 3179 975 3240 quae]
994 3174 1033 3226 At
1054 3211 1060 3226 .
1080 3172 1122 3240 L,
1141 3175 1179 3241 *q
1283 3197 1284 3218 ι

204 3243 250 3360 q=
271 3255 325 3293 uae
355 3254 423 3296 corr.
442 3239 502 3293 uid.
522 3255 554 3293 ac
572 3239 631 3306 atq)
643 3240 682 3304 A,
701 3239 785 3308 atque
825 3239 1021 3308 ett.1124duci
1062 3242 1109 3306 A¹‚
1130 3241 1176 3295 dc-
1283 3233 1284 3254 ³

215 3257 278 3361 aad.
296 3323 366 3366 cena.
387 3306 470 3362 Gertz
482 3323 512 3374 p.
525 3309 581 3360 280
596 3306 607 3374 ΙΙ
624 3310 656 3359 25
675 3306 816 3374 expraesit
834 3309 1015 3375 (apostatat.)
1034 3309 1060 3361 L
1078 3309 1088 3376 l
1105 3309 1175 3375 quin

203 3388 266 3439 ace,
287 3374 354 3442 quia
370 3374 443 3439 LA,
462 3390 549 3442 quare
567 3373 688 3444 Pipleida
711 3375 721 3442 ιΙ
748 3380 780 3426 27
799 3377 861 3426 astu
880 3375 959 3444 (corr.
978 3391 992 3429 e
1009 3377 1095 3444 statu)
1113 3377 1142 3429 A
1161 3377 1173 3444 ιι

204 3447 237 3574 p?
255 3456 305 3493 uos
324 3456 437 3557 quoqqel
448 3442 516 3506 LA,
534 3457 640 3508 noeque
659 3441 690 3494 D
708 3447 733 3495 et
753 3441 835 3495 Gertz
853 3441 869 3494 l
883 3458 904 3496 c.
920 3443 929 3509 ΙΙ
943 3447 975 3496 28
993 3444 1087 3497 sortIti
1104 3441 1174 3497 LA¹
1283 3473 1284 3500 ι

238 3522 380 3573 exequuas
1283 3537 1284 3552 ι

217 3583 267 3632 Bp„
