<?xml version="1.0" encoding="UTF-8"?>
<!DOCTYPE html PUBLIC "-//W3C//DTD XHTML 1.0 Transitional//EN"
    "http://www.w3.org/TR/xhtml1/DTD/xhtml1-transitional.dtd">
<html xmlns="http://www.w3.org/1999/xhtml" xml:lang="en" lang="en">
 <head>
  <title>
</title>
<meta http-equiv="Content-Type" content="text/html;charset=utf-8" />
  <meta name='ocr-system' content='tesseract 3.04.00' />
  <meta name='ocr-capabilities' content='ocr_page ocr_carea ocr_par ocr_line ocrx_word'/>
</head>
<body>
  <div class='ocr_page' id='page_1' title='image "./valeriimaximifa00nepogoog_0103.png"; bbox 0 0 2606 3952; ppageno 0'>
   <div class='ocr_carea' id='block_1_1' title="bbox 220 213 767 283">
    <p class='ocr_par' dir='ltr' id='par_1_1' title="bbox 220 213 767 283">
     <span class='ocr_line' id='line_1_1' title="bbox 220 213 767 283; baseline 0.005 -17"><span class='ocrx_word' id='word_1_1' title='bbox 220 219 262 283; x_wconf 81' lang='lat'>62</span> <span class='ocrx_word' id='word_1_2' title='bbox 647 213 714 270; x_wconf 82' lang='lat' dir='ltr'>ura</span> <span class='ocrx_word' id='word_1_3' title='bbox 733 215 767 270; x_wconf 89' lang='lat' dir='ltr'>u.</span> 
     </span>
    </p>
   </div>
   <div class='ocr_carea' id='block_1_2' title="bbox 218 366 1295 518">
    <p class='ocr_par' dir='ltr' id='par_1_2' title="bbox 218 366 1295 518">
     <span class='ocr_line' id='line_1_2' title="bbox 218 366 1295 518; baseline 0.001 -85"><span class='ocrx_word' id='word_1_4' title='bbox 218 371 327 518; x_wconf 74' lang='lat' dir='ltr'>potuit</span> <span class='ocrx_word' id='word_1_5' title='bbox 349 367 424 452; x_wconf 89' lang='lat' dir='ltr'>quid</span> <span class='ocrx_word' id='word_1_6' title='bbox 448 371 505 433; x_wconf 85' lang='lat' dir='ltr'>aut</span> <span class='ocrx_word' id='word_1_7' title='bbox 526 367 581 432; x_wconf 88' lang='lat' dir='ltr'>ille</span> <span class='ocrx_word' id='word_1_8' title='bbox 602 366 730 432; x_wconf 90' lang='lat' dir='ltr'>locutus</span> <span class='ocrx_word' id='word_1_9' title='bbox 753 370 837 432; x_wconf 87' lang='lat' dir='ltr'>esset</span> <span class='ocrx_word' id='word_1_10' title='bbox 858 371 915 432; x_wconf 87' lang='lat' dir='ltr'>eut</span> <span class='ocrx_word' id='word_1_11' title='bbox 935 372 1043 452; x_wconf 89' lang='lat' dir='ltr'>patres</span> <span class='ocrx_word' id='word_1_12' title='bbox 1058 389 1190 452; x_wconf 88' lang='lat' dir='ltr'>respon·</span> <span class='ocrx_word' id='word_1_13' title='bbox 1294 431 1295 446; x_wconf 66' lang='lat'>,</span> 
     </span>
    </p>
   </div>
   <div class='ocr_carea' id='block_1_3' title="bbox 219 452 1295 707">
    <p class='ocr_par' dir='ltr' id='par_1_3' title="bbox 219 452 1295 707">
     <span class='ocr_line' id='line_1_3' title="bbox 241 452 1295 546; baseline 0.001 -28"><span class='ocrx_word' id='word_1_14' title='bbox 241 454 343 519; x_wconf 90' lang='lat' dir='ltr'>issent</span> <span class='ocrx_word' id='word_1_15' title='bbox 371 474 466 537; x_wconf 88' lang='lat' dir='ltr'>quam</span> <span class='ocrx_word' id='word_1_16' title='bbox 495 456 623 537; x_wconf 88' lang='lat' dir='ltr'>captum</span> <span class='ocrx_word' id='word_1_17' title='bbox 646 452 766 518; x_wconf 86' lang='lat' dir='ltr'>Persen</span> <span class='ocrx_word' id='word_1_18' title='bbox 794 453 959 538; x_wconf 86' lang='lat' dir='ltr'>cognitum</span> <span class='ocrx_word' id='word_1_19' title='bbox 985 455 1044 517; x_wconf 91' lang='lat' dir='ltr'>est.</span> <span class='ocrx_word' id='word_1_20' title='bbox 1090 454 1191 519; x_wconf 91' lang='lat' dir='ltr'>fidum</span> <span class='ocrx_word' id='word_1_21' title='bbox 1294 479 1295 546; x_wconf 43' lang='lat' dir='ltr'>t</span> 
     </span>
     <span class='ocr_line' id='line_1_4' title="bbox 219 537 1295 624; baseline 0.002 -21"><span class='ocrx_word' id='word_1_22' title='bbox 219 541 288 604; x_wconf 89' lang='lat' dir='ltr'>eret</span> <span class='ocrx_word' id='word_1_23' title='bbox 315 541 348 603; x_wconf 91' lang='lat' dir='ltr'>et</span> <span class='ocrx_word' id='word_1_24' title='bbox 375 537 475 602; x_wconf 85' lang='lat' dir='ltr'>altum</span> <span class='ocrx_word' id='word_1_25' title='bbox 503 537 727 621; x_wconf 88' lang='lat' dir='ltr'>reipublicae</span> <span class='ocrx_word' id='word_1_26' title='bbox 755 540 876 621; x_wconf 82' lang='lat' dir='ltr'>pectus</span> <span class='ocrx_word' id='word_1_27' title='bbox 896 537 984 603; x_wconf 87' lang='lat' dir='ltr'>curia</span> <span class='ocrx_word' id='word_1_28' title='bbox 1015 538 1189 624; x_wconf 80' lang='lat' dir='ltr'>silentique</span> <span class='ocrx_word' id='word_1_29' title='bbox 1294 599 1295 620; x_wconf 63' lang='lat'>,</span> 
     </span>
     <span class='ocr_line' id='line_1_5' title="bbox 220 622 1295 707; baseline 0.001 -19"><span class='ocrx_word' id='word_1_30' title='bbox 220 623 410 688; x_wconf 75' lang='lat' dir='ltr'><strong>salubritate</strong></span> <span class='ocrx_word' id='word_1_31' title='bbox 426 623 586 687; x_wconf 90' lang='lat' dir='ltr'>munitum</span> <span class='ocrx_word' id='word_1_32' title='bbox 602 625 636 686; x_wconf 91' lang='lat' dir='ltr'>et</span> <span class='ocrx_word' id='word_1_33' title='bbox 646 622 801 687; x_wconf 87' lang='lat' dir='ltr'>uallatum</span> <span class='ocrx_word' id='word_1_34' title='bbox 816 622 968 707; x_wconf 90' lang='lat' dir='ltr'>undique,</span> <span class='ocrx_word' id='word_1_35' title='bbox 984 623 1073 687; x_wconf 91' lang='lat' dir='ltr'>cuius</span> <span class='ocrx_word' id='word_1_36' title='bbox 1088 623 1189 690; x_wconf 92' lang='lat' dir='ltr'>limen</span> <span class='ocrx_word' id='word_1_37' title='bbox 1294 627 1295 656; x_wconf 69' lang='lat'><em>²</em></span> 
     </span>
    </p>
   </div>
   <div class='ocr_carea' id='block_1_4' title="bbox 194 707 1190 1028">
    <p class='ocr_par' dir='ltr' id='par_1_4' title="bbox 194 707 1190 1028">
     <span class='ocr_line' id='line_1_6' title="bbox 194 707 1189 856; baseline 0.004 -86"><span class='ocrx_word' id='word_1_38' title='bbox 194 709 380 773; x_wconf 78' lang='lat' dir='ltr'>sintrantes</span> <span class='ocrx_word' id='word_1_39' title='bbox 410 708 534 772; x_wconf 83' lang='lat' dir='ltr'>abiecta</span> <span class='ocrx_word' id='word_1_40' title='bbox 555 707 688 856; x_wconf 80' lang='lat' dir='ltr'>priuata</span> <span class='ocrx_word' id='word_1_41' title='bbox 721 707 852 772; x_wconf 87' lang='lat' dir='ltr'>caritate</span> <span class='ocrx_word' id='word_1_42' title='bbox 884 707 1046 794; x_wconf 81' lang='lat' dir='ltr'>publicam</span> <span class='ocrx_word' id='word_1_43' title='bbox 1077 708 1189 776; x_wconf 88' lang='lat' dir='ltr'>indue·</span> 
     </span>
     <span class='ocr_line' id='line_1_7' title="bbox 219 791 1188 876; baseline -0.001 -17"><span class='ocrx_word' id='word_1_44' title='bbox 219 793 310 859; x_wconf 87' lang='lat' dir='ltr'>bant.</span> <span class='ocrx_word' id='word_1_45' title='bbox 333 793 443 876; x_wconf 89' lang='lat' dir='ltr'>itaque</span> <span class='ocrx_word' id='word_1_46' title='bbox 465 813 533 857; x_wconf 91' lang='lat' dir='ltr'>non</span> <span class='ocrx_word' id='word_1_47' title='bbox 576 793 659 857; x_wconf 91' lang='lat' dir='ltr'>icam</span> <span class='ocrx_word' id='word_1_48' title='bbox 674 814 788 874; x_wconf 87' lang='lat' dir='ltr'>unum,</span> <span class='ocrx_word' id='word_1_49' title='bbox 813 791 868 856; x_wconf 91' lang='lat' dir='ltr'>sed</span> <span class='ocrx_word' id='word_1_50' title='bbox 883 793 1046 856; x_wconf 89' lang='lat' dir='ltr'>neminem</span> <span class='ocrx_word' id='word_1_51' title='bbox 1062 792 1188 858; x_wconf 87' lang='lat' dir='ltr'>audisse</span> 
     </span>
     <span class='ocr_line' id='line_1_8' title="bbox 219 876 1190 976; baseline 0.001 -34"><span class='ocrx_word' id='word_1_52' title='bbox 219 878 363 976; x_wconf 75' lang='lat' dir='ltr'>crederes</span> <span class='ocrx_word' id='word_1_53' title='bbox 391 878 477 963; x_wconf 92' lang='lat' dir='ltr'>quod</span> <span class='ocrx_word' id='word_1_54' title='bbox 506 881 574 942; x_wconf 90' lang='lat' dir='ltr'>tam</span> <span class='ocrx_word' id='word_1_55' title='bbox 601 877 776 942; x_wconf 90' lang='lat' dir='ltr'>multorum</span> <span class='ocrx_word' id='word_1_56' title='bbox 804 876 935 941; x_wconf 86' lang='lat' dir='ltr'>auribus</span> <span class='ocrx_word' id='word_1_57' title='bbox 965 876 1072 942; x_wconf 84' lang='lat' dir='ltr'>fuerat</span> <span class='ocrx_word' id='word_1_58' title='bbox 1103 899 1190 943; x_wconf 90' lang='lat' dir='ltr'>com·</span> 
     </span>
     <span class='ocr_line' id='line_1_9' title="bbox 217 984 362 1028; baseline 0 -2"><span class='ocrx_word' id='word_1_59' title='bbox 217 984 362 1028; x_wconf 82' lang='lat' dir='ltr'>mlssum.</span> 
     </span>
    </p>
   </div>
   <div class='ocr_carea' id='block_1_5' title="bbox 282 1045 1295 1130">
    <p class='ocr_par' dir='ltr' id='par_1_5' title="bbox 282 1045 1295 1130">
     <span class='ocr_line' id='line_1_10' title="bbox 282 1045 1295 1130; baseline 0.002 -20"><span class='ocrx_word' id='word_1_60' title='bbox 282 1046 312 1112; x_wconf 85' lang='lat'>2.</span> <span class='ocrx_word' id='word_1_61' title='bbox 338 1045 548 1130; x_wconf 75' lang='lat' dir='ltr'>Magistratus</span> <span class='ocrx_word' id='word_1_62' title='bbox 570 1066 648 1110; x_wconf 88' lang='lat' dir='ltr'>uero</span> <span class='ocrx_word' id='word_1_63' title='bbox 676 1046 776 1130; x_wconf 83' lang='lat' dir='ltr'>prisci</span> <span class='ocrx_word' id='word_1_64' title='bbox 798 1049 995 1130; x_wconf 75' lang='lat' dir='ltr'>quantopere</span> <span class='ocrx_word' id='word_1_65' title='bbox 1017 1067 1109 1112; x_wconf 89' lang='lat' dir='ltr'>suam</span> <span class='ocrx_word' id='word_1_66' title='bbox 1131 1068 1188 1130; x_wconf 92' lang='lat' dir='ltr'>po·</span> <span class='ocrx_word' id='word_1_67' title='bbox 1294 1095 1295 1102; x_wconf 17' lang='grc' dir='ltr'><strong>κ</strong></span> 
     </span>
    </p>
   </div>
   <div class='ocr_carea' id='block_1_6' title="bbox 179 1129 1189 1726">
    <p class='ocr_par' dir='ltr' id='par_1_6' title="bbox 179 1129 1189 1726">
     <span class='ocr_line' id='line_1_11' title="bbox 180 1129 1189 1216; baseline 0.006 -24"><span class='ocrx_word' id='word_1_68' title='bbox 180 1154 205 1195; x_wconf 84' lang='grc' dir='ltr'>ιο</span> <span class='ocrx_word' id='word_1_69' title='bbox 217 1132 350 1216; x_wconf 89' lang='lat' dir='ltr'>pnliquc</span> <span class='ocrx_word' id='word_1_70' title='bbox 370 1129 511 1196; x_wconf 84' lang='lat' dir='ltr'>Romani</span> <span class='ocrx_word' id='word_1_71' title='bbox 533 1131 735 1196; x_wconf 85' lang='lat' dir='ltr'>maiestatem</span> <span class='ocrx_word' id='word_1_72' title='bbox 762 1131 939 1196; x_wconf 73' lang='lat' dir='ltr'>retinentes</span> <span class='ocrx_word' id='word_1_73' title='bbox 966 1151 1001 1196; x_wconf 86' lang='lat' dir='ltr'>sc</span> <span class='ocrx_word' id='word_1_74' title='bbox 1027 1132 1189 1216; x_wconf 83' lang='lat' dir='ltr'>gesserint</span> 
     </span>
     <span class='ocr_line' id='line_1_12' title="bbox 217 1215 1186 1300; baseline 0.002 -20"><span class='ocrx_word' id='word_1_75' title='bbox 217 1217 295 1280; x_wconf 87' lang='lat' dir='ltr'>hinc</span> <span class='ocrx_word' id='word_1_76' title='bbox 317 1215 467 1300; x_wconf 81' lang='lat' dir='ltr'>cognosci</span> <span class='ocrx_word' id='word_1_77' title='bbox 490 1219 615 1298; x_wconf 90' lang='lat' dir='ltr'>potest,</span> <span class='ocrx_word' id='word_1_78' title='bbox 644 1215 729 1300; x_wconf 92' lang='lat' dir='ltr'>quod</span> <span class='ocrx_word' id='word_1_79' title='bbox 750 1215 835 1281; x_wconf 90' lang='lat' dir='ltr'>inter</span> <span class='ocrx_word' id='word_1_80' title='bbox 864 1220 970 1282; x_wconf 87' lang='lat' dir='ltr'>cetera</span> <span class='ocrx_word' id='word_1_81' title='bbox 992 1216 1186 1282; x_wconf 87' lang='lat' dir='ltr'>obtinendae</span> 
     </span>
     <span class='ocr_line' id='line_1_13' title="bbox 218 1299 1187 1387; baseline 0.002 -22"><span class='ocrx_word' id='word_1_82' title='bbox 218 1301 390 1386; x_wconf 86' lang='lat' dir='ltr'>grauitatis</span> <span class='ocrx_word' id='word_1_83' title='bbox 412 1299 533 1365; x_wconf 87' lang='lat' dir='ltr'>indicia</span> <span class='ocrx_word' id='word_1_84' title='bbox 555 1300 635 1366; x_wconf 89' lang='lat' dir='ltr'>illud</span> <span class='ocrx_word' id='word_1_85' title='bbox 659 1321 785 1385; x_wconf 88' lang='lat' dir='ltr'>quoque</span> <span class='ocrx_word' id='word_1_86' title='bbox 802 1321 923 1387; x_wconf 86' lang='lat' dir='ltr'>magna</span> <span class='ocrx_word' id='word_1_87' title='bbox 945 1321 1018 1366; x_wconf 91' lang='lat' dir='ltr'>cum</span> <span class='ocrx_word' id='word_1_88' title='bbox 1040 1323 1187 1385; x_wconf 88' lang='lat' dir='ltr'>perseue-</span> 
     </span>
     <span class='ocr_line' id='line_1_14' title="bbox 217 1385 1186 1470; baseline 0.002 -20"><span class='ocrx_word' id='word_1_89' title='bbox 217 1386 324 1450; x_wconf 85' lang='lat' dir='ltr'>rantia</span> <span class='ocrx_word' id='word_1_90' title='bbox 347 1385 587 1466; x_wconf 82' lang='lat' dir='ltr'>custodiebant,</span> <span class='ocrx_word' id='word_1_91' title='bbox 610 1407 651 1451; x_wconf 92' lang='lat' dir='ltr'>ne</span> <span class='ocrx_word' id='word_1_92' title='bbox 675 1385 806 1452; x_wconf 83' lang='lat' dir='ltr'>Graecis</span> <span class='ocrx_word' id='word_1_93' title='bbox 827 1407 979 1470; x_wconf 88' lang='lat' dir='ltr'>umquam</span> <span class='ocrx_word' id='word_1_94' title='bbox 1000 1387 1064 1452; x_wconf 88' lang='lat' dir='ltr'>nisi</span> <span class='ocrx_word' id='word_1_95' title='bbox 1085 1387 1186 1452; x_wconf 89' lang='lat' dir='ltr'>latine</span> 
     </span>
     <span class='ocr_line' id='line_1_15' title="bbox 217 1470 1188 1556; baseline 0 -20"><span class='ocrx_word' id='word_1_96' title='bbox 217 1491 372 1555; x_wconf 85' lang='lat' dir='ltr'>responsa</span> <span class='ocrx_word' id='word_1_97' title='bbox 391 1470 515 1535; x_wconf 89' lang='lat' dir='ltr'>darent.</span> <span class='ocrx_word' id='word_1_98' title='bbox 553 1471 633 1555; x_wconf 89' lang='lat' dir='ltr'>quin</span> <span class='ocrx_word' id='word_1_99' title='bbox 655 1471 754 1536; x_wconf 85' lang='lat' dir='ltr'>etiem</span> <span class='ocrx_word' id='word_1_100' title='bbox 774 1471 862 1555; x_wconf 88' lang='lat' dir='ltr'>ipsos</span> <span class='ocrx_word' id='word_1_101' title='bbox 883 1471 1015 1556; x_wconf 87' lang='lat' dir='ltr'>linguae</span> <span class='ocrx_word' id='word_1_102' title='bbox 1037 1471 1188 1538; x_wconf 90' lang='lat' dir='ltr'>uolubili·</span> 
     </span>
     <span class='ocr_line' id='line_1_16' title="bbox 179 1555 1187 1641; baseline 0.006 -25"><span class='ocrx_word' id='word_1_103' title='bbox 179 1575 204 1616; x_wconf 81' lang='lat' dir='ltr'>u</span> <span class='ocrx_word' id='word_1_104' title='bbox 217 1557 301 1641; x_wconf 82' lang='lat' dir='ltr'>tate,</span> <span class='ocrx_word' id='word_1_105' title='bbox 325 1577 387 1641; x_wconf 87' lang='lat' dir='ltr'>qua</span> <span class='ocrx_word' id='word_1_106' title='bbox 408 1555 583 1640; x_wconf 89' lang='lat' dir='ltr'>plurimum</span> <span class='ocrx_word' id='word_1_107' title='bbox 598 1556 725 1636; x_wconf 83' lang='lat' dir='ltr'>ualent,</span> <span class='ocrx_word' id='word_1_108' title='bbox 749 1576 882 1622; x_wconf 84' lang='lat' dir='ltr'>excussa</span> <span class='ocrx_word' id='word_1_109' title='bbox 902 1577 961 1641; x_wconf 87' lang='lat' dir='ltr'>per</span> <span class='ocrx_word' id='word_1_110' title='bbox 975 1557 1187 1641; x_wconf 86' lang='lat' dir='ltr'>interpretem</span> 
     </span>
     <span class='ocr_line' id='line_1_17' title="bbox 215 1641 1186 1726; baseline 0.002 -22"><span class='ocrx_word' id='word_1_111' title='bbox 215 1641 305 1726; x_wconf 92' lang='lat' dir='ltr'>loqui</span> <span class='ocrx_word' id='word_1_112' title='bbox 320 1641 485 1726; x_wconf 88' lang='lat' dir='ltr'>cogebant</span> <span class='ocrx_word' id='word_1_113' title='bbox 498 1661 565 1706; x_wconf 93' lang='lat' dir='ltr'>non</span> <span class='ocrx_word' id='word_1_114' title='bbox 579 1641 615 1707; x_wconf 90' lang='lat' dir='ltr'>in</span> <span class='ocrx_word' id='word_1_115' title='bbox 629 1641 708 1706; x_wconf 91' lang='lat' dir='ltr'>urbe</span> <span class='ocrx_word' id='word_1_116' title='bbox 723 1643 851 1706; x_wconf 87' lang='lat' dir='ltr'>tantum</span> <span class='ocrx_word' id='word_1_117' title='bbox 865 1643 990 1721; x_wconf 89' lang='lat' dir='ltr'>nostra,</span> <span class='ocrx_word' id='word_1_118' title='bbox 1014 1643 1070 1706; x_wconf 91' lang='lat' dir='ltr'>sed</span> <span class='ocrx_word' id='word_1_119' title='bbox 1086 1642 1186 1706; x_wconf 88' lang='lat' dir='ltr'>etiam</span> 
     </span>
    </p>
   </div>
   <div class='ocr_carea' id='block_1_7' title="bbox 215 1725 1295 1811">
    <p class='ocr_par' dir='ltr' id='par_1_7' title="bbox 215 1725 1295 1811">
     <span class='ocr_line' id='line_1_18' title="bbox 215 1725 1295 1811; baseline -0.004 -21"><span class='ocrx_word' id='word_1_120' title='bbox 215 1727 251 1790; x_wconf 92' lang='lat' dir='ltr'>in</span> <span class='ocrx_word' id='word_1_121' title='bbox 267 1725 405 1791; x_wconf 81' lang='lat' dir='ltr'>Graecia</span> <span class='ocrx_word' id='word_1_122' title='bbox 426 1731 459 1791; x_wconf 89' lang='lat' dir='ltr'>et</span> <span class='ocrx_word' id='word_1_123' title='bbox 474 1726 567 1810; x_wconf 89' lang='lat' dir='ltr'>Asia,</span> <span class='ocrx_word' id='word_1_124' title='bbox 590 1747 654 1811; x_wconf 92' lang='lat' dir='ltr'>quo</span> <span class='ocrx_word' id='word_1_125' title='bbox 677 1725 799 1791; x_wconf 89' lang='lat' dir='ltr'>scilicet</span> <span class='ocrx_word' id='word_1_126' title='bbox 823 1725 957 1791; x_wconf 87' lang='lat' dir='ltr'>Latinae</span> <span class='ocrx_word' id='word_1_127' title='bbox 975 1727 1062 1791; x_wconf 89' lang='lat' dir='ltr'>uocis</span> <span class='ocrx_word' id='word_1_128' title='bbox 1077 1726 1184 1792; x_wconf 90' lang='lat' dir='ltr'>honos</span> <span class='ocrx_word' id='word_1_129' title='bbox 1292 1733 1295 1786; x_wconf 82' lang='lat' dir='ltr'>l</span> 
     </span>
    </p>
   </div>
   <div class='ocr_carea' id='block_1_8' title="bbox 161 1810 1186 1909">
    <p class='ocr_par' dir='ltr' id='par_1_8' title="bbox 161 1810 1186 1909">
     <span class='ocr_line' id='line_1_19' title="bbox 161 1810 1186 1909; baseline 0.003 -34"><span class='ocrx_word' id='word_1_130' title='bbox 161 1819 163 1824; x_wconf 83' lang='grc'>’</span> <span class='ocrx_word' id='word_1_131' title='bbox 214 1831 274 1909; x_wconf 86' lang='lat' dir='ltr'>per</span> <span class='ocrx_word' id='word_1_132' title='bbox 302 1831 414 1876; x_wconf 86' lang='lat' dir='ltr'>omnes</span> <span class='ocrx_word' id='word_1_133' title='bbox 446 1815 561 1894; x_wconf 88' lang='lat' dir='ltr'>gentes</span> <span class='ocrx_word' id='word_1_134' title='bbox 595 1810 811 1876; x_wconf 87' lang='lat' dir='ltr'>uenerabilior</span> <span class='ocrx_word' id='word_1_135' title='bbox 842 1810 1084 1876; x_wconf 87' lang='lat' dir='ltr'>diffunderetur.</span> <span class='ocrx_word' id='word_1_136' title='bbox 1123 1832 1186 1878; x_wconf 90' lang='lat' dir='ltr'>nec</span> 
     </span>
    </p>
   </div>
   <div class='ocr_carea' id='block_1_9' title="bbox 215 1893 1295 1980">
    <p class='ocr_par' dir='ltr' id='par_1_9' title="bbox 215 1893 1295 1980">
     <span class='ocr_line' id='line_1_20' title="bbox 215 1893 1295 1980; baseline 0.004 -21"><span class='ocrx_word' id='word_1_137' title='bbox 215 1895 280 1960; x_wconf 89' lang='lat' dir='ltr'>rllis</span> <span class='ocrx_word' id='word_1_138' title='bbox 303 1893 435 1960; x_wconf 87' lang='lat' dir='ltr'>deerant</span> <span class='ocrx_word' id='word_1_139' title='bbox 461 1895 567 1960; x_wconf 87' lang='lat' dir='ltr'>studia</span> <span class='ocrx_word' id='word_1_140' title='bbox 590 1896 773 1980; x_wconf 83' lang='lat' dir='ltr'>doctrinae,</span> <span class='ocrx_word' id='word_1_141' title='bbox 802 1894 858 1959; x_wconf 91' lang='lat' dir='ltr'>sed</span> <span class='ocrx_word' id='word_1_142' title='bbox 884 1896 975 1960; x_wconf 90' lang='lat' dir='ltr'>nulla</span> <span class='ocrx_word' id='word_1_143' title='bbox 1001 1917 1069 1961; x_wconf 93' lang='lat' dir='ltr'>non</span> <span class='ocrx_word' id='word_1_144' title='bbox 1092 1895 1128 1961; x_wconf 90' lang='lat' dir='ltr'>in</span> <span class='ocrx_word' id='word_1_145' title='bbox 1149 1918 1184 1962; x_wconf 90' lang='lat' dir='ltr'>rc</span> <span class='ocrx_word' id='word_1_146' title='bbox 1294 1901 1295 1962; x_wconf 69' lang='lat' dir='ltr'>i</span> 
     </span>
    </p>
   </div>
   <div class='ocr_carea' id='block_1_10' title="bbox 177 1978 1188 2235">
    <p class='ocr_par' dir='ltr' id='par_1_10' title="bbox 177 1978 1188 2235">
     <span class='ocr_line' id='line_1_21' title="bbox 177 1978 1188 2066; baseline 0.008 -28"><span class='ocrx_word' id='word_1_147' title='bbox 177 1999 203 2039; x_wconf 81' lang='lat' dir='ltr'>so</span> <span class='ocrx_word' id='word_1_148' title='bbox 217 1978 354 2064; x_wconf 85' lang='lat' dir='ltr'>pallium</span> <span class='ocrx_word' id='word_1_149' title='bbox 375 1982 472 2066; x_wconf 87' lang='lat' dir='ltr'>togae</span> <span class='ocrx_word' id='word_1_150' title='bbox 495 1979 598 2048; x_wconf 87' lang='lat' dir='ltr'>subici</span> <span class='ocrx_word' id='word_1_151' title='bbox 613 1981 728 2045; x_wconf 88' lang='lat' dir='ltr'>debere</span> <span class='ocrx_word' id='word_1_152' title='bbox 744 1979 994 2063; x_wconf 85' lang='lat' dir='ltr'>arbitrabantur,</span> <span class='ocrx_word' id='word_1_153' title='bbox 1016 1979 1188 2065; x_wconf 86' lang='lat' dir='ltr'>indignum</span> 
     </span>
     <span class='ocr_line' id='line_1_22' title="bbox 216 2064 1186 2132; baseline 0.003 -4"><span class='ocrx_word' id='word_1_154' title='bbox 216 2085 285 2129; x_wconf 89' lang='lat' dir='ltr'>esse</span> <span class='ocrx_word' id='word_1_155' title='bbox 314 2065 535 2132; x_wconf 83' lang='lat' dir='ltr'>existimantes</span> <span class='ocrx_word' id='word_1_156' title='bbox 563 2065 735 2131; x_wconf 87' lang='lat' dir='ltr'>inlecebris</span> <span class='ocrx_word' id='word_1_157' title='bbox 763 2068 796 2130; x_wconf 92' lang='lat' dir='ltr'>et</span> <span class='ocrx_word' id='word_1_158' title='bbox 821 2065 976 2130; x_wconf 88' lang='lat' dir='ltr'>suauitati</span> <span class='ocrx_word' id='word_1_159' title='bbox 1003 2064 1186 2131; x_wconf 87' lang='lat' dir='ltr'>litterarum</span> 
     </span>
     <span class='ocr_line' id='line_1_23' title="bbox 214 2149 939 2235; baseline 0 -21"><span class='ocrx_word' id='word_1_160' title='bbox 214 2149 342 2235; x_wconf 90' lang='lat' dir='ltr'>imperii</span> <span class='ocrx_word' id='word_1_161' title='bbox 363 2149 489 2234; x_wconf 89' lang='lat' dir='ltr'>pondus</span> <span class='ocrx_word' id='word_1_162' title='bbox 511 2150 793 2216; x_wconf 84' lang='lat' dir='ltr'>etauctoritatem</span> <span class='ocrx_word' id='word_1_163' title='bbox 816 2149 939 2216; x_wconf 87' lang='lat' dir='ltr'>donari.</span> 
     </span>
    </p>
   </div>
   <div class='ocr_carea' id='block_1_11' title="bbox 280 2233 1295 2321">
    <p class='ocr_par' dir='ltr' id='par_1_11' title="bbox 280 2233 1295 2321">
     <span class='ocr_line' id='line_1_24' title="bbox 280 2233 1295 2321; baseline 0.002 -23"><span class='ocrx_word' id='word_1_164' title='bbox 280 2233 310 2299; x_wconf 86' lang='lat'>3.</span> <span class='ocrx_word' id='word_1_165' title='bbox 339 2233 468 2318; x_wconf 79' lang='lat' dir='ltr'>Quapro</span> <span class='ocrx_word' id='word_1_166' title='bbox 491 2238 543 2300; x_wconf 89' lang='lat' dir='ltr'>ter</span> <span class='ocrx_word' id='word_1_167' title='bbox 563 2256 630 2301; x_wconf 90' lang='lat' dir='ltr'>non</span> <span class='ocrx_word' id='word_1_168' title='bbox 652 2257 686 2300; x_wconf 90' lang='lat' dir='ltr'>es</span> <span class='ocrx_word' id='word_1_169' title='bbox 709 2233 910 2300; x_wconf 85' lang='lat' dir='ltr'>damnandus</span> <span class='ocrx_word' id='word_1_170' title='bbox 931 2233 1044 2300; x_wconf 87' lang='lat' dir='ltr'>rustici</span> <span class='ocrx_word' id='word_1_171' title='bbox 1068 2235 1185 2321; x_wconf 87' lang='lat' dir='ltr'>rigoris</span> <span class='ocrx_word' id='word_1_172' title='bbox 1294 2247 1295 2250; x_wconf 75' lang='grc'>’</span> 
     </span>
    </p>
   </div>
   <div class='ocr_carea' id='block_1_12' title="bbox 215 2318 1185 2406">
    <p class='ocr_par' dir='ltr' id='par_1_12' title="bbox 215 2318 1185 2406">
     <span class='ocr_line' id='line_1_25' title="bbox 215 2318 1185 2406; baseline 0.004 -24"><span class='ocrx_word' id='word_1_173' title='bbox 215 2319 366 2403; x_wconf 86' lang='lat' dir='ltr'>crimine,</span> <span class='ocrx_word' id='word_1_174' title='bbox 392 2318 427 2385; x_wconf 83' lang='grc' dir='ltr'>Ο.</span> <span class='ocrx_word' id='word_1_175' title='bbox 479 2321 540 2403; x_wconf 88' lang='lat' dir='ltr'>ari,</span> <span class='ocrx_word' id='word_1_176' title='bbox 564 2321 639 2404; x_wconf 87' lang='lat' dir='ltr'>quia</span> <span class='ocrx_word' id='word_1_177' title='bbox 660 2320 789 2406; x_wconf 90' lang='lat' dir='ltr'>gemina</span> <span class='ocrx_word' id='word_1_178' title='bbox 812 2321 905 2385; x_wconf 85' lang='lat' dir='ltr'>lauru</span> <span class='ocrx_word' id='word_1_179' title='bbox 927 2323 1114 2386; x_wconf 85' lang='lat' dir='ltr'>coronatam</span> <span class='ocrx_word' id='word_1_180' title='bbox 1137 2342 1185 2386; x_wconf 88' lang='lat' dir='ltr'>se-</span> 
     </span>
    </p>
   </div>
   <div class='ocr_carea' id='block_1_13' title="bbox 176 2403 1295 2485">
    <p class='ocr_par' dir='ltr' id='par_1_13' title="bbox 176 2403 1295 2485">
     <span class='ocr_line' id='line_1_26' title="bbox 176 2403 1295 2485; baseline 0.005 -21"><span class='ocrx_word' id='word_1_181' title='bbox 176 2407 378 2469; x_wconf 76' lang='lat' dir='ltr'>senectutem</span> <span class='ocrx_word' id='word_1_182' title='bbox 399 2409 499 2485; x_wconf 85' lang='lat' dir='ltr'>tuam,</span> <span class='ocrx_word' id='word_1_183' title='bbox 521 2405 703 2470; x_wconf 84' lang='lat' dir='ltr'>Numidicis</span> <span class='ocrx_word' id='word_1_184' title='bbox 725 2411 759 2470; x_wconf 88' lang='lat' dir='ltr'>et</span> <span class='ocrx_word' id='word_1_185' title='bbox 785 2403 986 2470; x_wconf 80' lang='lat' dir='ltr'>Germanicis</span> <span class='ocrx_word' id='word_1_186' title='bbox 1013 2403 1184 2470; x_wconf 89' lang='lat' dir='ltr'>inlustrem</span> <span class='ocrx_word' id='word_1_187' title='bbox 1294 2415 1295 2480; x_wconf 56' lang='grc' dir='ltr'>ζ</span> 
     </span>
    </p>
   </div>
   <div class='ocr_carea' id='block_1_14' title="bbox 213 2489 1295 2638">
    <p class='ocr_par' dir='ltr' id='par_1_14' title="bbox 213 2489 1295 2638">
     <span class='ocr_line' id='line_1_27' title="bbox 213 2489 1295 2638; baseline 0.002 -85"><span class='ocrx_word' id='word_1_188' title='bbox 213 2490 369 2572; x_wconf 86' lang='lat' dir='ltr'>tropaeis,</span> <span class='ocrx_word' id='word_1_189' title='bbox 399 2490 504 2555; x_wconf 88' lang='lat' dir='ltr'>uictor</span> <span class='ocrx_word' id='word_1_190' title='bbox 525 2490 668 2556; x_wconf 83' lang='lat' dir='ltr'>deuictae</span> <span class='ocrx_word' id='word_1_191' title='bbox 690 2490 798 2638; x_wconf 66' lang='lat' dir='ltr'>gentis</span> <span class='ocrx_word' id='word_1_192' title='bbox 820 2489 971 2556; x_wconf 87' lang='lat' dir='ltr'>facundia</span> <span class='ocrx_word' id='word_1_193' title='bbox 997 2489 1183 2573; x_wconf 87' lang='lat' dir='ltr'>politiorem</span> <span class='ocrx_word' id='word_1_194' title='bbox 1294 2527 1295 2536; x_wconf 26' lang='grc' dir='ltr'><strong>κ</strong></span> 
     </span>
    </p>
   </div>
   <div class='ocr_carea' id='block_1_15' title="bbox 163 2574 1295 2746">
    <p class='ocr_par' dir='ltr' id='par_1_15' title="bbox 163 2574 1295 2746">
     <span class='ocr_line' id='line_1_28' title="bbox 212 2574 1295 2661; baseline 0.002 -24"><span class='ocrx_word' id='word_1_195' title='bbox 212 2575 282 2637; x_wconf 90' lang='lat' dir='ltr'>fieri</span> <span class='ocrx_word' id='word_1_196' title='bbox 304 2574 454 2659; x_wconf 88' lang='lat' dir='ltr'>noluisti,</span> <span class='ocrx_word' id='word_1_197' title='bbox 477 2576 587 2654; x_wconf 87' lang='lat' dir='ltr'>credo,</span> <span class='ocrx_word' id='word_1_198' title='bbox 610 2597 651 2639; x_wconf 90' lang='lat' dir='ltr'>nc</span> <span class='ocrx_word' id='word_1_199' title='bbox 673 2577 856 2660; x_wconf 85' lang='lat' dir='ltr'>aienigena</span> <span class='ocrx_word' id='word_1_200' title='bbox 878 2574 1003 2661; x_wconf 84' lang='lat' dir='ltr'>ingenii</span> <span class='ocrx_word' id='word_1_201' title='bbox 1026 2576 1181 2641; x_wconf 83' lang='lat' dir='ltr'>exercite·</span> <span class='ocrx_word' id='word_1_202' title='bbox 1294 2575 1295 2590; x_wconf 60' lang='lat'>¹</span> 
     </span>
     <span class='ocr_line' id='line_1_29' title="bbox 163 2659 1295 2746; baseline 0 -24"><span class='ocrx_word' id='word_1_203' title='bbox 163 2737 165 2742; x_wconf 21' lang='grc' dir='ltr'>Ι</span> <span class='ocrx_word' id='word_1_204' title='bbox 212 2659 299 2723; x_wconf 91' lang='lat' dir='ltr'>tione</span> <span class='ocrx_word' id='word_1_205' title='bbox 321 2659 419 2744; x_wconf 86' lang='lat' dir='ltr'>patrii</span> <span class='ocrx_word' id='word_1_206' title='bbox 432 2659 515 2724; x_wconf 89' lang='lat' dir='ltr'>ritus</span> <span class='ocrx_word' id='word_1_207' title='bbox 530 2681 619 2725; x_wconf 89' lang='lat' dir='ltr'>serus</span> <span class='ocrx_word' id='word_1_208' title='bbox 633 2659 803 2746; x_wconf 86' lang='lat' dir='ltr'>transfuga</span> <span class='ocrx_word' id='word_1_209' title='bbox 819 2659 981 2724; x_wconf 86' lang='lat' dir='ltr'>existeres.</span> <span class='ocrx_word' id='word_1_210' title='bbox 1014 2659 1085 2743; x_wconf 88' lang='lat' dir='ltr'>quis</span> <span class='ocrx_word' id='word_1_211' title='bbox 1101 2679 1179 2746; x_wconf 88' lang='lat' dir='ltr'>ergo</span> <span class='ocrx_word' id='word_1_212' title='bbox 1294 2719 1295 2722; x_wconf 74' lang='grc'>,</span> 
     </span>
    </p>
   </div>
   <div class='ocr_carea' id='block_1_16' title="bbox 174 2743 1180 2915">
    <p class='ocr_par' dir='ltr' id='par_1_16' title="bbox 174 2743 1180 2915">
     <span class='ocr_line' id='line_1_30' title="bbox 212 2743 1180 2831; baseline 0.001 -23"><span class='ocrx_word' id='word_1_213' title='bbox 212 2744 288 2810; x_wconf 90' lang='lat' dir='ltr'>huic</span> <span class='ocrx_word' id='word_1_214' title='bbox 305 2744 537 2831; x_wconf 90' lang='lat' dir='ltr'>consuetudini,</span> <span class='ocrx_word' id='word_1_215' title='bbox 560 2767 624 2830; x_wconf 89' lang='lat' dir='ltr'>qua</span> <span class='ocrx_word' id='word_1_216' title='bbox 637 2766 725 2810; x_wconf 90' lang='lat' dir='ltr'>nunc</span> <span class='ocrx_word' id='word_1_217' title='bbox 741 2745 871 2810; x_wconf 85' lang='lat' dir='ltr'>Graecis</span> <span class='ocrx_word' id='word_1_218' title='bbox 887 2743 1070 2810; x_wconf 89' lang='lat' dir='ltr'>actionibus</span> <span class='ocrx_word' id='word_1_219' title='bbox 1086 2765 1180 2809; x_wconf 85' lang='lat' dir='ltr'>aures</span> 
     </span>
     <span class='ocr_line' id='line_1_31' title="bbox 174 2827 1180 2915; baseline 0.003 -23"><span class='ocrx_word' id='word_1_220' title='bbox 174 2848 200 2891; x_wconf 80' lang='lat' dir='ltr'>eo</span> <span class='ocrx_word' id='word_1_221' title='bbox 213 2829 320 2895; x_wconf 87' lang='lat' dir='ltr'>curiae</span> <span class='ocrx_word' id='word_1_222' title='bbox 335 2829 541 2914; x_wconf 81' lang='lat' dir='ltr'>exurdantur,</span> <span class='ocrx_word' id='word_1_223' title='bbox 557 2831 688 2895; x_wconf 87' lang='lat' dir='ltr'>ianuam</span> <span class='ocrx_word' id='word_1_224' title='bbox 703 2829 880 2915; x_wconf 84' lang='lat' dir='ltr'>patefecit?</span> <span class='ocrx_word' id='word_1_225' title='bbox 895 2833 933 2894; x_wconf 91' lang='lat' dir='ltr'>ut</span> <span class='ocrx_word' id='word_1_226' title='bbox 947 2830 1073 2913; x_wconf 87' lang='lat' dir='ltr'>opinor,</span> <span class='ocrx_word' id='word_1_227' title='bbox 1090 2827 1180 2895; x_wconf 90' lang='lat' dir='ltr'>Molo</span> 
     </span>
    </p>
   </div>
   <div class='ocr_carea' id='block_1_17' title="bbox 212 2913 1295 2998">
    <p class='ocr_par' dir='ltr' id='par_1_17' title="bbox 212 2913 1295 2998">
     <span class='ocr_line' id='line_1_32' title="bbox 212 2913 1295 2998; baseline 0 -18"><span class='ocrx_word' id='word_1_228' title='bbox 212 2913 335 2998; x_wconf 86' lang='lat' dir='ltr'>rhetor,</span> <span class='ocrx_word' id='word_1_229' title='bbox 359 2915 416 2998; x_wconf 91' lang='lat' dir='ltr'>qui</span> <span class='ocrx_word' id='word_1_230' title='bbox 438 2914 544 2980; x_wconf 88' lang='lat' dir='ltr'>studia</span> <span class='ocrx_word' id='word_1_231' title='bbox 565 2915 609 2980; x_wconf 90' lang='lat' dir='ltr'>M.</span> <span class='ocrx_word' id='word_1_232' title='bbox 626 2913 790 2981; x_wconf 81' lang='lat' dir='ltr'>Ciceronis</span> <span class='ocrx_word' id='word_1_233' title='bbox 813 2916 914 2980; x_wconf 86' lang='lat' dir='ltr'>acuit:</span> <span class='ocrx_word' id='word_1_234' title='bbox 947 2935 1019 2978; x_wconf 89' lang='lat' dir='ltr'>eum</span> <span class='ocrx_word' id='word_1_235' title='bbox 1042 2935 1180 2997; x_wconf 86' lang='lat' dir='ltr'>namque</span> <span class='ocrx_word' id='word_1_236' title='bbox 1293 2913 1295 2980; x_wconf 71' lang='grc' dir='ltr'><strong>ἶ</strong></span> 
     </span>
    </p>
   </div>
   <div class='ocr_carea' id='block_1_18' title="bbox 211 3133 1181 3326">
    <p class='ocr_par' dir='ltr' id='par_1_18' title="bbox 211 3133 1181 3326">
     <span class='ocr_line' id='line_1_33' title="bbox 280 3133 1181 3204; baseline 0.007 -16"><span class='ocrx_word' id='word_1_237' title='bbox 280 3140 294 3188; x_wconf 92' lang='grc'>1</span> <span class='ocrx_word' id='word_1_238' title='bbox 313 3134 381 3202; x_wconf 89' lang='lat' dir='ltr'>quid</span> <span class='ocrx_word' id='word_1_239' title='bbox 394 3134 444 3189; x_wconf 83' lang='lat' dir='ltr'>aut</span> <span class='ocrx_word' id='word_1_240' title='bbox 463 3135 496 3190; x_wconf 76' lang='lat' dir='ltr'>in</span> <span class='ocrx_word' id='word_1_241' title='bbox 512 3149 567 3191; x_wconf 83' lang='lat' dir='ltr'>ras.</span> <span class='ocrx_word' id='word_1_242' title='bbox 580 3135 617 3204; x_wconf 80' lang='lat' dir='ltr'>A,</span> <span class='ocrx_word' id='word_1_243' title='bbox 635 3135 712 3204; x_wconf 89' lang='lat' dir='ltr'>qnod</span> <span class='ocrx_word' id='word_1_244' title='bbox 724 3136 781 3198; x_wconf 87' lang='lat' dir='ltr'>aut,</span> <span class='ocrx_word' id='word_1_245' title='bbox 800 3138 833 3190; x_wconf 81' lang='lat' dir='ltr'>ut</span> <span class='ocrx_word' id='word_1_246' title='bbox 849 3134 922 3201; x_wconf 73' lang='lat' dir='ltr'>uid,</span> <span class='ocrx_word' id='word_1_247' title='bbox 938 3133 976 3188; x_wconf 71' lang='lat'>11¹</span> <span class='ocrx_word' id='word_1_248' title='bbox 989 3135 1028 3204; x_wconf 83' lang='grc'>113</span> <span class='ocrx_word' id='word_1_249' title='bbox 1045 3134 1152 3189; x_wconf 86' lang='lat' dir='ltr'>silentii</span> <span class='ocrx_word' id='word_1_250' title='bbox 1175 3180 1181 3194; x_wconf 93' lang='lat'><em>.</em></span> 
     </span>
     <span class='ocr_line' id='line_1_34' title="bbox 211 3153 1172 3326; baseline 0.001 -70"><span class='ocrx_word' id='word_1_251' title='bbox 211 3203 250 3280; x_wconf 38' lang='lat' dir='ltr'>&#39;A‘</span> <span class='ocrx_word' id='word_1_252' title='bbox 266 3203 276 3271; x_wconf 91' lang='grc' dir='ltr'>ΙΙ</span> <span class='ocrx_word' id='word_1_253' title='bbox 294 3208 390 3257; x_wconf 70' lang='lat' dir='ltr'>taut*</span> <span class='ocrx_word' id='word_1_254' title='bbox 407 3204 448 3270; x_wconf 80' lang='lat' dir='ltr'>A,</span> <span class='ocrx_word' id='word_1_255' title='bbox 471 3217 528 3326; x_wconf 60' lang='lat' dir='ltr'>sup</span> <span class='ocrx_word' id='word_1_256' title='bbox 538 3201 574 3255; x_wconf 59' lang='grc' dir='ltr'>Ιι1</span> <span class='ocrx_word' id='word_1_257' title='bbox 592 3203 602 3270; x_wconf 72' lang='lat' dir='ltr'>tl</span> <span class='ocrx_word' id='word_1_258' title='bbox 620 3206 652 3256; x_wconf 88' lang='grc'>14</span> <span class='ocrx_word' id='word_1_259' title='bbox 670 3202 756 3257; x_wconf 86' lang='lat' dir='ltr'>etiarn</span> <span class='ocrx_word' id='word_1_260' title='bbox 771 3203 847 3272; x_wconf 87' lang='lat' dir='ltr'>ipsos</span> <span class='ocrx_word' id='word_1_261' title='bbox 864 3203 978 3272; x_wconf 83' lang='lat' dir='ltr'>linguae</span> <span class='ocrx_word' id='word_1_262' title='bbox 995 3203 1028 3257; x_wconf 73' lang='lat' dir='ltr'>iu</span> <span class='ocrx_word' id='word_1_263' title='bbox 1045 3219 1100 3260; x_wconf 83' lang='lat' dir='ltr'>ras.</span> <span class='ocrx_word' id='word_1_264' title='bbox 1118 3153 1172 3272; x_wconf 48' lang='lat' dir='ltr'>A‘i</span> 
     </span>
    </p>
   </div>
   <div class='ocr_carea' id='block_1_19' title="bbox 210 3203 1181 3674">
    <p class='ocr_par' dir='ltr' id='par_1_19' title="bbox 210 3203 1181 3674">
     <span class='ocr_line' id='line_1_35' title="bbox 210 3203 1180 3339; baseline 0.001 -17"><span class='ocrx_word' id='word_1_265' title='bbox 210 3286 286 3338; x_wconf 75' lang='lat' dir='ltr'>ipsos</span> <span class='ocrx_word' id='word_1_266' title='bbox 306 3270 389 3338; x_wconf 68' lang='lat' dir='ltr'>Pau,</span> <span class='ocrx_word' id='word_1_267' title='bbox 415 3271 479 3339; x_wconf 86' lang='lat' dir='ltr'>ipsa</span> <span class='ocrx_word' id='word_1_268' title='bbox 554 3269 619 3325; x_wconf 80' lang='lat' dir='ltr'>dett.</span> <span class='ocrx_word' id='word_1_269' title='bbox 640 3272 650 3339; x_wconf 81' lang='grc'>11</span> <span class='ocrx_word' id='word_1_270' title='bbox 672 3276 704 3326; x_wconf 87' lang='grc'>16</span> <span class='ocrx_word' id='word_1_271' title='bbox 721 3271 820 3324; x_wconf 91' lang='lat' dir='ltr'>urbem</span> <span class='ocrx_word' id='word_1_272' title='bbox 841 3273 952 3324; x_wconf 84' lang='lat' dir='ltr'>tantum</span> <span class='ocrx_word' id='word_1_273' title='bbox 978 3268 1075 3326; x_wconf 78' lang='lat' dir='ltr'>nostra</span> <span class='ocrx_word' id='word_1_274' title='bbox 1098 3203 1180 3324; x_wconf 69' lang='lat' dir='ltr'>L¹Ai</span> 
     </span>
     <span class='ocr_line' id='line_1_36' title="bbox 212 3337 1180 3407; baseline 0.002 -16"><span class='ocrx_word' id='word_1_275' title='bbox 212 3337 458 3394; x_wconf 65' lang='lat' dir='ltr'>nunciaturus.</span> <span class='ocrx_word' id='word_1_276' title='bbox 479 3338 519 3406; x_wconf 80' lang='lat' dir='ltr'>L,</span> <span class='ocrx_word' id='word_1_277' title='bbox 536 3352 621 3393; x_wconf 89' lang='lat' dir='ltr'>uoces</span> <span class='ocrx_word' id='word_1_278' title='bbox 638 3339 676 3392; x_wconf 82' lang='grc' dir='ltr'>Αι</span> <span class='ocrx_word' id='word_1_279' title='bbox 713 3344 745 3393; x_wconf 79' lang='lat' dir='ltr'>tc</span> <span class='ocrx_word' id='word_1_280' title='bbox 761 3338 895 3404; x_wconf 82' lang='lat' dir='ltr'>deerrunt</span> <span class='ocrx_word' id='word_1_281' title='bbox 913 3338 949 3392; x_wconf 71' lang='grc' dir='ltr'><em>Π</em></span> <span class='ocrx_word' id='word_1_282' title='bbox 963 3338 1018 3407; x_wconf 75' lang='grc'><strong>1121</strong></span> <span class='ocrx_word' id='word_1_283' title='bbox 1036 3339 1180 3393; x_wconf 85' lang='lat' dir='ltr'>suauitate</span> 
     </span>
     <span class='ocr_line' id='line_1_37' title="bbox 211 3405 1181 3476; baseline -0.001 -15"><span class='ocrx_word' id='word_1_284' title='bbox 211 3406 293 3461; x_wconf 81' lang='lat' dir='ltr'>L¹A¹</span> <span class='ocrx_word' id='word_1_285' title='bbox 338 3411 372 3458; x_wconf 75' lang='lat'>24</span> <span class='ocrx_word' id='word_1_286' title='bbox 390 3406 481 3461; x_wconf 76' lang='lat' dir='ltr'>mari*</span> <span class='ocrx_word' id='word_1_287' title='bbox 511 3408 624 3474; x_wconf 83' lang='lat' dir='ltr'>ieras.)</span> <span class='ocrx_word' id='word_1_288' title='bbox 643 3407 670 3460; x_wconf 81' lang='lat' dir='ltr'><strong><em>L</em></strong></span> <span class='ocrx_word' id='word_1_289' title='bbox 705 3412 738 3460; x_wconf 80' lang='lat'>26</span> <span class='ocrx_word' id='word_1_290' title='bbox 760 3407 886 3476; x_wconf 88' lang='lat' dir='ltr'>tropheis</span> <span class='ocrx_word' id='word_1_291' title='bbox 902 3406 929 3460; x_wconf 82' lang='lat' dir='ltr'><strong><em>L</em></strong></span> <span class='ocrx_word' id='word_1_292' title='bbox 947 3405 1009 3461; x_wconf 83' lang='lat' dir='ltr'>eth</span> <span class='ocrx_word' id='word_1_293' title='bbox 1026 3407 1133 3462; x_wconf 63' lang='lat' dir='ltr'>deduc.</span> <span class='ocrx_word' id='word_1_294' title='bbox 1152 3407 1181 3460; x_wconf 79' lang='lat' dir='ltr'><strong><em>A</em></strong></span> 
     </span>
     <span class='ocr_line' id='line_1_38' title="bbox 211 3472 1181 3594; baseline 0.003 -69"><span class='ocrx_word' id='word_1_295' title='bbox 211 3475 230 3594; x_wconf 56' lang='lat' dir='ltr'>p</span> <span class='ocrx_word' id='word_1_296' title='bbox 257 3473 306 3542; x_wconf 90' lang='lat' dir='ltr'>pol</span> <span class='ocrx_word' id='word_1_297' title='bbox 328 3472 428 3528; x_wconf 86' lang='lat' dir='ltr'>tiorem</span> <span class='ocrx_word' id='word_1_298' title='bbox 446 3474 482 3527; x_wconf 84' lang='lat' dir='ltr'>L¹</span> <span class='ocrx_word' id='word_1_299' title='bbox 510 3477 514 3544; x_wconf 87' lang='grc'>1</span> <span class='ocrx_word' id='word_1_300' title='bbox 536 3479 569 3529; x_wconf 75' lang='lat'>28</span> <span class='ocrx_word' id='word_1_301' title='bbox 591 3490 689 3530; x_wconf 85' lang='lat' dir='ltr'>seruus</span> <span class='ocrx_word' id='word_1_302' title='bbox 712 3473 784 3540; x_wconf 74' lang='lat' dir='ltr'>LA,</span> <span class='ocrx_word' id='word_1_303' title='bbox 806 3490 854 3529; x_wconf 84' lang='lat' dir='ltr'>em.</span> <span class='ocrx_word' id='word_1_304' title='bbox 874 3474 992 3542; x_wconf 76' lang='lat' dir='ltr'>Lipsius</span> <span class='ocrx_word' id='word_1_305' title='bbox 1015 3475 1025 3543; x_wconf 84' lang='grc' dir='ltr'>ΙΙ</span> <span class='ocrx_word' id='word_1_306' title='bbox 1047 3474 1181 3530; x_wconf 85' lang='lat' dir='ltr'>existeres</span> 
     </span>
     <span class='ocr_line' id='line_1_39' title="bbox 217 3540 1181 3674; baseline 0.001 -79"><span class='ocrx_word' id='word_1_307' title='bbox 217 3545 277 3620; x_wconf 56' lang='lat' dir='ltr'>ffi-</span> <span class='ocrx_word' id='word_1_308' title='bbox 291 3540 393 3674; x_wconf 59' lang='lat' dir='ltr'>ppupi,</span> <span class='ocrx_word' id='word_1_309' title='bbox 412 3542 546 3596; x_wconf 85' lang='lat' dir='ltr'>existeret</span> <span class='ocrx_word' id='word_1_310' title='bbox 562 3541 623 3597; x_wconf 82' lang='lat' dir='ltr'>LA</span> <span class='ocrx_word' id='word_1_311' title='bbox 639 3545 649 3612; x_wconf 79' lang='grc' dir='ltr'>ΙΙ</span> <span class='ocrx_word' id='word_1_312' title='bbox 667 3548 700 3598; x_wconf 83' lang='grc'>30</span> <span class='ocrx_word' id='word_1_313' title='bbox 718 3543 830 3598; x_wconf 80' lang='lat' dir='ltr'>exsard.</span> <span class='ocrx_word' id='word_1_314' title='bbox 846 3543 935 3598; x_wconf 83' lang='lat' dir='ltr'>Halm</span> <span class='ocrx_word' id='word_1_315' title='bbox 947 3543 957 3610; x_wconf 87' lang='grc' dir='ltr'>ΙΙ</span> <span class='ocrx_word' id='word_1_316' title='bbox 973 3543 1132 3598; x_wconf 73' lang='lat' dir='ltr'>iassnuam</span> <span class='ocrx_word' id='word_1_317' title='bbox 1151 3545 1181 3612; x_wconf 93' lang='lat' dir='ltr'>(n</span> 
     </span>
     <span class='ocr_line' id='line_1_40' title="bbox 210 3621 316 3662; baseline -0.019 0"><span class='ocrx_word' id='word_1_318' title='bbox 210 3625 243 3662; x_wconf 78' lang='lat' dir='ltr'>m</span> <span class='ocrx_word' id='word_1_319' title='bbox 260 3621 316 3662; x_wconf 83' lang='lat' dir='ltr'>ras.</span> 
     </span>
    </p>
   </div>
   <div class='ocr_carea' id='block_1_20' title="bbox 0 0 1308 3952">
    <p class='ocr_par' dir='ltr' id='par_1_20' title="bbox 0 0 1308 3952">
     <span class='ocr_line' id='line_1_41' title="bbox 0 0 1308 3952; baseline 0 3"><span class='ocrx_word' id='word_1_320' title='bbox 0 0 1308 3952; x_wconf 95' lang='lat' dir='ltr'> </span> 
     </span>
    </p>
   </div>
  </div>
 </body>
</html>
