2604 3960
419 151 496 206 car.
509 149 584 216 v111,
603 149 665 206 uxr.
683 156 698 218 s
716 157 790 206 e-s.
1029 153 1087 218 161

120 326 201 457 itt
224 308 331 456 ,dt
379 303 555 476 illitam
570 303 1006 472 lttfflbttdithttlf
1022 303 1089 454 iz·

120 475 235 553 debat,
264 479 428 557 tamquam
453 410 586 538 rhsidias
615 472 644 536 ei
672 473 832 538 nectentis
862 475 983 538 cautior
1005 477 1090 540 esset

121 558 293 641 respondit
320 559 390 622 uita
417 577 451 621 se
479 556 573 621 malle
601 557 751 622 excedere
779 578 875 640 quam
906 559 969 641 [in]
1001 562 1089 623 metu

121 643 284 707 uiolentae
306 642 419 706 mortis
441 642 561 705 amicos
583 641 722 706 inimicis
744 642 834 706 iuxta
854 663 982 725 ponere.
1103 664 1115 702 s

187 728 217 793 6.
241 725 331 802 Quod
353 725 497 810 sequitur
512 729 545 789 et
560 724 607 790 rei
621 725 723 809 ipsius
739 725 952 791 admiratione
972 730 1004 790 et
1026 727 1089 792 cla·

120 812 219 877 ritate
241 811 380 875 auctoris
402 809 550 874 inlustre.
595 809 778 875 Alexander
800 809 1012 875 Macedonum
1035 831 1090 874 rex

121 896 245 960 incluta
267 897 331 959 iam
346 916 457 979 pugna
476 892 754 960 excellentissimis
769 895 886 978 opibus
901 893 1000 959 Darei
1016 915 1090 959 con·

120 981 203 1045 tusis
218 986 310 1044 aestu
331 984 363 1044 et
383 978 510 1044 itineris
525 977 653 1043 feruore
675 979 709 1042 in
725 977 838 1046 Cilicia
859 979 1090 1062 percalefactus

120 1064 251 1148 Cydno,
275 1063 330 1147 qui
352 1084 453 1147 aquae
474 1061 599 1146 liquore
628 1064 817 1146 conspicuus
840 1062 963 1128 Tarson
991 1064 1090 1128 inter·
1104 1089 1129 1128 ιο

120 1149 206 1232 fluit,
229 1169 345 1232 corpus
367 1169 461 1212 suum
483 1147 637 1214 inmersit.
676 1147 784 1214 subito
799 1146 914 1214 deinde
930 1169 969 1214 ex
988 1148 1090 1213 nimio

122 1234 241 1298 haustu
255 1232 387 1317 frigoris
409 1231 643 1314 obstupefactis
662 1233 771 1298 neruis
793 1253 830 1298 ac
844 1237 973 1317 torpore
995 1232 1091 1304 heba-

120 1318 200 1382 tatis
222 1318 356 1382 artubus
370 1316 510 1384 maxima
532 1337 604 1382 cum
619 1317 856 1384 exanimatione
877 1318 977 1386 totius
1000 1338 1090 1384 excr-

119 1403 207 1472 citus
222 1403 257 1466 in
273 1401 426 1485 oppidum
442 1401 554 1466 castris
566 1402 784 1486 propinquum
795 1401 947 1466 defertur.
964 1402 1092 1468 iacebat

120 1485 761 1636 tetih?’i'tttttltltttt
777 1485 1092 1635 distitutis}
1105 1511 1157 1554 ¹⁵·

121 1592 347 1722 arausicani
374 1653 510 1720 consilio
541 1653 653 1718 salutis
685 1591 826 1718 iemedia
858 1654 1092 1737 circumspicie-

121 1741 213 1810 bant.
259 1759 396 1823 quorum
411 1758 484 1804 cum
506 1737 547 1803 ad
561 1759 659 1802 unam
673 1739 839 1822 potionem
859 1757 891 1803 ae
912 1737 1092 1808 sententiae

122 1825 327 1906 direxissent,
351 1826 448 1907 atque
470 1843 540 1888 eam
555 1821 725 1906 Philippus
740 1822 882 1888 medicus
902 1823 969 1888 suis
991 1823 1092 1890 mani·

121 1910 184 1974 bus
199 1911 410 1991 temperatam
426 1906 610 1972 Alexandro
625 1945 667 1956 -
682 1910 752 1972 erat
765 1910 873 1972 autem
892 1907 993 1991 ipsius
1015 1907 1092 1974 ami·
1106 1935 1131 1975 so

122 2015 181 2062 cus
203 1997 237 2058 ct
259 2012 365 2058 comes
394 2030 434 2046 -
461 1991 668 2076 porrexisset,
698 2013 716 2055 a
738 1991 950 2062 Parmenione
977 1992 1093 2058 missae

122 2079 251 2146 litterae
266 2076 500 2160 superueniunt
514 2075 724 2142 admonentes
746 2080 782 2143 ut
795 2097 852 2142 rex
867 2076 1000 2142 insidias
1015 2075 1092 2142 Phi·

122 2163 205 2246 lippi
227 2161 360 2246 perinde
387 2182 424 2228 ac
446 2161 582 2245 pecunia
610 2159 753 2244 corrupti
780 2183 799 2228 a
821 2160 926 2226 Dareo
956 2164 1093 2228 caueret.

122 2269 204 2331 quas
227 2267 300 2312 cum
323 2245 462 2331 legisset,
485 2245 554 2310 siue
570 2245 637 2310 ulla
656 2247 861 2312 cunctatione
883 2246 1093 2312 medicamen·

122 2335 195 2398 tum
217 2330 326 2398 hausit
347 2351 386 2396 ac
411 2334 480 2396 tum
501 2328 654 2415 legendas
676 2328 829 2414 Philippo
850 2330 992 2395 tradidit.
1035 2350 1094 2415 pro
1107 2355 1133 2396 aa

195 2522 208 2570 1
228 2514 278 2584 qui
295 2514 463 2583 quibusdam
481 2516 529 2582 A¹,
549 2514 640 2570 uncio
657 2531 696 2568 aa
712 2519 793 2579 recte,
811 2513 834 2568 is
853 2514 983 2583 quibusd.
1000 2528 1094 2584 marco

122 2584 153 2640 A
165 2585 175 2652 11
193 2581 451 2662 οτωΙίἀοωῷΑί,
475 2581 636 2660 eracly'dem
653 2580 693 2636 A¹
717 2583 721 2651 1
741 2581 855 2661 rcalip
877 2599 926 2636 um
943 2583 1016 2647 LA,
1045 2599 1093 2638 cm.

123 2651 213 2708 Halm
225 2651 264 2718 13
283 2665 394 2704 cancror
405 2650 442 2703 A¹
456 2651 461 2718 1
478 2655 496 2703 4
514 2649 643 2704 excidere
660 2651 687 2706 L
722 2650 795 2772 ¹plm
812 2599 876 2704 AhJ
883 2650 980 2717 Halm,
999 2665 1049 2704 om.
1064 2649 1094 2702 D

123 2723 151 2774 et
169 2717 232 2773 edd.
250 2721 328 2785 cett,
348 2731 396 2787 epo
413 2716 524 2772 iocari.
556 2717 590 2782 cf.
603 2716 727 2790 Maduip
757 2717 778 2770 I
786 2719 840 2772 320
852 2718 862 2786 11
875 2717 963 2784 metu]
982 2733 1028 2770 me
1040 2716 1067 2769 L
1079 2715 1092 2786 11

122 2793 140 2842 5
160 2785 265 2857 uioletp
283 2785 331 2851 A¹,
350 2785 474 2839 uiolento
487 2786 525 2839 Α·
538 2785 548 2854 1
560 2785 658 2839 mertis
670 2786 716 2847 D,
735 2785 845 2838 meritis
856 2785 897 2838 Ι)
908 2783 1093 2883 11ἰυίωίοᾳεᾳε

122 2853 165 2909 A²
177 2855 216 2922 118
233 2852 342 2920 inclyta
358 2852 398 2906 A¹
416 2852 469 2907 etl
505 2853 539 2907 ic
559 2867 614 2906 raa.
633 2853 682 2923 Lu
701 2859 733 2908 10
750 2851 867 2906 tharson
884 2852 912 2905 A
941 2851 952 2920 11
973 2858 1002 2905 12
1021 2867 1094 2920 rigo·

122 2923 164 2976 ris
181 2920 243 2976 LA
259 2920 363 2986 Halm,
385 2936 434 2976 cm.
452 2869 526 2974 dha.
544 2919 666 2986 sesclae,
684 2920 821 2999 Philolop.
840 2923 910 2976 1877
949 2922 1028 2997 tw.
1059 2919 1094 2984 cf.

127 2988 187 3044 Vr
211 2992 266 3045 cat.
284 2989 369 3056 1115
390 3004 459 3058 ager
472 2989 509 3041 A¹
523 2989 534 3056 11
546 2987 636 3042 tharsi
648 2989 687 3044 Αἱ
699 2991 709 3058 11
721 3005 783 3058 ιηῳ
802 3003 897 3058 morpo
946 3004 1001 3054 ,ιη
1019 3000 1096 3056 quse

123 3059 171 3125 (ca
188 3056 218 3110 in
236 3056 420 3124 quae??)A¹,
439 3055 468 3109 in
482 3071 538 3124 qua
547 3057 654 3176 ,4114118
673 3073 791 3125 quorum
802 3055 871 3120 LA,
891 3055 965 3133 qpod
977 3057 1039 3124 (om.
1053 3055 1094 3121 se)

119 3124 202 3194 prot.
228 3123 350 3189 referens
371 3123 411 3178 od
436 3122 564 3178 remedia
614 3123 844 3188 conscenso,
871 3139 920 3192 qur
944 3123 1005 3178 edd.
1029 3127 1093 3178 cett.

122 3191 230 3247 Malaca
241 3192 251 3268 1
264 3207 294 3245 se
307 3191 464 3245 sententiae
477 3191 646 3247 direxissent
657 3206 707 3248 uos
718 3193 750 3246 irs
762 3189 801 3244 N.
814 3191 846 3260 Q.
882 3193 936 3248 ‚29
949 3195 974 3244 et
986 3189 1096 3254 cenat,

123 3259 298 3314 sententiam
316 3258 483 3312 direxissent
494 3261 523 3312 A
536 3263 562 3314 ct
579 3259 670 3316 ultim.
688 3277 708 3314 n
724 3275 759 3316 m.
777 3263 794 3314 1
812 3275 832 3316 s.
863 3301 868 3312 .
883 3258 920 3325 L,
938 3258 1094 3313 sententiae

124 3343 156 3384 se
174 3325 226 3385 dir.
246 3327 398 3382 Torrentur
414 3331 440 3382 ct
456 3341 508 3385 om.
527 3343 556 3382 se
574 3326 705 3397 Lipsiae,
730 3342 759 3382 se
783 3326 926 3381 sententia
947 3326 1097 3380 direxisset

123 3395 197 3452 coci.
215 3393 303 3448 Halm
316 3396 325 3462 11
340 3400 371 3449 19
384 3396 455 3461 atq*
472 3411 535 3449 eam
553 3396 580 3449 A
593 3399 602 3466 11
616 3403 648 3452 20
661 3393 815 3450 alexandro
835 3394 893 3458 (scd
911 3409 927 3448 0
945 3395 978 3449 ia
996 3394 1095 3461 litura)

121 3462 153 3517 A
165 3464 175 3532 11
189 3467 220 3515 21
241 3461 276 3516 ab
295 3461 445 3531 Antipatro
463 3463 533 3522 Par.
551 3465 560 3533 11
581 3464 665 3520 missa
682 3464 721 3517 A1
739 3464 748 3532 1
766 3469 798 3517 23
817 3461 920 3517 daraec
940 3463 989 3529 L',
1010 3463 1096 3535 darpo

1 3556 10 3572 »
125 3532 174 3599 Αἰ,
198 3529 278 3583 dano
296 3529 378 3584 Par.¹

180 3626 242 3668 Van.
256 3624 323 3666 Max.
902 3623 934 3672 11
977 3621 979 3626 ’
