<?xml version="1.0" encoding="UTF-8"?>
<!DOCTYPE html PUBLIC "-//W3C//DTD XHTML 1.0 Transitional//EN"
    "http://www.w3.org/TR/xhtml1/DTD/xhtml1-transitional.dtd">
<html xmlns="http://www.w3.org/1999/xhtml" xml:lang="en" lang="en">
 <head>
  <title>
</title>
<meta http-equiv="Content-Type" content="text/html;charset=utf-8" />
  <meta name='ocr-system' content='tesseract 3.04.00' />
  <meta name='ocr-capabilities' content='ocr_page ocr_carea ocr_par ocr_line ocrx_word'/>
</head>
<body>
  <div class='ocr_page' id='page_1' title='image "./valeriimaximifa00nepogoog_0526.png"; bbox 0 0 2550 3958; ppageno 0'>
   <div class='ocr_carea' id='block_1_1' title="bbox 348 210 1042 281">
    <p class='ocr_par' dir='ltr' id='par_1_1' title="bbox 348 210 1042 281">
     <span class='ocr_line' id='line_1_1' title="bbox 348 210 1042 281; baseline 0.019 -17"><span class='ocrx_word' id='word_1_1' title='bbox 348 210 417 265; x_wconf 80' lang='lat' dir='ltr'><strong>uie.</strong></span> <span class='ocrx_word' id='word_1_2' title='bbox 436 212 457 269; x_wconf 89' lang='lat'><strong>1.</strong></span> <span class='ocrx_word' id='word_1_3' title='bbox 489 210 566 267; x_wconf 79' lang='lat' dir='ltr'><strong>euP.</strong></span> <span class='ocrx_word' id='word_1_4' title='bbox 584 216 610 281; x_wconf 84' lang='lat' dir='ltr'><strong>e,</strong></span> <span class='ocrx_word' id='word_1_5' title='bbox 624 215 716 267; x_wconf 84' lang='lat'>5-10.</span> <span class='ocrx_word' id='word_1_6' title='bbox 977 211 1042 277; x_wconf 84' lang='lat'><strong>485</strong></span> 
     </span>
    </p>
   </div>
   <div class='ocr_carea' id='block_1_2' title="bbox 22 369 1089 2710">
    <p class='ocr_par' dir='ltr' id='par_1_2' title="bbox 61 369 1075 700">
     <span class='ocr_line' id='line_1_2' title="bbox 133 369 1075 446; baseline 0.005 -18"><span class='ocrx_word' id='word_1_7' title='bbox 133 370 235 445; x_wconf 90' lang='lat' dir='ltr'><strong>Bello,</strong></span> <span class='ocrx_word' id='word_1_8' title='bbox 271 388 330 446; x_wconf 93' lang='lat' dir='ltr'><strong>quo</strong></span> <span class='ocrx_word' id='word_1_9' title='bbox 352 369 490 430; x_wconf 78' lang='lat' dir='ltr'><strong>Valerius</strong></span> <span class='ocrx_word' id='word_1_10' title='bbox 518 369 672 446; x_wconf 79' lang='lat' dir='ltr'>Poplicola</span> <span class='ocrx_word' id='word_1_11' title='bbox 700 386 759 428; x_wconf 88' lang='lat' dir='ltr'><strong>cos.</strong></span> <span class='ocrx_word' id='word_1_12' title='bbox 782 369 924 428; x_wconf 88' lang='lat' dir='ltr'><strong>aduersus</strong></span> <span class='ocrx_word' id='word_1_13' title='bbox 953 385 1075 446; x_wconf 73' lang='lat' dir='ltr'><strong>regest</strong></span> 
     </span>
     <span class='ocr_line' id='line_1_3' title="bbox 62 454 1040 532; baseline -0.001 -18"><span class='ocrx_word' id='word_1_14' title='bbox 62 455 253 530; x_wconf 81' lang='lat' dir='ltr'><strong>Tarquinios</strong></span> <span class='ocrx_word' id='word_1_15' title='bbox 276 454 445 532; x_wconf 85' lang='lat' dir='ltr'><strong>dimiceuit,</strong></span> <span class='ocrx_word' id='word_1_16' title='bbox 471 455 587 514; x_wconf 79' lang='lat' dir='ltr'><strong>Siluani</strong></span> <span class='ocrx_word' id='word_1_17' title='bbox 602 473 659 513; x_wconf 84' lang='lat' dir='ltr'><strong>uox</strong></span> <span class='ocrx_word' id='word_1_18' title='bbox 675 454 778 513; x_wconf 82' lang='lat' dir='ltr'><strong>auditu</strong></span> <span class='ocrx_word' id='word_1_19' title='bbox 793 456 840 513; x_wconf 89' lang='lat' dir='ltr'><strong>est</strong></span> <span class='ocrx_word' id='word_1_20' title='bbox 855 454 941 513; x_wconf 85' lang='lat' dir='ltr'><strong>talis:</strong></span> <span class='ocrx_word' id='word_1_21' title='bbox 968 455 1040 514; x_wconf 79' lang='lat' dir='ltr'><strong>‘uno</strong></span> 
     </span>
     <span class='ocr_line' id='line_1_4' title="bbox 61 537 1040 615; baseline -0.001 -17"><span class='ocrx_word' id='word_1_22' title='bbox 61 540 139 615; x_wconf 91' lang='lat' dir='ltr'><strong>plus</strong></span> <span class='ocrx_word' id='word_1_23' title='bbox 163 538 301 598; x_wconf 79' lang='lat' dir='ltr'><strong>eTusois</strong></span> <span class='ocrx_word' id='word_1_24' title='bbox 324 539 449 614; x_wconf 87' lang='lat' dir='ltr'><strong>cedent,</strong></span> <span class='ocrx_word' id='word_1_25' title='bbox 471 540 622 599; x_wconf 83' lang='lat' dir='ltr'><strong>Romanus</strong></span> <span class='ocrx_word' id='word_1_26' title='bbox 645 539 792 598; x_wconf 89' lang='lat' dir='ltr'><strong>exercitus</strong></span> <span class='ocrx_word' id='word_1_27' title='bbox 807 539 906 598; x_wconf 90' lang='lat' dir='ltr'><strong>uictor</strong></span> <span class='ocrx_word' id='word_1_28' title='bbox 920 537 1040 612; x_wconf 82' lang='lat' dir='ltr'><strong>abibit&#39;,</strong></span> 
     </span>
     <span class='ocr_line' id='line_1_5' title="bbox 62 623 342 700; baseline 0 -18"><span class='ocrx_word' id='word_1_29' title='bbox 62 623 151 700; x_wconf 82' lang='lat' dir='ltr'><strong>quod</strong></span> <span class='ocrx_word' id='word_1_30' title='bbox 175 625 206 682; x_wconf 90' lang='lat' dir='ltr'><strong>ct</strong></span> <span class='ocrx_word' id='word_1_31' title='bbox 225 623 342 682; x_wconf 86' lang='lat' dir='ltr'><strong>accidit.</strong></span> 
     </span>
    </p>

    <p class='ocr_par' dir='ltr' id='par_1_3' title="bbox 32 705 1076 1121">
     <span class='ocr_line' id='line_1_6' title="bbox 32 705 1076 784; baseline 0.003 -21"><span class='ocrx_word' id='word_1_32' title='bbox 32 721 48 763; x_wconf 83' lang='lat'>5</span> <span class='ocrx_word' id='word_1_33' title='bbox 134 705 212 767; x_wconf 83' lang='lat' dir='ltr'><strong>Cum</strong></span> <span class='ocrx_word' id='word_1_34' title='bbox 234 707 347 766; x_wconf 88' lang='lat' dir='ltr'><strong>Bruttii</strong></span> <span class='ocrx_word' id='word_1_35' title='bbox 369 710 458 784; x_wconf 83' lang='lat' dir='ltr'><strong>atquo</strong></span> <span class='ocrx_word' id='word_1_36' title='bbox 479 706 592 768; x_wconf 85' lang='lat' dir='ltr'><strong>Lucani</strong></span> <span class='ocrx_word' id='word_1_37' title='bbox 615 707 683 766; x_wconf 90' lang='lat' dir='ltr'><strong>odio</strong></span> <span class='ocrx_word' id='word_1_38' title='bbox 705 706 913 767; x_wconf 84' lang='lat' dir='ltr'><strong>incitatissimo</strong></span> <span class='ocrx_word' id='word_1_39' title='bbox 935 706 1076 774; x_wconf 78' lang='lat' dir='ltr'><strong>Thuri-c</strong></span> 
     </span>
     <span class='ocr_line' id='line_1_7' title="bbox 63 790 1039 867; baseline 0 -15"><span class='ocrx_word' id='word_1_40' title='bbox 63 811 124 852; x_wconf 88' lang='lat' dir='ltr'><strong>nae</strong></span> <span class='ocrx_word' id='word_1_41' title='bbox 156 791 239 851; x_wconf 88' lang='lat' dir='ltr'><strong>urbis</strong></span> <span class='ocrx_word' id='word_1_42' title='bbox 267 795 404 867; x_wconf 87' lang='lat' dir='ltr'><strong>pet-erent</strong></span> <span class='ocrx_word' id='word_1_43' title='bbox 431 792 578 853; x_wconf 83' lang='lat' dir='ltr'><strong>excidium</strong></span> <span class='ocrx_word' id='word_1_44' title='bbox 609 793 639 850; x_wconf 88' lang='lat' dir='ltr'><strong>et</strong></span> <span class='ocrx_word' id='word_1_45' title='bbox 661 790 694 851; x_wconf 85' lang='lat' dir='ltr'><strong>O.</strong></span> <span class='ocrx_word' id='word_1_46' title='bbox 717 791 870 851; x_wconf 78' lang='lat' dir='ltr'><strong>Fabricius</strong></span> <span class='ocrx_word' id='word_1_47' title='bbox 892 792 1039 852; x_wconf 78' lang='lat' dir='ltr'><strong>Luscinus</strong></span> 
     </span>
     <span class='ocr_line' id='line_1_8' title="bbox 64 875 1040 952; baseline -0.002 -16"><span class='ocrx_word' id='word_1_48' title='bbox 64 895 129 936; x_wconf 90' lang='lat' dir='ltr'><strong>cos.</strong></span> <span class='ocrx_word' id='word_1_49' title='bbox 160 875 347 952; x_wconf 85' lang='lat' dir='ltr'><strong>defenderet,</strong></span> <span class='ocrx_word' id='word_1_50' title='bbox 376 877 456 936; x_wconf 84' lang='lat' dir='ltr'><strong>Mars</strong></span> <span class='ocrx_word' id='word_1_51' title='bbox 483 875 566 936; x_wconf 89' lang='lat' dir='ltr'><strong>uisus</strong></span> <span class='ocrx_word' id='word_1_52' title='bbox 596 878 643 936; x_wconf 89' lang='lat' dir='ltr'><strong>est</strong></span> <span class='ocrx_word' id='word_1_53' title='bbox 671 895 724 952; x_wconf 89' lang='lat' dir='ltr'><strong>per</strong></span> <span class='ocrx_word' id='word_1_54' title='bbox 752 877 880 936; x_wconf 86' lang='lat' dir='ltr'><strong>medium</strong></span> <span class='ocrx_word' id='word_1_55' title='bbox 907 876 1040 936; x_wconf 89' lang='lat' dir='ltr'><strong>hostium</strong></span> 
     </span>
     <span class='ocr_line' id='line_1_9' title="bbox 64 960 1041 1036; baseline -0.001 -16"><span class='ocrx_word' id='word_1_56' title='bbox 64 965 164 1021; x_wconf 86' lang='lat' dir='ltr'><strong>aciem</strong></span> <span class='ocrx_word' id='word_1_57' title='bbox 193 961 231 1018; x_wconf 83' lang='lat' dir='ltr'><strong>ud</strong></span> <span class='ocrx_word' id='word_1_58' title='bbox 259 960 407 1020; x_wconf 88' lang='lat' dir='ltr'><strong>contraria</strong></span> <span class='ocrx_word' id='word_1_59' title='bbox 435 964 532 1020; x_wconf 85' lang='lat' dir='ltr'><strong>eastra</strong></span> <span class='ocrx_word' id='word_1_60' title='bbox 558 961 701 1035; x_wconf 87' lang='lat' dir='ltr'><strong>euasisse,</strong></span> <span class='ocrx_word' id='word_1_61' title='bbox 730 961 800 1021; x_wconf 91' lang='lat' dir='ltr'><strong>iude</strong></span> <span class='ocrx_word' id='word_1_62' title='bbox 830 979 902 1020; x_wconf 92' lang='lat' dir='ltr'><strong>uoce</strong></span> <span class='ocrx_word' id='word_1_63' title='bbox 924 961 1041 1036; x_wconf 84' lang='lat' dir='ltr'><strong>ingenti</strong></span> 
     </span>
     <span class='ocr_line' id='line_1_10' title="bbox 66 1044 1042 1121; baseline -0.001 -16"><span class='ocrx_word' id='word_1_64' title='bbox 66 1045 230 1105; x_wconf 82' lang='lat' dir='ltr'><strong>clamitans</strong></span> <span class='ocrx_word' id='word_1_65' title='bbox 251 1045 364 1104; x_wconf 86' lang='lat' dir='ltr'><strong>factum</strong></span> <span class='ocrx_word' id='word_1_66' title='bbox 386 1044 528 1104; x_wconf 87' lang='lat' dir='ltr'><strong>uictoriae</strong></span> <span class='ocrx_word' id='word_1_67' title='bbox 551 1045 685 1121; x_wconf 86' lang='lat' dir='ltr'><strong>gradum.</strong></span> <span class='ocrx_word' id='word_1_68' title='bbox 717 1046 798 1120; x_wconf 89' lang='lat' dir='ltr'><strong>quod</strong></span> <span class='ocrx_word' id='word_1_69' title='bbox 820 1063 854 1105; x_wconf 91' lang='lat' dir='ltr'><strong>eo</strong></span> <span class='ocrx_word' id='word_1_70' title='bbox 877 1045 936 1105; x_wconf 83' lang='lat' dir='ltr'><strong>luit</strong></span> <span class='ocrx_word' id='word_1_71' title='bbox 950 1045 1042 1104; x_wconf 86' lang='lat' dir='ltr'><strong>mani·</strong></span> 
     </span>
    </p>

    <p class='ocr_par' dir='ltr' id='par_1_4' title="bbox 22 1129 1042 1290">
     <span class='ocr_line' id='line_1_11' title="bbox 22 1129 1042 1190; baseline 0.004 -6"><span class='ocrx_word' id='word_1_72' title='bbox 22 1145 53 1186; x_wconf 93' lang='lat' dir='ltr'><strong>1o</strong></span> <span class='ocrx_word' id='word_1_73' title='bbox 67 1129 194 1189; x_wconf 85' lang='lat' dir='ltr'><strong>festius:</strong></span> <span class='ocrx_word' id='word_1_74' title='bbox 231 1148 301 1188; x_wconf 88' lang='lat' dir='ltr'><strong>nam</strong></span> <span class='ocrx_word' id='word_1_75' title='bbox 330 1147 398 1188; x_wconf 91' lang='lat' dir='ltr'><strong>cnm</strong></span> <span class='ocrx_word' id='word_1_76' title='bbox 420 1148 479 1189; x_wconf 91' lang='lat' dir='ltr'><strong>cos.</strong></span> <span class='ocrx_word' id='word_1_77' title='bbox 503 1129 583 1188; x_wconf 90' lang='lat' dir='ltr'><strong>inter</strong></span> <span class='ocrx_word' id='word_1_78' title='bbox 605 1129 793 1190; x_wconf 83' lang='lat' dir='ltr'><strong>honorandos</strong></span> <span class='ocrx_word' id='word_1_79' title='bbox 816 1129 927 1189; x_wconf 79' lang='lat' dir='ltr'><strong>milites</strong></span> <span class='ocrx_word' id='word_1_80' title='bbox 950 1129 1042 1188; x_wconf 83' lang='lat' dir='ltr'><strong>uella·</strong></span> 
     </span>
     <span class='ocr_line' id='line_1_12' title="bbox 65 1213 1042 1290; baseline 0 -18"><span class='ocrx_word' id='word_1_81' title='bbox 65 1233 133 1273; x_wconf 86' lang='lat' dir='ltr'><strong>rem</strong></span> <span class='ocrx_word' id='word_1_82' title='bbox 157 1232 298 1274; x_wconf 84' lang='lat' dir='ltr'><strong>coronam</strong></span> <span class='ocrx_word' id='word_1_83' title='bbox 319 1215 514 1290; x_wconf 89' lang='lat' dir='ltr'><strong>proponeret,</strong></span> <span class='ocrx_word' id='word_1_84' title='bbox 537 1232 624 1273; x_wconf 88' lang='lat' dir='ltr'><strong>nemo</strong></span> <span class='ocrx_word' id='word_1_85' title='bbox 648 1213 720 1287; x_wconf 85' lang='lat' dir='ltr'><strong>fuit,</strong></span> <span class='ocrx_word' id='word_1_86' title='bbox 747 1215 798 1290; x_wconf 92' lang='lat' dir='ltr'><strong>qui</strong></span> <span class='ocrx_word' id='word_1_87' title='bbox 820 1233 885 1274; x_wconf 84' lang='lat' dir='ltr'><strong>cam</strong></span> <span class='ocrx_word' id='word_1_88' title='bbox 902 1213 959 1274; x_wconf 89' lang='lat' dir='ltr'><strong>sibi</strong></span> <span class='ocrx_word' id='word_1_89' title='bbox 974 1213 1042 1273; x_wconf 92' lang='lat' dir='ltr'><strong>uin-</strong></span> 
     </span>
    </p>

    <p class='ocr_par' dir='ltr' id='par_1_5' title="bbox 67 1298 1041 1374">
     <span class='ocr_line' id='line_1_13' title="bbox 67 1298 1041 1374; baseline -0.001 -18"><span class='ocrx_word' id='word_1_90' title='bbox 67 1298 198 1371; x_wconf 78' lang='lat' dir='ltr'><strong>dicaret,</strong></span> <span class='ocrx_word' id='word_1_91' title='bbox 227 1299 438 1374; x_wconf 79' lang='lat' dir='ltr'><strong>cognitumque</strong></span> <span class='ocrx_word' id='word_1_92' title='bbox 467 1301 513 1358; x_wconf 90' lang='lat' dir='ltr'><strong>est</strong></span> <span class='ocrx_word' id='word_1_93' title='bbox 535 1299 661 1358; x_wconf 87' lang='lat' dir='ltr'><strong>Martem</strong></span> <span class='ocrx_word' id='word_1_94' title='bbox 691 1300 755 1358; x_wconf 91' lang='lat' dir='ltr'><strong>tum</strong></span> <span class='ocrx_word' id='word_1_95' title='bbox 778 1299 891 1374; x_wconf 90' lang='lat' dir='ltr'><strong>populo</strong></span> <span class='ocrx_word' id='word_1_96' title='bbox 914 1316 967 1359; x_wconf 91' lang='lat' dir='ltr'><strong>suo</strong></span> <span class='ocrx_word' id='word_1_97' title='bbox 991 1298 1041 1356; x_wconf 87' lang='lat' dir='ltr'><strong>ed-</strong></span> 
     </span>
    </p>

    <p class='ocr_par' dir='ltr' id='par_1_6' title="bbox 68 1382 464 1442">
     <span class='ocr_line' id='line_1_14' title="bbox 68 1382 464 1442; baseline 0 -1"><span class='ocrx_word' id='word_1_98' title='bbox 68 1382 175 1442; x_wconf 88' lang='lat' dir='ltr'><strong>fuisse.</strong></span> <span class='ocrx_word' id='word_1_99' title='bbox 461 1405 464 1412; x_wconf 70' lang='grc'><strong>’</strong></span> 
     </span>
    </p>

    <p class='ocr_par' dir='ltr' id='par_1_7' title="bbox 135 1464 1074 1543">
     <span class='ocr_line' id='line_1_15' title="bbox 135 1464 1074 1543; baseline 0 -17"><span class='ocrx_word' id='word_1_100' title='bbox 135 1464 169 1526; x_wconf 84' lang='lat'><strong>0.</strong></span> <span class='ocrx_word' id='word_1_101' title='bbox 199 1464 332 1538; x_wconf 81' lang='lat' dir='ltr'><strong>Cassius,</strong></span> <span class='ocrx_word' id='word_1_102' title='bbox 366 1484 433 1525; x_wconf 94' lang='lat' dir='ltr'><strong>cum</strong></span> <span class='ocrx_word' id='word_1_103' title='bbox 466 1467 499 1526; x_wconf 93' lang='lat' dir='ltr'><strong>in</strong></span> <span class='ocrx_word' id='word_1_104' title='bbox 527 1467 588 1527; x_wconf 85' lang='lat' dir='ltr'><strong>acie</strong></span> <span class='ocrx_word' id='word_1_105' title='bbox 615 1466 801 1543; x_wconf 86' lang='lat' dir='ltr'><strong>Philippensi</strong></span> <span class='ocrx_word' id='word_1_106' title='bbox 829 1465 1074 1527; x_wconf 74' lang='lat' dir='ltr'><strong>ardentissimos</strong></span> 
     </span>
    </p>

    <p class='ocr_par' dir='ltr' id='par_1_8' title="bbox 25 1550 1040 1964">
     <span class='ocr_line' id='line_1_16' title="bbox 25 1550 1040 1625; baseline 0.002 -17"><span class='ocrx_word' id='word_1_107' title='bbox 25 1566 54 1608; x_wconf 82' lang='lat'><strong>15</strong></span> <span class='ocrx_word' id='word_1_108' title='bbox 69 1550 171 1610; x_wconf 83' lang='lat' dir='ltr'><strong>animo</strong></span> <span class='ocrx_word' id='word_1_109' title='bbox 206 1551 356 1625; x_wconf 76' lang='lat' dir='ltr'><strong>perstaret</strong></span> <span class='ocrx_word' id='word_1_110' title='bbox 382 1551 525 1611; x_wconf 86' lang='lat' dir='ltr'><strong>aduersus</strong></span> <span class='ocrx_word' id='word_1_111' title='bbox 554 1550 767 1624; x_wconf 83' lang='lat' dir='ltr'><strong>Octauianum,</strong></span> <span class='ocrx_word' id='word_1_112' title='bbox 800 1552 878 1611; x_wconf 89' lang='lat' dir='ltr'><strong>uidit</strong></span> <span class='ocrx_word' id='word_1_113' title='bbox 910 1552 1040 1611; x_wconf 85' lang='lat' dir='ltr'><strong>humano</strong></span> 
     </span>
     <span class='ocr_line' id='line_1_17' title="bbox 69 1633 1039 1712; baseline 0.001 -18"><span class='ocrx_word' id='word_1_114' title='bbox 69 1634 177 1694; x_wconf 86' lang='lat' dir='ltr'><strong>habitu</strong></span> <span class='ocrx_word' id='word_1_115' title='bbox 199 1634 402 1710; x_wconf 83' lang='lat' dir='ltr'><strong>augustiorem</strong></span> <span class='ocrx_word' id='word_1_116' title='bbox 425 1633 455 1697; x_wconf 80' lang='lat'><strong>0.</strong></span> <span class='ocrx_word' id='word_1_117' title='bbox 480 1634 632 1696; x_wconf 86' lang='lat' dir='ltr'><strong>Caesarem</strong></span> <span class='ocrx_word' id='word_1_118' title='bbox 654 1654 806 1712; x_wconf 86' lang='lat' dir='ltr'><strong>purpureo</strong></span> <span class='ocrx_word' id='word_1_119' title='bbox 829 1635 1039 1712; x_wconf 86' lang='lat' dir='ltr'><strong>paludamento</strong></span> 
     </span>
     <span class='ocr_line' id='line_1_18' title="bbox 71 1719 1040 1797; baseline 0.002 -20"><span class='ocrx_word' id='word_1_120' title='bbox 71 1719 227 1795; x_wconf 79' lang='lat' dir='ltr'><strong>amictum,</strong></span> <span class='ocrx_word' id='word_1_121' title='bbox 252 1719 397 1779; x_wconf 84' lang='lat' dir='ltr'><strong>concitato</strong></span> <span class='ocrx_word' id='word_1_122' title='bbox 420 1738 497 1796; x_wconf 90' lang='lat' dir='ltr'><strong>equo</strong></span> <span class='ocrx_word' id='word_1_123' title='bbox 519 1721 551 1780; x_wconf 92' lang='lat' dir='ltr'><strong>in</strong></span> <span class='ocrx_word' id='word_1_124' title='bbox 566 1739 604 1779; x_wconf 85' lang='lat' dir='ltr'><strong>se</strong></span> <span class='ocrx_word' id='word_1_125' title='bbox 627 1723 758 1781; x_wconf 88' lang='lat' dir='ltr'><strong>euntem.</strong></span> <span class='ocrx_word' id='word_1_126' title='bbox 792 1721 894 1797; x_wconf 86' lang='lat' dir='ltr'><strong>itaque</strong></span> <span class='ocrx_word' id='word_1_127' title='bbox 916 1720 1040 1779; x_wconf 87' lang='lat' dir='ltr'><strong>territus</strong></span> 
     </span>
     <span class='ocr_line' id='line_1_19' title="bbox 71 1804 1040 1882; baseline -0.002 -18"><span class='ocrx_word' id='word_1_128' title='bbox 71 1805 175 1864; x_wconf 89' lang='lat' dir='ltr'><strong>statim</strong></span> <span class='ocrx_word' id='word_1_129' title='bbox 198 1807 283 1880; x_wconf 82' lang='lat' dir='ltr'><strong>terge</strong></span> <span class='ocrx_word' id='word_1_130' title='bbox 298 1804 403 1882; x_wconf 86' lang='lat' dir='ltr'><strong>uertit,</strong></span> <span class='ocrx_word' id='word_1_131' title='bbox 426 1805 480 1863; x_wconf 84' lang='lat' dir='ltr'><strong>illu</strong></span> <span class='ocrx_word' id='word_1_132' title='bbox 494 1823 567 1864; x_wconf 91' lang='lat' dir='ltr'><strong>uoce</strong></span> <span class='ocrx_word' id='word_1_133' title='bbox 581 1805 675 1864; x_wconf 87' lang='lat' dir='ltr'><strong>edita:</strong></span> <span class='ocrx_word' id='word_1_134' title='bbox 700 1804 783 1881; x_wconf 86' lang='lat' dir='ltr'><strong>‘quid</strong></span> <span class='ocrx_word' id='word_1_135' title='bbox 799 1805 927 1881; x_wconf 89' lang='lat' dir='ltr'><strong>amplius</strong></span> <span class='ocrx_word' id='word_1_136' title='bbox 944 1823 1040 1881; x_wconf 82' lang='lat' dir='ltr'><strong>egam,</strong></span> 
     </span>
     <span class='ocr_line' id='line_1_20' title="bbox 72 1887 500 1964; baseline 0 -14"><span class='ocrx_word' id='word_1_137' title='bbox 72 1889 98 1950; x_wconf 87' lang='lat' dir='ltr'><strong>si</strong></span> <span class='ocrx_word' id='word_1_138' title='bbox 121 1888 264 1950; x_wconf 89' lang='lat' dir='ltr'><strong>occidisse</strong></span> <span class='ocrx_word' id='word_1_139' title='bbox 286 1907 393 1964; x_wconf 87' lang='lat' dir='ltr'><strong>parum</strong></span> <span class='ocrx_word' id='word_1_140' title='bbox 415 1887 500 1950; x_wconf 77' lang='lat' dir='ltr'><strong>estl&#39;</strong></span> 
     </span>
    </p>

    <p class='ocr_par' dir='ltr' id='par_1_9' title="bbox 30 1971 1076 2303">
     <span class='ocr_line' id='line_1_21' title="bbox 30 1971 1076 2052; baseline 0.001 -21"><span class='ocrx_word' id='word_1_141' title='bbox 30 1992 60 2032; x_wconf 79' lang='lat' dir='ltr'><strong>uo</strong></span> <span class='ocrx_word' id='word_1_142' title='bbox 137 1974 174 2034; x_wconf 86' lang='lat' dir='ltr'><strong>L.</strong></span> <span class='ocrx_word' id='word_1_143' title='bbox 186 1973 334 2034; x_wconf 85' lang='lat' dir='ltr'><strong>Lentulus</strong></span> <span class='ocrx_word' id='word_1_144' title='bbox 356 1974 477 2050; x_wconf 73' lang='lat' dir='ltr'><strong>ignarus</strong></span> <span class='ocrx_word' id='word_1_145' title='bbox 492 1992 577 2034; x_wconf 86' lang='lat' dir='ltr'><strong>casus</strong></span> <span class='ocrx_word' id='word_1_146' title='bbox 590 1972 716 2050; x_wconf 89' lang='lat' dir='ltr'><strong>Pompei</strong></span> <span class='ocrx_word' id='word_1_147' title='bbox 733 1971 794 2052; x_wconf 89' lang='lat' dir='ltr'><strong>[ao]</strong></span> <span class='ocrx_word' id='word_1_148' title='bbox 811 1973 1041 2050; x_wconf 88' lang='lat' dir='ltr'><strong>praeteruehens</strong></span> <span class='ocrx_word' id='word_1_149' title='bbox 1060 1975 1076 2023; x_wconf 82' lang='lat'><strong>9</strong></span> 
     </span>
     <span class='ocr_line' id='line_1_22' title="bbox 74 2058 1041 2136; baseline 0.001 -20"><span class='ocrx_word' id='word_1_150' title='bbox 74 2058 145 2118; x_wconf 93' lang='lat' dir='ltr'><strong>litus</strong></span> <span class='ocrx_word' id='word_1_151' title='bbox 160 2058 346 2136; x_wconf 84' lang='lat' dir='ltr'><strong>Aegyptium</strong></span> <span class='ocrx_word' id='word_1_152' title='bbox 361 2060 427 2119; x_wconf 89' lang='lat' dir='ltr'><strong>uisa</strong></span> <span class='ocrx_word' id='word_1_153' title='bbox 440 2059 575 2135; x_wconf 82' lang='lat' dir='ltr'><strong>flamme,</strong></span> <span class='ocrx_word' id='word_1_154' title='bbox 598 2077 657 2135; x_wconf 86' lang='lat' dir='ltr'><strong>qua</strong></span> <span class='ocrx_word' id='word_1_155' title='bbox 679 2059 839 2135; x_wconf 89' lang='lat' dir='ltr'><strong>Pompeius</strong></span> <span class='ocrx_word' id='word_1_156' title='bbox 860 2058 958 2118; x_wconf 88' lang='lat' dir='ltr'><strong>fuerat</strong></span> <span class='ocrx_word' id='word_1_157' title='bbox 980 2076 1041 2117; x_wconf 85' lang='lat' dir='ltr'><strong>cre·</strong></span> 
     </span>
     <span class='ocr_line' id='line_1_23' title="bbox 73 2142 1042 2220; baseline 0.001 -19"><span class='ocrx_word' id='word_1_158' title='bbox 73 2147 185 2216; x_wconf 89' lang='lat' dir='ltr'><strong>metus,</strong></span> <span class='ocrx_word' id='word_1_159' title='bbox 201 2144 265 2218; x_wconf 85' lang='lat' dir='ltr'><strong>‘qui</strong></span> <span class='ocrx_word' id='word_1_160' title='bbox 280 2144 401 2203; x_wconf 86' lang='lat' dir='ltr'><strong>seimus&#39;</strong></span> <span class='ocrx_word' id='word_1_161' title='bbox 414 2144 526 2220; x_wconf 88' lang='lat' dir='ltr'><strong>inquit,</strong></span> <span class='ocrx_word' id='word_1_162' title='bbox 550 2142 785 2220; x_wconf 88' lang='lat' dir='ltr'><strong>‘conmilitones,</strong></span> <span class='ocrx_word' id='word_1_163' title='bbox 802 2163 839 2203; x_wconf 86' lang='lat' dir='ltr'><strong>en</strong></span> <span class='ocrx_word' id='word_1_164' title='bbox 853 2143 907 2203; x_wconf 87' lang='lat' dir='ltr'><strong>hae</strong></span> <span class='ocrx_word' id='word_1_165' title='bbox 921 2143 1042 2202; x_wconf 85' lang='lat' dir='ltr'><strong>flamma</strong></span> 
     </span>
     <span class='ocr_line' id='line_1_24' title="bbox 76 2225 510 2303; baseline -0.005 -17"><span class='ocrx_word' id='word_1_166' title='bbox 76 2225 130 2286; x_wconf 83' lang='lat' dir='ltr'><strong>(ln.</strong></span> <span class='ocrx_word' id='word_1_167' title='bbox 151 2228 310 2303; x_wconf 85' lang='lat' dir='ltr'><strong>Pompeius</strong></span> <span class='ocrx_word' id='word_1_168' title='bbox 333 2226 510 2288; x_wconf 57' lang='lat' dir='ltr'><strong>cremetur?</strong></span> 
     </span>
    </p>

    <p class='ocr_par' dir='ltr' id='par_1_10' title="bbox 138 2311 1089 2388">
     <span class='ocr_line' id='line_1_25' title="bbox 138 2311 1089 2388; baseline -0.001 -17"><span class='ocrx_word' id='word_1_169' title='bbox 138 2312 255 2387; x_wconf 88' lang='lat' dir='ltr'><strong>Appius</strong></span> <span class='ocrx_word' id='word_1_170' title='bbox 277 2311 356 2371; x_wconf 92' lang='lat' dir='ltr'><strong>bello</strong></span> <span class='ocrx_word' id='word_1_171' title='bbox 379 2312 459 2371; x_wconf 90' lang='lat' dir='ltr'><strong>ciuili</strong></span> <span class='ocrx_word' id='word_1_172' title='bbox 482 2329 550 2370; x_wconf 92' lang='lat' dir='ltr'><strong>cum</strong></span> <span class='ocrx_word' id='word_1_173' title='bbox 572 2329 602 2372; x_wconf 88' lang='lat' dir='ltr'><strong>se</strong></span> <span class='ocrx_word' id='word_1_174' title='bbox 625 2312 788 2373; x_wconf 88' lang='lat' dir='ltr'><strong>subducere</strong></span> <span class='ocrx_word' id='word_1_175' title='bbox 811 2313 977 2388; x_wconf 85' lang='lat' dir='ltr'><strong>quaereret,</strong></span> <span class='ocrx_word' id='word_1_176' title='bbox 1001 2312 1038 2371; x_wconf 89' lang='lat' dir='ltr'><strong>de</strong></span> <span class='ocrx_word' id='word_1_177' title='bbox 1058 2313 1089 2362; x_wconf 92' lang='lat'><strong>10</strong></span> 
     </span>
    </p>

    <p class='ocr_par' dir='ltr' id='par_1_11' title="bbox 35 2395 1043 2710">
     <span class='ocr_line' id='line_1_26' title="bbox 35 2395 1043 2472; baseline 0.001 -18"><span class='ocrx_word' id='word_1_178' title='bbox 35 2411 64 2454; x_wconf 80' lang='lat' dir='ltr'><strong>eo</strong></span> <span class='ocrx_word' id='word_1_179' title='bbox 78 2415 112 2457; x_wconf 86' lang='lat' dir='ltr'><strong>ea</strong></span> <span class='ocrx_word' id='word_1_180' title='bbox 137 2414 169 2454; x_wconf 89' lang='lat' dir='ltr'><strong>re</strong></span> <span class='ocrx_word' id='word_1_181' title='bbox 195 2397 332 2456; x_wconf 91' lang='lat' dir='ltr'><strong>consulto</strong></span> <span class='ocrx_word' id='word_1_182' title='bbox 354 2395 494 2471; x_wconf 87' lang='lat' dir='ltr'><strong>Apolline</strong></span> <span class='ocrx_word' id='word_1_183' title='bbox 523 2396 584 2455; x_wconf 86' lang='lat' dir='ltr'><strong>tale</strong></span> <span class='ocrx_word' id='word_1_184' title='bbox 607 2397 719 2472; x_wconf 87' lang='lat' dir='ltr'><strong>ecoepit</strong></span> <span class='ocrx_word' id='word_1_185' title='bbox 740 2414 932 2472; x_wconf 86' lang='lat' dir='ltr'><strong>responsum:</strong></span> <span class='ocrx_word' id='word_1_186' title='bbox 956 2395 1043 2456; x_wconf 87' lang='lat' dir='ltr'><strong>‘nihil</strong></span> 
     </span>
     <span class='ocr_line' id='line_1_27' title="bbox 78 2479 1041 2556; baseline -0.002 -16"><span class='ocrx_word' id='word_1_187' title='bbox 78 2481 132 2540; x_wconf 93' lang='lat' dir='ltr'><strong>hoo</strong></span> <span class='ocrx_word' id='word_1_188' title='bbox 153 2480 190 2539; x_wconf 85' lang='lat' dir='ltr'><strong>ed</strong></span> <span class='ocrx_word' id='word_1_189' title='bbox 212 2482 258 2553; x_wconf 92' lang='lat' dir='ltr'><strong>te,</strong></span> <span class='ocrx_word' id='word_1_190' title='bbox 281 2479 429 2556; x_wconf 79' lang='lat' dir='ltr'><strong>Romane,</strong></span> <span class='ocrx_word' id='word_1_191' title='bbox 453 2479 580 2540; x_wconf 89' lang='lat' dir='ltr'><strong>bellum:</strong></span> <span class='ocrx_word' id='word_1_192' title='bbox 602 2481 743 2541; x_wconf 80' lang='lat' dir='ltr'><strong>Euboeae</strong></span> <span class='ocrx_word' id='word_1_193' title='bbox 766 2480 847 2541; x_wconf 89' lang='lat' dir='ltr'><strong>coele</strong></span> <span class='ocrx_word' id='word_1_194' title='bbox 869 2480 1041 2556; x_wconf 89' lang='lat' dir='ltr'><strong>optinebis&#39;.</strong></span> 
     </span>
     <span class='ocr_line' id='line_1_28' title="bbox 80 2563 1043 2642; baseline -0.001 -19"><span class='ocrx_word' id='word_1_195' title='bbox 80 2565 143 2642; x_wconf 89' lang='lat' dir='ltr'><strong>qui,</strong></span> <span class='ocrx_word' id='word_1_196' title='bbox 177 2583 244 2626; x_wconf 89' lang='lat' dir='ltr'><strong>oum</strong></span> <span class='ocrx_word' id='word_1_197' title='bbox 271 2564 423 2640; x_wconf 86' lang='lat' dir='ltr'><strong>regionem</strong></span> <span class='ocrx_word' id='word_1_198' title='bbox 446 2563 583 2623; x_wconf 80' lang='lat' dir='ltr'><strong>Euboeae</strong></span> <span class='ocrx_word' id='word_1_199' title='bbox 606 2565 663 2624; x_wconf 91' lang='lat' dir='ltr'><strong>sibi</strong></span> <span class='ocrx_word' id='word_1_200' title='bbox 684 2570 703 2636; x_wconf 90' lang='lat'>†</span> <span class='ocrx_word' id='word_1_201' title='bbox 724 2565 941 2641; x_wconf 82' lang='lat' dir='ltr'><strong>proposuisset,</strong></span> <span class='ocrx_word' id='word_1_202' title='bbox 975 2581 1043 2639; x_wconf 90' lang='lat' dir='ltr'><strong>pro-</strong></span> 
     </span>
     <span class='ocr_line' id='line_1_29' title="bbox 79 2648 536 2710; baseline -0.007 0"><span class='ocrx_word' id='word_1_203' title='bbox 79 2651 172 2710; x_wconf 82' lang='lat' dir='ltr'><strong>fectus</strong></span> <span class='ocrx_word' id='word_1_204' title='bbox 193 2649 246 2709; x_wconf 94' lang='lat' dir='ltr'><strong>illo</strong></span> <span class='ocrx_word' id='word_1_205' title='bbox 269 2651 365 2708; x_wconf 90' lang='lat' dir='ltr'><strong>morte</strong></span> <span class='ocrx_word' id='word_1_206' title='bbox 386 2648 536 2709; x_wconf 90' lang='lat' dir='ltr'><strong>occubuit.</strong></span> 
     </span>
    </p>
   </div>
   <div class='ocr_carea' id='block_1_3' title="bbox 78 2809 1044 3356">
    <p class='ocr_par' dir='ltr' id='par_1_12' title="bbox 78 2809 1044 3356">
     <span class='ocr_line' id='line_1_30' title="bbox 145 2809 1044 2880; baseline -0.004 -13"><span class='ocrx_word' id='word_1_207' title='bbox 145 2819 160 2867; x_wconf 83' lang='grc'>3</span> <span class='ocrx_word' id='word_1_208' title='bbox 178 2811 295 2867; x_wconf 81' lang='lat' dir='ltr'><strong>etruscis</strong></span> <span class='ocrx_word' id='word_1_209' title='bbox 312 2827 347 2865; x_wconf 84' lang='lat' dir='ltr'><strong>m.</strong></span> <span class='ocrx_word' id='word_1_210' title='bbox 359 2812 401 2880; x_wconf 74' lang='grc'><strong>211</strong></span> <span class='ocrx_word' id='word_1_211' title='bbox 418 2809 502 2865; x_wconf 81' lang='lat' dir='ltr'><strong>cedet</strong></span> <span class='ocrx_word' id='word_1_212' title='bbox 519 2809 560 2866; x_wconf 75' lang='lat' dir='ltr'><strong>sic</strong></span> <span class='ocrx_word' id='word_1_213' title='bbox 576 2825 634 2864; x_wconf 74' lang='lat' dir='ltr'><strong>uon</strong></span> <span class='ocrx_word' id='word_1_214' title='bbox 650 2824 718 2866; x_wconf 71' lang='lat' dir='ltr'><strong>cerr.</strong></span> <span class='ocrx_word' id='word_1_215' title='bbox 741 2811 751 2879; x_wconf 77' lang='lat' dir='ltr'><strong>ll</strong></span> <span class='ocrx_word' id='word_1_216' title='bbox 773 2812 802 2865; x_wconf 89' lang='lat' dir='ltr'><strong>et</strong></span> <span class='ocrx_word' id='word_1_217' title='bbox 818 2811 910 2864; x_wconf 87' lang='lat' dir='ltr'><strong>uictor</strong></span> <span class='ocrx_word' id='word_1_218' title='bbox 930 2811 941 2880; x_wconf 76' lang='lat' dir='ltr'>ss</span> <span class='ocrx_word' id='word_1_219' title='bbox 963 2815 978 2864; x_wconf 81' lang='grc'><strong>7</strong></span> <span class='ocrx_word' id='word_1_220' title='bbox 996 2809 1044 2863; x_wconf 90' lang='lat' dir='ltr'><strong>de·</strong></span> 
     </span>
     <span class='ocr_line' id='line_1_31' title="bbox 82 2876 1044 2958; baseline -0.002 -24"><span class='ocrx_word' id='word_1_221' title='bbox 82 2880 214 2950; x_wconf 88' lang='lat' dir='ltr'><strong>penderet</strong></span> <span class='ocrx_word' id='word_1_222' title='bbox 230 2895 264 2937; x_wconf 86' lang='lat' dir='ltr'><strong>m.</strong></span> <span class='ocrx_word' id='word_1_223' title='bbox 277 2883 293 2934; x_wconf 89' lang='lat'><strong><em>1</em></strong></span> <span class='ocrx_word' id='word_1_224' title='bbox 306 2880 344 2948; x_wconf 83' lang='grc'><strong>119</strong></span> <span class='ocrx_word' id='word_1_225' title='bbox 362 2880 470 2933; x_wconf 89' lang='lat' dir='ltr'><strong>iactum</strong></span> <span class='ocrx_word' id='word_1_226' title='bbox 487 2883 569 2944; x_wconf 85' lang='lat' dir='ltr'><strong>m.1;</strong></span> <span class='ocrx_word' id='word_1_227' title='bbox 586 2893 655 2933; x_wconf 81' lang='lat' dir='ltr'><strong>corr.</strong></span> <span class='ocrx_word' id='word_1_228' title='bbox 674 2879 706 2932; x_wconf 81' lang='lat' dir='ltr'><strong>in</strong></span> <span class='ocrx_word' id='word_1_229' title='bbox 723 2894 785 2933; x_wconf 83' lang='lat' dir='ltr'><strong>mar</strong></span> <span class='ocrx_word' id='word_1_230' title='bbox 802 2879 882 2958; x_wconf 71' lang='lat'>.[[10</span> <span class='ocrx_word' id='word_1_231' title='bbox 899 2876 978 2947; x_wconf 89' lang='lat' dir='ltr'><strong>nam]</strong></span> <span class='ocrx_word' id='word_1_232' title='bbox 998 2893 1044 2932; x_wconf 82' lang='lat' dir='ltr'><strong>cc·</strong></span> 
     </span>
     <span class='ocr_line' id='line_1_32' title="bbox 78 2893 1043 3067; baseline -0.002 -65"><span class='ocrx_word' id='word_1_233' title='bbox 78 2952 164 3017; x_wconf 82' lang='lat' dir='ltr'><strong>pectes</strong></span> <span class='ocrx_word' id='word_1_234' title='bbox 185 2947 260 3016; x_wconf 88' lang='lat' dir='ltr'><strong>quod</strong></span> <span class='ocrx_word' id='word_1_235' title='bbox 283 2946 293 3014; x_wconf 84' lang='grc' dir='ltr'><strong>ΙΙ</strong></span> <span class='ocrx_word' id='word_1_236' title='bbox 320 2953 348 3001; x_wconf 92' lang='grc'><strong>11</strong></span> <span class='ocrx_word' id='word_1_237' title='bbox 372 2947 516 3014; x_wconf 84' lang='lat' dir='ltr'><strong>coronam]</strong></span> <span class='ocrx_word' id='word_1_238' title='bbox 540 2946 607 3003; x_wconf 81' lang='lat' dir='ltr'><strong><em>add.</em></strong></span> <span class='ocrx_word' id='word_1_239' title='bbox 626 2893 837 3067; x_wconf 50' lang='lat' dir='ltr'><strong>&#39;propugnagon</strong></span> <span class='ocrx_word' id='word_1_240' title='bbox 854 2945 899 2998; x_wconf 91' lang='lat' dir='ltr'><strong>illi</strong></span> <span class='ocrx_word' id='word_1_241' title='bbox 917 2944 1043 3024; x_wconf 55' lang='lat' dir='ltr'><strong>(beowii</strong></span> 
     </span>
     <span class='ocr_line' id='line_1_33' title="bbox 84 3012 1044 3083; baseline 0 -15"><span class='ocrx_word' id='word_1_242' title='bbox 84 3021 113 3069; x_wconf 79' lang='lat'><strong>12</strong></span> <span class='ocrx_word' id='word_1_243' title='bbox 130 3016 189 3067; x_wconf 85' lang='lat' dir='ltr'><strong>tum</strong></span> <span class='ocrx_word' id='word_1_244' title='bbox 205 3013 306 3078; x_wconf 86' lang='lat' dir='ltr'><strong>Halm,</strong></span> <span class='ocrx_word' id='word_1_245' title='bbox 326 3031 389 3068; x_wconf 93' lang='lat' dir='ltr'><strong>cum</strong></span> <span class='ocrx_word' id='word_1_246' title='bbox 408 3015 476 3080; x_wconf 80' lang='lat' dir='ltr'><strong>cod„</strong></span> <span class='ocrx_word' id='word_1_247' title='bbox 494 3015 562 3068; x_wconf 91' lang='lat' dir='ltr'><strong>tunc</strong></span> <span class='ocrx_word' id='word_1_248' title='bbox 582 3012 642 3067; x_wconf 87' lang='lat' dir='ltr'><strong>Va.</strong></span> <span class='ocrx_word' id='word_1_249' title='bbox 656 3013 666 3082; x_wconf 90' lang='grc' dir='ltr'><strong>ΙΙ</strong></span> <span class='ocrx_word' id='word_1_250' title='bbox 680 3018 711 3066; x_wconf 81' lang='grc'><strong>14</strong></span> <span class='ocrx_word' id='word_1_251' title='bbox 729 3012 925 3083; x_wconf 73' lang='lat' dir='ltr'><strong>philippsensr</strong></span> <span class='ocrx_word' id='word_1_252' title='bbox 959 3019 993 3068; x_wconf 74' lang='lat'><strong>20</strong></span> <span class='ocrx_word' id='word_1_253' title='bbox 1011 3028 1044 3068; x_wconf 82' lang='lat' dir='ltr'><strong>ac</strong></span> 
     </span>
     <span class='ocr_line' id='line_1_34' title="bbox 84 3081 1041 3151; baseline -0.003 -14"><span class='ocrx_word' id='word_1_254' title='bbox 84 3081 132 3138; x_wconf 83' lang='lat' dir='ltr'><strong>del.</strong></span> <span class='ocrx_word' id='word_1_255' title='bbox 151 3081 232 3136; x_wconf 70' lang='lat' dir='ltr'><strong>Gertz</strong></span> <span class='ocrx_word' id='word_1_256' title='bbox 243 3097 274 3150; x_wconf 85' lang='lat' dir='ltr'><strong>p.</strong></span> <span class='ocrx_word' id='word_1_257' title='bbox 287 3084 343 3136; x_wconf 71' lang='lat'><strong>264</strong></span> <span class='ocrx_word' id='word_1_258' title='bbox 362 3083 372 3151; x_wconf 89' lang='grc' dir='ltr'><strong>ΙΙ</strong></span> <span class='ocrx_word' id='word_1_259' title='bbox 393 3089 426 3136; x_wconf 80' lang='lat'><strong>24</strong></span> <span class='ocrx_word' id='word_1_260' title='bbox 445 3081 480 3135; x_wconf 90' lang='lat' dir='ltr'><strong>de</strong></span> <span class='ocrx_word' id='word_1_261' title='bbox 499 3097 534 3136; x_wconf 87' lang='lat' dir='ltr'><strong>ea</strong></span> <span class='ocrx_word' id='word_1_262' title='bbox 550 3097 581 3136; x_wconf 88' lang='lat' dir='ltr'><strong>re</strong></span> <span class='ocrx_word' id='word_1_263' title='bbox 601 3081 714 3147; x_wconf 60' lang='lat' dir='ltr'><strong>(lecet,</strong></span> <span class='ocrx_word' id='word_1_264' title='bbox 733 3081 837 3136; x_wconf 87' lang='lat' dir='ltr'><strong>scelere</strong></span> <span class='ocrx_word' id='word_1_265' title='bbox 855 3081 913 3138; x_wconf 81' lang='lat' dir='ltr'><strong>cod.</strong></span> <span class='ocrx_word' id='word_1_266' title='bbox 963 3081 1019 3135; x_wconf 85' lang='lat' dir='ltr'><strong>alm</strong></span> <span class='ocrx_word' id='word_1_267' title='bbox 1031 3081 1041 3150; x_wconf 75' lang='grc'><strong>11</strong></span> 
     </span>
     <span class='ocr_line' id='line_1_35' title="bbox 84 3149 1044 3272; baseline -0.001 -67"><span class='ocrx_word' id='word_1_268' title='bbox 84 3155 114 3205; x_wconf 76' lang='lat'><strong>26</strong></span> <span class='ocrx_word' id='word_1_269' title='bbox 133 3149 244 3204; x_wconf 72' lang='lat' dir='ltr'><strong>eubore</strong></span> <span class='ocrx_word' id='word_1_270' title='bbox 257 3150 359 3272; x_wconf 36' lang='lat' dir='ltr'><strong>{caelu</strong></span> <span class='ocrx_word' id='word_1_271' title='bbox 375 3166 411 3204; x_wconf 86' lang='lat' dir='ltr'><strong>m.</strong></span> <span class='ocrx_word' id='word_1_272' title='bbox 424 3155 440 3204; x_wconf 89' lang='lat'><strong><em>1</em></strong></span> <span class='ocrx_word' id='word_1_273' title='bbox 453 3151 463 3219; x_wconf 78' lang='grc' dir='ltr'><strong>ΙΙ</strong></span> <span class='ocrx_word' id='word_1_274' title='bbox 476 3149 619 3204; x_wconf 89' lang='lat' dir='ltr'><strong>obtinebis</strong></span> <span class='ocrx_word' id='word_1_275' title='bbox 631 3149 718 3227; x_wconf 77' lang='lat' dir='ltr'><strong>Halm</strong></span> <span class='ocrx_word' id='word_1_276' title='bbox 731 3149 741 3218; x_wconf 90' lang='grc' dir='ltr'><strong>ΙΙ</strong></span> <span class='ocrx_word' id='word_1_277' title='bbox 754 3155 786 3204; x_wconf 74' lang='grc'><strong>21</strong></span> <span class='ocrx_word' id='word_1_278' title='bbox 804 3149 949 3226; x_wconf 78' lang='lat' dir='ltr'><strong>regionem</strong></span> <span class='ocrx_word' id='word_1_279' title='bbox 962 3149 1044 3204; x_wconf 68' lang='lat' dir='ltr'><strong>Gertz</strong></span> 
     </span>
     <span class='ocr_line' id='line_1_36' title="bbox 79 3215 1044 3289; baseline -0.003 -16"><span class='ocrx_word' id='word_1_280' title='bbox 79 3234 109 3289; x_wconf 84' lang='lat' dir='ltr'><strong>p.</strong></span> <span class='ocrx_word' id='word_1_281' title='bbox 121 3220 172 3273; x_wconf 75' lang='lat'><strong>264</strong></span> <span class='ocrx_word' id='word_1_282' title='bbox 189 3233 203 3271; x_wconf 85' lang='lat' dir='ltr'><strong>c</strong></span> <span class='ocrx_word' id='word_1_283' title='bbox 218 3215 260 3272; x_wconf 83' lang='lat' dir='ltr'><strong>Va</strong></span> <span class='ocrx_word' id='word_1_284' title='bbox 273 3256 290 3283; x_wconf 90' lang='lat'><strong>.,</strong></span> <span class='ocrx_word' id='word_1_285' title='bbox 317 3233 435 3288; x_wconf 78' lang='lat' dir='ltr'><strong>regnum</strong></span> <span class='ocrx_word' id='word_1_286' title='bbox 455 3217 514 3274; x_wconf 74' lang='lat' dir='ltr'><strong>coe.</strong></span> <span class='ocrx_word' id='word_1_287' title='bbox 530 3217 618 3272; x_wconf 82' lang='lat' dir='ltr'><strong>Halm</strong></span> <span class='ocrx_word' id='word_1_288' title='bbox 638 3219 649 3287; x_wconf 79' lang='grc'><strong>11</strong></span> <span class='ocrx_word' id='word_1_289' title='bbox 670 3216 724 3272; x_wconf 81' lang='lat' dir='ltr'><strong>sibi</strong></span> <span class='ocrx_word' id='word_1_290' title='bbox 741 3217 873 3285; x_wconf 81' lang='lat' dir='ltr'><strong>portendi</strong></span> <span class='ocrx_word' id='word_1_291' title='bbox 891 3217 1044 3273; x_wconf 85' lang='lat' dir='ltr'><strong>censuisset</strong></span> 
     </span>
     <span class='ocr_line' id='line_1_37' title="bbox 84 3282 952 3356; baseline -0.007 -12"><span class='ocrx_word' id='word_1_292' title='bbox 84 3301 137 3354; x_wconf 83' lang='lat' dir='ltr'><strong>uos,</strong></span> <span class='ocrx_word' id='word_1_293' title='bbox 153 3285 198 3342; x_wconf 79' lang='lat' dir='ltr'><strong>sed</strong></span> <span class='ocrx_word' id='word_1_294' title='bbox 215 3285 314 3342; x_wconf 77' lang='lat' dir='ltr'><strong>melius</strong></span> <span class='ocrx_word' id='word_1_295' title='bbox 330 3302 407 3343; x_wconf 74' lang='lat' dir='ltr'><strong>nuuc</strong></span> <span class='ocrx_word' id='word_1_296' title='bbox 423 3285 478 3340; x_wconf 87' lang='lat' dir='ltr'><strong>sibi</strong></span> <span class='ocrx_word' id='word_1_297' title='bbox 494 3285 638 3356; x_wconf 88' lang='lat' dir='ltr'><strong>propo&lt;ni</strong></span> <span class='ocrx_word' id='word_1_298' title='bbox 656 3283 832 3356; x_wconf 86' lang='lat' dir='ltr'><strong>oen&gt;suisset</strong></span> <span class='ocrx_word' id='word_1_299' title='bbox 851 3282 952 3348; x_wconf 71' lang='lat' dir='ltr'><strong>Gertz*</strong></span> 
     </span>
    </p>
   </div>
   <div class='ocr_carea' id='block_1_4' title="bbox 0 0 1280 3958">
    <p class='ocr_par' dir='ltr' id='par_1_13' title="bbox 0 0 1280 3958">
     <span class='ocr_line' id='line_1_38' title="bbox 0 0 1280 3958; baseline 0 0"><span class='ocrx_word' id='word_1_300' title='bbox 0 0 1280 3958; x_wconf 95' lang='lat' dir='ltr'><strong> </strong></span> 
     </span>
    </p>
   </div>
  </div>
 </body>
</html>
