2590 3948
452 176 529 234 eAP.
547 176 610 243 v11,
629 183 732 244 sa—r.
1033 181 1074 244 37

105 332 173 407 dito
199 330 314 396 deinde
338 351 424 412 casu,
447 351 510 414 quo
528 329 781 414 conflictabatur,
805 331 1075 414 conprehendisse
1125 369 1128 374 ·

105 417 272 482 dexteram
300 437 391 479 suam
420 436 458 479 ao
480 437 513 480 se
535 415 679 499 proximo
702 414 808 479 lictori
829 416 864 479 in
887 437 1075 482 monumen-

102 506 175 566 tum
204 501 305 585 ipsius
333 499 513 565 ducendum
546 500 732 582 tradidisse,
768 500 852 583 quod
882 501 1002 566 diceret
1029 503 1075 566 ibi

104 607 175 650 esse
205 587 234 650 ei
256 585 398 650 laetioris
427 588 530 649 status
554 606 643 668 spem
671 585 854 668 repositam.
898 607 958 650 nec
980 587 1076 651 aliter

15 725 25 752 ,
103 671 229 736 euenit:
258 691 336 734 nam
364 669 399 733 in
422 669 499 734 aede
520 669 607 734 Iouis
628 667 782 741 Mariana
798 673 929 734 senatus
950 672 1101 736 consul-e

102 763 175 820 tum
199 756 237 819 de
260 755 367 819 reditu
390 757 439 818 est
460 755 528 818 eius
551 753 684 818 factum.

147 841 177 904 6.
213 839 249 906 O.
272 843 378 904 autem
408 839 555 904 Graccho
584 838 773 903 inminentis
803 861 895 904 casus
923 841 1075 904 atrocitas

104 925 216 1010 palam
249 927 344 1008 atque
377 927 487 1007 aperte
524 945 582 1007 per
614 925 754 1008 quietem
788 924 979 989 denuntiata
1011 928 1075 990 est:

102 1030 219 1075 somno
236 1010 322 1074 enim
337 1030 466 1092 pressus
483 1007 604 1073 Tiberii
620 1007 786 1093 [Gracchi]
804 1009 915 1073 fratris
931 1010 1075 1094 effigiem

101 1093 188 1159 uidit
209 1094 346 1158 dicentis
368 1093 430 1157 sibi
451 1093 541 1157 nulla
562 1096 687 1158 ratione
710 1115 783 1158 eum
805 1095 910 1158 uitare
924 1115 1018 1179 posse
1032 1115 1074 1160 ne
1089 1117 1113 1156 ιο

103 1201 142 1244 eo
155 1180 224 1243 fato
235 1180 326 1263 [non]
340 1179 468 1261 periret,
479 1199 543 1262 quo
552 1179 622 1261 ipse
631 1178 809 1243 occidisset.
832 1179 865 1242 id
878 1201 917 1244 ex
929 1179 1075 1244 Graccho

15 1299 20 1306 ·
100 1265 193 1348 prius
210 1285 307 1347 quam
320 1261 530 1342 tribunatum,
553 1263 588 1327 in
609 1285 672 1346 quo
686 1263 866 1327 fraternum
882 1265 1003 1329 exitum
1019 1263 1076 1328 ha·

101 1349 192 1430 buit,
222 1349 320 1412 iniret
348 1348 442 1412 multi
470 1348 648 1411 audierunt.
695 1345 821 1412 Caelius
849 1349 947 1413 etiam
971 1353 1076 1414 certus

102 1432 273 1498 Romanae
301 1433 456 1497 historiae
483 1436 596 1496 auctor
630 1453 810 1496 sermonem
843 1433 882 1497 dc
915 1454 952 1497 ea
979 1433 1076 1498 read

103 1540 182 1582 suas
205 1538 300 1582 aures
322 1517 379 1581 illo
403 1516 508 1581 adhuc
531 1518 606 1581 uiuo
628 1518 812 1600 peruenisse
835 1518 954 1582 scribit.
1090 1540 1115 1580 15

170 1603 200 1666 7.
237 1601 351 1667 Vincit
377 1601 509 1666 huiusce
538 1605 642 1665 somni
671 1601 773 1664 dirum
803 1605 966 1684 aspectum
991 1603 1076 1686 quod

101 1687 297 1770 insequitur.
342 1685 426 1769 apud
448 1686 579 1750 Actium
602 1685 645 1750 M.
667 1687 804 1750 Antonii
826 1687 939 1750 fractis
961 1687 1076 1771 opibus

103 1772 237 1838 Cassius
265 1771 464 1853 Parmensis,
494 1771 548 1854 qui
577 1776 686 1854 partes
717 1771 784 1835 eius
813 1775 940 1835 secutus
962 1772 1076 1856 fuerat,

103 1857 256 1922 Athenas
280 1855 434 1940 confugit.
472 1855 528 1918 ubi
550 1855 708 1920 concubia
723 1859 819 1920 noete
835 1877 908 1920 cum
924 1855 1042 1921 sollicit
1065 1893 1076 1906 ·

102 1942 235 2007 dinibus
257 1944 290 2004 et
311 1941 395 2006 curis
415 1943 523 2005 mente
545 1941 651 2023 sopita
672 1941 707 2004 in
728 1941 843 2005 lectulo
860 1941 985 2021 iaceret,
1010 1942 1075 2006 exi·
1089 1965 1115 2006 ro

103 2026 251 2092 stimauit
273 2026 313 2089 ad
336 2047 369 2089 se
391 2025 503 2089 uenire
531 2025 694 2089 hominem
716 2025 858 2110 ingentis
880 2027 1074 2111 magnitudi·

101 2113 167 2193 nis,
191 2109 308 2175 coloris
324 2110 422 2194 nigri,
438 2109 618 2192 squalidum
634 2110 735 2173 barba
751 2113 783 2174 et
798 2110 914 2194 capillo
930 2111 1073 2195 inmisso,

101 2199 402 2281 interrogatumque
437 2195 584 2278 quisnam
618 2198 701 2259 esset
732 2195 933 2280 respondisse
968 2195 1075 2260 κακὸν

103 2283 262 2364 δαίμονα.
307 2279 494 2362 perterritus
522 2280 635 2343 deinde
662 2283 767 2344 taetro
796 2282 866 2344 uisu
889 2284 922 2344 et
943 2281 1075 2345 nomine

102 2363 266 2430 horrendo
289 2385 397 2428 seruos
413 2362 600 2428 inclamauit
616 2364 860 2448 sciscitatusque
881 2368 931 2429 est
945 2387 1075 2450 ecquem
1089 2387 1115 2427 aa

101 2450 179 2514 talis
208 2449 338 2512 habitus
369 2451 425 2512 aut
457 2450 635 2512 intrantem
669 2449 850 2513 cubiculum
877 2453 933 2514 aut
959 2471 1076 2515 exeun-

102 2539 171 2599 tem
193 2534 361 2598 uidissent.
406 2532 522 2616 quibus
545 2534 788 2598 adfirmantibus
810 2534 971 2598 neminem
999 2536 1076 2601 illuc

156 2693 169 2738 1
184 2701 264 2739 casus
274 2684 310 2737 L¹
325 2686 335 2754 ΙΙ
348 2689 364 2737 4
376 2684 524 2738 laetiorem
534 2684 601 2749 LA,
616 2699 663 2738 em.
672 2685 760 2739 Halm
773 2687 894 2806 omli
903 2687 1007 2740 stactus
1019 2687 1077 2752 (sed

106 2823 170 2884 (sic)
180 2821 218 2874 A¹
233 2821 242 2888 ΙΙ
255 2825 270 2872 6
284 2820 327 2873 est
339 2820 398 2873 eius
409 2819 476 2884 LA,
496 2818 556 2873 eius
573 2827 588 2874 e
605 2820 669 2873 cett.
683 2823 693 2888 ΙΙ
707 2827 721 2874 9
735 2819 855 2874 Gracchi
866 2755 1077 2887 cciiiilaiffdeel?

104 2889 178 2943 lead.
192 2905 246 2942 esse
257 2887 334 2940 uidit
343 2887 524 2941 Kellerbauer
536 2888 545 2955 ΙΙ
560 2893 591 2941 10
604 2887 745 2942 dicentem
755 2889 824 2945 Par.
838 2890 848 2956 ΙΙ
863 2896 891 2940 11
902 2905 959 2941 non
969 2889 1077 2958 periret

106 2957 133 3009 L
146 2973 159 3010 e
170 2957 247 3024 dett,
261 2955 370 3024 periret
377 2955 445 3010 Par.
460 2959 485 3008 et
494 2956 526 3008 e're
538 2955 666 3012 raamae'.
675 2957 712 3020 A,
724 2955 855 3010 interiret
865 2955 970 3010 Gerre*
983 2959 992 3024 ΙΙ
1004 2957 1076 3036 ipse]

103 2770 120 2807 a
137 2771 172 2808 m.
187 2757 244 2807 Μ
267 2767 354 2820 srepra
371 2769 390 2805 u
408 2751 532 2809 emoliit.
554 2755 636 2819 eras.)
654 2752 681 2805 L
693 2752 732 2821 115
750 2753 847 2808 aedem

15 3076 17 3080 .
104 3024 172 3081 add.
188 3021 336 3092 propulsus
348 3039 362 3078 e
376 3025 404 3090 (a
415 3023 497 3088 Pur.)
511 3021 644 3090 capitolio
657 3017 751 3092 inaryo
764 3024 791 3077 A
804 3041 817 3078 e
828 3025 905 3086 Par,
921 3041 991 3092 quae
1003 3041 1075 3078 eece·

104 3093 177 3146 disse
193 3091 253 3146 uid.
268 3091 300 3143 ire
313 3089 373 3144 Vae
393 3093 397 3158 Ι
411 3097 443 3144 13
460 3091 566 3143 inirent
578 3090 659 3142 L¹A¹
673 3091 682 3158 ss
696 3097 727 3144 16
746 3091 846 3146 somnii
857 3094 896 3145 Α2
909 3093 918 3159 ΙΙ
932 3099 963 3144 ‘21
985 3092 1074 3145 homi·

103 3175 169 3212 nem
182 3161 221 3212 A²
235 3164 260 3213 et
271 3175 358 3228 mare.
406 3199 413 3220 ,
432 3157 562 3210 homine*
580 3159 637 3220 (sed
656 3174 671 3210 e
689 3159 804 3226 adraso)
818 3160 857 3224 L,
875 3159 996 3212 hominis
1008 3161 1046 3212 A¹
1062 3161 1073 3228 ll

106 3233 139 3282 23
152 3226 331 3296 respondisse
349 3227 448 3293 (ultim.
463 3242 478 3278 e
497 3241 559 3280 eum
571 3228 637 3293 ras.)
648 3226 707 3279 LA
720 3227 729 3294 ΙΙ
744 3227 864 3282 ΚΑΚωΝ
883 3229 1034 3283 ΔΕΜΟΝΑ
1048 3228 1076 3281 L

106 3301 130 3349 et
140 3311 211 3350 corr.
224 3295 258 3348 e'n
269 3310 355 3363 merc.
367 3295 427 3348 ΔΑΙ
440 3295 468 3346 A
480 3295 489 3362 ΙΙ
503 3299 536 3346 24
548 3295 641 3347 taetro
653 3309 747 3363 maroc
760 3294 786 3347 L
800 3299 825 3349 et
842 3294 917 3363 deu,
936 3296 1028 3349 tracto
1038 3296 1074 3362 L,

107 3363 209 3416 iterato
224 3363 266 3428 (ire
278 3378 333 3417 ras.
350 3367 375 3414 et
387 3362 440 3415 litt.
458 3363 488 3414 to
507 3366 585 3415 extre
602 3363 724 3429 uersum)
736 3364 763 3414 A
775 3362 786 3430 ΙΙ
798 3363 911 3416 nomine
928 3363 1008 3431 LA1,
1026 3364 1075 3417 ho-

106 3431 182 3484 mine
195 3430 243 3498 A²‚
263 3447 301 3483 are
320 3429 430 3484 omine?
448 3429 520 3483 male
531 3429 619 3482 Halm
633 3431 642 3496 ΙΙ
655 3436 688 3482 25
700 3429 866 3483 inclamauit
885 3431 947 3499 (litt.
968 3433 1076 3487 amauit

104 3499 137 3551 ire
153 3504 222 3564 rus.)
241 3497 268 3550 A
285 3498 295 3566 ΙΙ
312 3497 495 3564 sciscitatosq.
514 3497 593 3549 L¹A¹
612 3498 621 3565 ΙΙ
639 3512 757 3564 ecquem
777 3501 815 3564 Γ,
833 3513 957 3566 ecquem
975 3499 1017 3567 L,
1045 3501 1075 3552 et

106 3581 189 3633 quem
207 3567 254 3630 A',
275 3582 311 3618 an
329 3581 414 3632 quem
431 3564 478 3630 A²,
498 3565 522 3617 si
540 3581 623 3632 quem
643 3565 707 3619 dett.
721 3565 731 3633 tl
744 3571 776 3620 27
795 3565 941 3621 uidcssent
957 3569 984 3620 A
