2606 3958
204 175 268 240 344
611 169 680 224 ure.
700 169 761 228 vu.

205 325 283 404 lent,
308 327 404 408 atquc
427 323 465 387 ad
488 323 522 387 id
537 323 758 406 exequendum
773 321 888 386 Furius
904 320 1056 388 Camillus
1071 323 1176 387 maxi·
1280 391 1286 399 ,

205 431 276 474 mus
307 409 371 474 dux
404 407 599 473 ualidissimo
632 408 808 474 instructus
841 407 984 471 exercitu
1016 407 1174 488 uenisset,

205 495 349 561 uniuersi
364 494 394 558 ei
408 494 510 578 togati
525 491 653 557 obuiam
667 494 892 575 processerunt
913 493 1174 575 commeatusque

207 583 240 645 et
274 583 379 646 cetera
407 578 496 662 pacis
528 577 638 641 munia
670 576 900 673 benignissime
931 575 1173 659 praestiterunt.

180 668 370 730 sarmatum
392 663 489 728 ctiam
511 662 631 727 intrare
652 682 779 726 moenia
799 660 886 744 passi
901 665 978 724 aunt
999 681 1059 726 nec
1080 660 1176 725 uultu

206 771 267 815 nec
283 749 397 814 habitu
411 749 544 811 mutato.
576 766 639 829 qua
650 745 834 810 constantia
850 745 1095 829 tranquillitatis
1106 766 1176 810 non

207 834 309 898 solum
334 832 376 897 ad
391 831 551 896 amicitiae
565 834 694 895 nostrae
709 830 769 911 ius,
793 829 847 894 sed
863 830 959 894 etiam
975 829 1014 894 ad
1031 850 1176 896 commu·
1292 834 1293 838 ’

206 918 339 983 irionem
361 916 502 981 ciuitatis
524 935 624 998 usque
645 917 873 998 penetrarunt,
904 915 1014 1000 sagaci
1042 913 1176 980 hercule

207 1004 256 1068 usi
279 1001 504 1085 simplicitate,
533 999 683 1084 quoniam
714 999 821 1083 aptius
849 1019 918 1063 esee
946 998 1176 1064 intellexerant

169 1108 194 1147 ιο
207 1089 329 1152 metum
352 1085 467 1150 officiis
490 1083 689 1148 dissimulare
711 1105 807 1168 quam
829 1083 928 1148 armis
950 1086 1131 1170 protegere.

273 1171 322 1238 10.
355 1171 401 1234 At
433 1168 618 1234 Volscorurn
653 1169 742 1232 ducis
779 1166 864 1232 'lulli
892 1168 1070 1233 execrabile
1099 1188 1178 1233 con-

207 1255 326 1320 silium.
363 1254 418 1337 qui
441 1253 482 1317 ad
503 1252 624 1318 bellum
645 1253 849 1317 inferendum
863 1251 1018 1317 Romanis
1032 1252 1180 1317 maxima
1292 1322 1293 1326 ,

208 1339 382 1423 cupiditate
410 1358 576 1420 accensus,
610 1357 682 1400 cum
719 1337 841 1421 aliquot
869 1336 1012 1402 aduersis
1042 1336 1178 1420 proeliis

208 1426 358 1489 contusos
392 1423 517 1488 animos
547 1443 675 1486 suorum
709 1424 741 1486 et
769 1422 811 1486 ob
838 1421 872 1485 id
899 1422 973 1505 paci
1006 1422 1178 1505 proniores
1292 1463 1293 1470 κ

170 1530 195 1572 15
209 1509 493 1595 animaduerteret,
523 1506 677 1571 insidiosa
703 1507 830 1570 ratione
858 1525 921 1590 quo
949 1505 1081 1570 uolebat
1103 1527 1179 1571 eon·
1292 1527 1293 1538 ²

230 1593 309 1658 ulit:
331 1614 408 1658 nam
423 1613 496 1657 cum
511 1590 759 1675 spectandorum
773 1589 922 1655 ludorum
937 1591 1043 1675 gratia
1056 1609 1179 1675 magna

241 1677 398 1743 olscorum
421 1676 594 1740 multitudo
622 1673 760 1739 Romam
788 1676 1009 1754 conuenisset,
1039 1675 1180 1739 consuli·
1290 1673 1293 1722 l

208 1764 267 1829 bus
301 1762 382 1826 dixit
414 1760 623 1825 uehementer
654 1781 688 1824 se
721 1759 834 1824 timere
867 1781 908 1824 ne
946 1759 1023 1844 quid
1055 1759 1176 1824 hostile

210 1847 319 1912 subito
341 1846 533 1911 molirentur
563 1846 752 1928 monuitque
775 1848 811 1909 ut
834 1848 941 1909 essent
963 1845 1121 1910 cautiores
1145 1848 1179 1908 et

170 1955 196 1996 ²⁰
211 1929 1016 2098 sellariolis?intestato
1032 1929 1181 2096 nint

632 2063 639 2078 ⁸
677 2066 678 2070 ’
745 2063 753 2093 7

211 2100 360 2181 suberat,
390 2099 580 2164 auctoritate
602 2101 712 2163 tamen
735 2096 822 2162 Tulli
844 2101 1023 2162 commotus
1046 2102 1180 2162 utente

210 2187 340 2249 noctem
364 2182 469 2249 Volsci
491 2183 619 2248 abirent
641 2183 794 2248 decreuit.
832 2203 895 2266 qna
917 2183 1109 2247 contumelia
1130 2183 1181 2247 in·

210 2269 302 2333 ritati
331 2267 427 2332 facile
454 2268 567 2352 inpelli
594 2270 772 2350 potueruut
799 2265 839 2330 ad
860 2267 1090 2332 rebellandum.
1134 2268 1181 2331 ita

172 2378 198 2418 ee
210 2352 413 2418 mendacium
445 2352 567 2417 uersuti
595 2352 684 2416 ducis
713 2351 917 2416 simulatione
944 2351 1180 2416 beniuolentiae

211 2437 397 2504 inuolutum
424 2435 503 2501 duos
532 2435 628 2500 simul
655 2435 791 2520 populos
819 2435 950 2513 fefellit,
985 2435 1179 2517 Romanurn,

211 2527 249 2588 ut
264 2523 407 2587 insontes
422 2524 562 2600 notaret,
579 2521 747 2602 Volscum,
768 2523 806 2584 ut
820 2520 962 2604 deceptis
979 2521 1179 2586 irasceretur.
1291 2613 1292 2618 γ

286 2714 297 2760 1
318 2705 448 2761 camillus
465 2705 497 2760 ia
514 2721 570 2764 rae.
588 2707 624 2770 A,
643 2705 768 2761 ciiiilius
786 2705 823 2759 IA¹
836 2706 875 2775 112
894 2705 1079 2760 uallidissimo
1096 2707 1147 2776 ΑΙΙ
1165 2714 1181 2762 3

214 2776 241 2829 ci
259 2775 352 2845 togati
369 2774 416 2839 Ar,
440 2773 560 2842 estogati
578 2774 657 2839 LA1,
680 2774 772 2843 togati
790 2775 851 2843 (om.
871 2773 907 2842 ei)
925 2776 994 2832 Par.
1019 2775 1029 2842 n
1054 2775 1183 2829 ”lcamu-
1291 2779 1292 2782 ’

213 2842 298 2897 niens
317 2843 344 2896 L
360 2844 371 2912 {l
387 2848 404 2897 8
421 2854 568 2909 *esusque
588 2842 655 2910 (qua
674 2857 742 2895 cras.
761 2841 837 2909 cici.)
854 2841 894 2902 A,
923 2847 947 2896 et
965 2841 1044 2896 luctet
1061 2843 1183 2910 quiusq:

212 2909 249 2970 L,
270 2927 355 2988 quam
373 2924 462 2978 usque
481 2909 630 2986 cupierant
648 2911 675 2961 Γ
716 2908 829 2962 hercule
847 2909 910 2963 *usi
926 2910 1008 2963 DA*
1027 2909 1100 2975 dett,
1119 2909 1184 2963 her-

214 2978 312 3031 culeus
330 2993 353 3031 ei
371 2977 417 3054 Ly,
443 2975 604 3030 erculeusrer
621 2977 669 3042 Αἱ,
714 2975 820 3030 erculee
838 2977 987 3054 usichlm
1008 2978 1026 3097 pp
1047 2982 1078 3030 10
1097 2975 1185 3031 officii

212 3045 307 3110 L¹A¹,
326 3043 419 3098 officio
437 3044 502 3098 dett.
527 3043 537 3112 ΙΙ
563 3049 592 3096 11
612 3043 648 3097 ad
667 3043 750 3098 ΙΛΑ1
771 3044 781 3112 11
806 3050 837 3098 13
857 3044 893 3098 eli
915 3044 972 3098 nod
990 3060 1007 3098 a
1028 3059 1126 3098 uersus
1145 3044 1185 3098 L¹

212 3113 249 3166 Α1
263 3113 273 3181 ΙΙ
288 3117 320 3166 14
337 3111 482 3181 proniores
502 3113 533 3180 (a.
552 3112 570 3169 l.
588 3127 622 3165 m.
635 3112 738 3190 evade.
776 3112 848 3180 rius)
862 3062 957 3181 1)ῇῶ
975 3112 1093 3179 ratione]
1116 3111 1184 3171 add.

213 3194 261 3234 eos
280 3181 350 3234 Per.
371 3179 381 3248 11
404 3185 435 3233 17
452 3179 532 3234 roma
550 3181 730 3235 conuenisset
793 3180 857 3237 dett.
879 3185 912 3248 et,
931 3185 963 3236 ct
981 3180 1049 3244 reid..
1067 3179 1117 3245 Αἱ,
1140 3196 1187 3234 ro·
1288 3185 1291 3206 ⁴

212 3263 289 3301 mam
308 3247 429 3301 uenisset
446 3248 485 3300 ΑΙ
502 3247 572 3301 Por.
585 3248 595 3312 ΙΙ
608 3253 640 3300 22
658 3247 718 3301 terii
740 3248 802 3301 etri
820 3262 889 3302 corr.
909 3246 936 3301 L
