<?xml version="1.0" encoding="UTF-8"?>
<!DOCTYPE html PUBLIC "-//W3C//DTD XHTML 1.0 Transitional//EN"
    "http://www.w3.org/TR/xhtml1/DTD/xhtml1-transitional.dtd">
<html xmlns="http://www.w3.org/1999/xhtml" xml:lang="en" lang="en">
 <head>
  <title>
</title>
<meta http-equiv="Content-Type" content="text/html;charset=utf-8" />
  <meta name='ocr-system' content='tesseract 3.04.00' />
  <meta name='ocr-capabilities' content='ocr_page ocr_carea ocr_par ocr_line ocrx_word'/>
</head>
<body>
  <div class='ocr_page' id='page_1' title='image "./valeriimaximifa00nepogoog_0262.png"; bbox 0 0 2604 3960; ppageno 0'>
   <div class='ocr_carea' id='block_1_1' title="bbox 18 3577 139 3616">
    <p class='ocr_par' dir='ltr' id='par_1_1' title="bbox 18 3577 139 3616">
     <span class='ocr_line' id='line_1_1' title="bbox 18 3577 139 3616; baseline -0.008 -1"><span class='ocrx_word' id='word_1_1' title='bbox 18 3577 28 3605; x_wconf 66' lang='grc' dir='ltr'><strong>ῑ</strong></span> <span class='ocrx_word' id='word_1_2' title='bbox 89 3577 139 3616; x_wconf 74' lang='lat' dir='ltr'>erit</span> 
     </span>
    </p>
   </div>
   <div class='ocr_carea' id='block_1_2' title="bbox 442 175 1059 247">
    <p class='ocr_par' dir='ltr' id='par_1_2' title="bbox 442 175 1059 247">
     <span class='ocr_line' id='line_1_2' title="bbox 442 175 1059 247; baseline 0.005 -17"><span class='ocrx_word' id='word_1_3' title='bbox 442 175 523 232; x_wconf 85' lang='lat' dir='ltr'><strong>OAP.</strong></span> <span class='ocrx_word' id='word_1_4' title='bbox 541 176 567 240; x_wconf 91' lang='lat' dir='ltr'>I,</span> <span class='ocrx_word' id='word_1_5' title='bbox 586 181 600 243; x_wconf 68' lang='grc' dir='ltr'><strong>ξ</strong></span> <span class='ocrx_word' id='word_1_6' title='bbox 619 183 711 232; x_wconf 85' lang='grc'>6-10.</span> <span class='ocrx_word' id='word_1_7' title='bbox 999 181 1059 247; x_wconf 79' lang='lat'>221</span> 
     </span>
    </p>
   </div>
   <div class='ocr_carea' id='block_1_3' title="bbox 16 328 1102 2954">
    <p class='ocr_par' dir='ltr' id='par_1_3' title="bbox 84 328 1086 903">
     <span class='ocr_line' id='line_1_3' title="bbox 85 328 1061 400; baseline 0.004 -5"><span class='ocrx_word' id='word_1_8' title='bbox 85 349 177 395; x_wconf 88' lang='lat' dir='ltr'>mum</span> <span class='ocrx_word' id='word_1_9' title='bbox 205 330 240 393; x_wconf 89' lang='lat' dir='ltr'>in</span> <span class='ocrx_word' id='word_1_10' title='bbox 269 328 403 394; x_wconf 89' lang='lat' dir='ltr'>consilio</span> <span class='ocrx_word' id='word_1_11' title='bbox 431 329 540 394; x_wconf 90' lang='lat' dir='ltr'>sedere</span> <span class='ocrx_word' id='word_1_12' title='bbox 573 329 668 394; x_wconf 85' lang='lat' dir='ltr'>iussit</span> <span class='ocrx_word' id='word_1_13' title='bbox 694 353 754 397; x_wconf 89' lang='lat' dir='ltr'>nec</span> <span class='ocrx_word' id='word_1_14' title='bbox 781 334 905 399; x_wconf 84' lang='lat' dir='ltr'>honore</span> <span class='ocrx_word' id='word_1_15' title='bbox 932 355 1061 400; x_wconf 82' lang='lat' dir='ltr'>mensae</span> 
     </span>
     <span class='ocr_line' id='line_1_4' title="bbox 87 414 1059 502; baseline 0.004 -23"><span class='ocrx_word' id='word_1_16' title='bbox 87 414 261 500; x_wconf 77' lang='lat' dir='ltr'>indignum</span> <span class='ocrx_word' id='word_1_17' title='bbox 284 414 448 479; x_wconf 88' lang='lat' dir='ltr'>iudicauit.</span> <span class='ocrx_word' id='word_1_18' title='bbox 493 417 693 498; x_wconf 87' lang='lat' dir='ltr'>proponatur</span> <span class='ocrx_word' id='word_1_19' title='bbox 715 418 750 480; x_wconf 92' lang='lat' dir='ltr'>in</span> <span class='ocrx_word' id='word_1_20' title='bbox 772 420 944 502; x_wconf 89' lang='lat' dir='ltr'>conspicuo</span> <span class='ocrx_word' id='word_1_21' title='bbox 967 423 1059 500; x_wconf 88' lang='lat' dir='ltr'>acies,</span> 
     </span>
     <span class='ocr_line' id='line_1_5' title="bbox 86 498 1061 588; baseline 0.004 -25"><span class='ocrx_word' id='word_1_22' title='bbox 86 521 156 584; x_wconf 84' lang='lat' dir='ltr'>qua</span> <span class='ocrx_word' id='word_1_23' title='bbox 182 502 360 584; x_wconf 86' lang='lat' dir='ltr'>prostratus</span> <span class='ocrx_word' id='word_1_24' title='bbox 390 503 438 564; x_wconf 92' lang='lat' dir='ltr'>est</span> <span class='ocrx_word' id='word_1_25' title='bbox 466 498 594 578; x_wconf 87' lang='lat' dir='ltr'>Perses,</span> <span class='ocrx_word' id='word_1_26' title='bbox 624 503 656 564; x_wconf 88' lang='lat' dir='ltr'>et</span> <span class='ocrx_word' id='word_1_27' title='bbox 683 500 796 566; x_wconf 86' lang='lat' dir='ltr'>harum</span> <span class='ocrx_word' id='word_1_28' title='bbox 826 524 949 584; x_wconf 89' lang='lat' dir='ltr'>rerum,</span> <span class='ocrx_word' id='word_1_29' title='bbox 982 525 1061 588; x_wconf 86' lang='lat' dir='ltr'>quas</span> 
     </span>
     <span class='ocr_line' id='line_1_6' title="bbox 86 584 1061 670; baseline 0.003 -22"><span class='ocrx_word' id='word_1_30' title='bbox 86 584 204 663; x_wconf 86' lang='lat' dir='ltr'>retuli,</span> <span class='ocrx_word' id='word_1_31' title='bbox 226 587 408 667; x_wconf 89' lang='lat' dir='ltr'>contextus,</span> <span class='ocrx_word' id='word_1_32' title='bbox 431 587 505 648; x_wconf 88' lang='lat' dir='ltr'>ntro</span> <span class='ocrx_word' id='word_1_33' title='bbox 528 584 631 670; x_wconf 82' lang='lat' dir='ltr'>magis</span> <span class='ocrx_word' id='word_1_34' title='bbox 653 587 838 669; x_wconf 88' lang='lat' dir='ltr'>spectaculo</span> <span class='ocrx_word' id='word_1_35' title='bbox 862 587 1061 652; x_wconf 73' lang='lat' dir='ltr'>delectentur</span> 
     </span>
     <span class='ocr_line' id='line_1_7' title="bbox 86 668 1086 756; baseline 0.003 -22"><span class='ocrx_word' id='word_1_36' title='bbox 86 669 236 734; x_wconf 87' lang='lat' dir='ltr'>homines</span> <span class='ocrx_word' id='word_1_37' title='bbox 265 668 470 733; x_wconf 89' lang='lat' dir='ltr'>dubitabunt:</span> <span class='ocrx_word' id='word_1_38' title='bbox 502 689 578 735; x_wconf 86' lang='lat' dir='ltr'>nam</span> <span class='ocrx_word' id='word_1_39' title='bbox 605 670 632 734; x_wconf 91' lang='lat' dir='ltr'>si</span> <span class='ocrx_word' id='word_1_40' title='bbox 662 691 679 734; x_wconf 91' lang='lat' dir='ltr'>e</span> <span class='ocrx_word' id='word_1_41' title='bbox 721 670 827 756; x_wconf 81' lang='lat' dir='ltr'>egium</span> <span class='ocrx_word' id='word_1_42' title='bbox 856 676 905 736; x_wconf 87' lang='lat' dir='ltr'>est</span> <span class='ocrx_word' id='word_1_43' title='bbox 934 672 1086 737; x_wconf 83' lang='lat' dir='ltr'>hostems</span> 
     </span>
     <span class='ocr_line' id='line_1_8' title="bbox 84 755 1060 852; baseline 0.002 -33"><span class='ocrx_word' id='word_1_44' title='bbox 84 755 234 852; x_wconf 72' lang='lat' dir='ltr'>abicere,</span> <span class='ocrx_word' id='word_1_45' title='bbox 260 775 325 817; x_wconf 92' lang='lat' dir='ltr'>non</span> <span class='ocrx_word' id='word_1_46' title='bbox 352 755 459 818; x_wconf 91' lang='lat' dir='ltr'>minus</span> <span class='ocrx_word' id='word_1_47' title='bbox 487 757 597 819; x_wconf 89' lang='lat' dir='ltr'>tamen</span> <span class='ocrx_word' id='word_1_48' title='bbox 625 755 678 819; x_wconf 88' lang='lat' dir='ltr'>lau</span> <span class='ocrx_word' id='word_1_49' title='bbox 701 756 785 820; x_wconf 87' lang='lat' dir='ltr'>abile</span> <span class='ocrx_word' id='word_1_50' title='bbox 812 757 951 822; x_wconf 83' lang='lat' dir='ltr'>infelicis</span> <span class='ocrx_word' id='word_1_51' title='bbox 979 757 1060 821; x_wconf 89' lang='lat' dir='ltr'>scire</span> 
     </span>
     <span class='ocr_line' id='line_1_9' title="bbox 90 860 245 903; baseline -0.013 0"><span class='ocrx_word' id='word_1_52' title='bbox 90 860 245 903; x_wconf 87' lang='lat' dir='ltr'>m1serer1.</span> 
     </span>
    </p>

    <p class='ocr_par' dir='ltr' id='par_1_4' title="bbox 87 922 1100 1770">
     <span class='ocr_line' id='line_1_10' title="bbox 154 922 1060 990; baseline 0.004 -4"><span class='ocrx_word' id='word_1_53' title='bbox 154 923 184 987; x_wconf 87' lang='lat'>9.</span> <span class='ocrx_word' id='word_1_54' title='bbox 215 922 305 987; x_wconf 86' lang='lat' dir='ltr'>Haec</span> <span class='ocrx_word' id='word_1_55' title='bbox 327 923 363 987; x_wconf 91' lang='lat' dir='ltr'>L.</span> <span class='ocrx_word' id='word_1_56' title='bbox 387 922 479 988; x_wconf 88' lang='lat' dir='ltr'>Pauli</span> <span class='ocrx_word' id='word_1_57' title='bbox 501 922 686 988; x_wconf 83' lang='lat' dir='ltr'>humanitas</span> <span class='ocrx_word' id='word_1_58' title='bbox 709 924 859 990; x_wconf 88' lang='lat' dir='ltr'>admouet</span> <span class='ocrx_word' id='word_1_59' title='bbox 879 947 930 990; x_wconf 89' lang='lat' dir='ltr'>me</span> <span class='ocrx_word' id='word_1_60' title='bbox 958 946 999 989; x_wconf 89' lang='lat' dir='ltr'>ne</span> <span class='ocrx_word' id='word_1_61' title='bbox 1021 927 1060 990; x_wconf 91' lang='lat' dir='ltr'>de</span> 
     </span>
     <span class='ocr_line' id='line_1_11' title="bbox 87 1007 1060 1093; baseline 0.001 -20"><span class='ocrx_word' id='word_1_62' title='bbox 87 1008 150 1074; x_wconf 79' lang='lat' dir='ltr'>Gn.</span> <span class='ocrx_word' id='word_1_63' title='bbox 171 1007 303 1090; x_wconf 88' lang='lat' dir='ltr'>Pompei</span> <span class='ocrx_word' id='word_1_64' title='bbox 325 1007 495 1072; x_wconf 87' lang='lat' dir='ltr'>elementia</span> <span class='ocrx_word' id='word_1_65' title='bbox 515 1012 648 1072; x_wconf 85' lang='lat' dir='ltr'>taceam.</span> <span class='ocrx_word' id='word_1_66' title='bbox 679 1029 787 1093; x_wconf 85' lang='lat' dir='ltr'>regem</span> <span class='ocrx_word' id='word_1_67' title='bbox 812 1011 986 1074; x_wconf 82' lang='lat' dir='ltr'>Armeniae</span> <span class='ocrx_word' id='word_1_68' title='bbox 1008 1009 1060 1074; x_wconf 84' lang='lat' dir='ltr'>Ti·</span> 
     </span>
     <span class='ocr_line' id='line_1_12' title="bbox 88 1091 1099 1178; baseline 0.004 -23"><span class='ocrx_word' id='word_1_69' title='bbox 88 1113 238 1178; x_wconf 82' lang='lat' dir='ltr'>granem,</span> <span class='ocrx_word' id='word_1_70' title='bbox 267 1091 324 1176; x_wconf 92' lang='lat' dir='ltr'>qui</span> <span class='ocrx_word' id='word_1_71' title='bbox 346 1096 378 1156; x_wconf 90' lang='lat' dir='ltr'>et</span> <span class='ocrx_word' id='word_1_72' title='bbox 398 1114 456 1175; x_wconf 89' lang='lat' dir='ltr'>per</span> <span class='ocrx_word' id='word_1_73' title='bbox 477 1113 512 1156; x_wconf 90' lang='lat' dir='ltr'>se</span> <span class='ocrx_word' id='word_1_74' title='bbox 533 1113 653 1178; x_wconf 81' lang='lat' dir='ltr'>magna</span> <span class='ocrx_word' id='word_1_75' title='bbox 675 1114 746 1158; x_wconf 88' lang='lat' dir='ltr'>cum</span> <span class='ocrx_word' id='word_1_76' title='bbox 773 1095 893 1178; x_wconf 89' lang='lat' dir='ltr'>populo</span> <span class='ocrx_word' id='word_1_77' title='bbox 916 1094 1061 1159; x_wconf 88' lang='lat' dir='ltr'>Romano</span> <span class='ocrx_word' id='word_1_78' title='bbox 1075 1118 1099 1159; x_wconf 84' lang='lat' dir='ltr'>ro</span> 
     </span>
     <span class='ocr_line' id='line_1_13' title="bbox 87 1175 1060 1262; baseline 0.002 -20"><span class='ocrx_word' id='word_1_79' title='bbox 87 1176 175 1242; x_wconf 86' lang='lat' dir='ltr'>bella</span> <span class='ocrx_word' id='word_1_80' title='bbox 196 1179 341 1262; x_wconf 77' lang='lat' dir='ltr'>gesserat</span> <span class='ocrx_word' id='word_1_81' title='bbox 362 1179 395 1240; x_wconf 92' lang='lat' dir='ltr'>et</span> <span class='ocrx_word' id='word_1_82' title='bbox 415 1175 661 1242; x_wconf 87' lang='lat' dir='ltr'>infestissimum</span> <span class='ocrx_word' id='word_1_83' title='bbox 681 1178 754 1242; x_wconf 91' lang='lat' dir='ltr'>urbi</span> <span class='ocrx_word' id='word_1_84' title='bbox 770 1183 899 1244; x_wconf 90' lang='lat' dir='ltr'>nostrae</span> <span class='ocrx_word' id='word_1_85' title='bbox 914 1178 1060 1244; x_wconf 83' lang='lat' dir='ltr'>Mitrida-</span> 
     </span>
     <span class='ocr_line' id='line_1_14' title="bbox 87 1261 1061 1345; baseline 0.002 -18"><span class='ocrx_word' id='word_1_86' title='bbox 87 1268 157 1327; x_wconf 88' lang='lat' dir='ltr'>tenr</span> <span class='ocrx_word' id='word_1_87' title='bbox 178 1261 282 1326; x_wconf 90' lang='lat' dir='ltr'>Ponto</span> <span class='ocrx_word' id='word_1_88' title='bbox 304 1261 431 1344; x_wconf 82' lang='lat' dir='ltr'>pulsum</span> <span class='ocrx_word' id='word_1_89' title='bbox 459 1261 580 1326; x_wconf 84' lang='lat' dir='ltr'>uiribus</span> <span class='ocrx_word' id='word_1_90' title='bbox 610 1263 675 1326; x_wconf 89' lang='lat' dir='ltr'>suis</span> <span class='ocrx_word' id='word_1_91' title='bbox 697 1265 893 1345; x_wconf 78' lang='lat' dir='ltr'>protexerat,</span> <span class='ocrx_word' id='word_1_92' title='bbox 922 1263 957 1328; x_wconf 92' lang='lat' dir='ltr'>in</span> <span class='ocrx_word' id='word_1_93' title='bbox 986 1286 1061 1329; x_wconf 85' lang='lat' dir='ltr'>con·</span> 
     </span>
     <span class='ocr_line' id='line_1_15' title="bbox 87 1345 1060 1432; baseline 0.002 -20"><span class='ocrx_word' id='word_1_94' title='bbox 87 1351 202 1431; x_wconf 86' lang='lat' dir='ltr'>spectu</span> <span class='ocrx_word' id='word_1_95' title='bbox 225 1366 282 1410; x_wconf 89' lang='lat' dir='ltr'>suo</span> <span class='ocrx_word' id='word_1_96' title='bbox 305 1345 425 1410; x_wconf 87' lang='lat' dir='ltr'>diutius</span> <span class='ocrx_word' id='word_1_97' title='bbox 446 1346 549 1410; x_wconf 91' lang='lat' dir='ltr'>iacere</span> <span class='ocrx_word' id='word_1_98' title='bbox 571 1347 746 1430; x_wconf 82' lang='lat' dir='ltr'>supplicem</span> <span class='ocrx_word' id='word_1_99' title='bbox 775 1369 887 1430; x_wconf 88' lang='lat' dir='ltr'>passus</span> <span class='ocrx_word' id='word_1_100' title='bbox 913 1370 979 1413; x_wconf 90' lang='lat' dir='ltr'>uon</span> <span class='ocrx_word' id='word_1_101' title='bbox 1002 1355 1060 1432; x_wconf 88' lang='lat' dir='ltr'>est,</span> 
     </span>
     <span class='ocr_line' id='line_1_16' title="bbox 88 1430 1060 1516; baseline 0.003 -21"><span class='ocrx_word' id='word_1_102' title='bbox 88 1430 146 1496; x_wconf 88' lang='lat' dir='ltr'>sed</span> <span class='ocrx_word' id='word_1_103' title='bbox 168 1430 319 1516; x_wconf 81' lang='lat' dir='ltr'>benignis</span> <span class='ocrx_word' id='word_1_104' title='bbox 341 1430 447 1494; x_wconf 91' lang='lat' dir='ltr'>uerbis</span> <span class='ocrx_word' id='word_1_105' title='bbox 474 1435 652 1495; x_wconf 86' lang='lat' dir='ltr'>recreatum</span> <span class='ocrx_word' id='word_1_106' title='bbox 675 1431 837 1515; x_wconf 87' lang='lat' dir='ltr'>diadema,</span> <span class='ocrx_word' id='word_1_107' title='bbox 866 1434 951 1516; x_wconf 88' lang='lat' dir='ltr'>quod</span> <span class='ocrx_word' id='word_1_108' title='bbox 974 1433 1060 1498; x_wconf 90' lang='lat' dir='ltr'>abie-</span> 
     </span>
     <span class='ocr_line' id='line_1_17' title="bbox 88 1515 1100 1601; baseline -0.001 -20"><span class='ocrx_word' id='word_1_109' title='bbox 88 1519 187 1596; x_wconf 88' lang='lat' dir='ltr'>cerat,</span> <span class='ocrx_word' id='word_1_110' title='bbox 210 1515 309 1599; x_wconf 86' lang='lat' dir='ltr'>capiti</span> <span class='ocrx_word' id='word_1_111' title='bbox 330 1535 486 1598; x_wconf 84' lang='lat' dir='ltr'>reponere</span> <span class='ocrx_word' id='word_1_112' title='bbox 508 1515 604 1579; x_wconf 87' lang='lat' dir='ltr'>iussit</span> <span class='ocrx_word' id='word_1_113' title='bbox 626 1516 785 1598; x_wconf 88' lang='lat' dir='ltr'>certisque</span> <span class='ocrx_word' id='word_1_114' title='bbox 807 1519 901 1580; x_wconf 91' lang='lat' dir='ltr'>rebus</span> <span class='ocrx_word' id='word_1_115' title='bbox 924 1517 1059 1601; x_wconf 88' lang='lat' dir='ltr'>impera·</span> <span class='ocrx_word' id='word_1_116' title='bbox 1075 1543 1100 1582; x_wconf 79' lang='lat' dir='ltr'>u</span> 
     </span>
     <span class='ocr_line' id='line_1_18' title="bbox 88 1597 1061 1686; baseline -0.001 -20"><span class='ocrx_word' id='word_1_117' title='bbox 88 1602 134 1666; x_wconf 86' lang='lat' dir='ltr'>tis</span> <span class='ocrx_word' id='word_1_118' title='bbox 160 1600 195 1663; x_wconf 88' lang='lat' dir='ltr'>in</span> <span class='ocrx_word' id='word_1_119' title='bbox 222 1599 394 1684; x_wconf 90' lang='lat' dir='ltr'>pristinum</span> <span class='ocrx_word' id='word_1_120' title='bbox 423 1600 571 1664; x_wconf 86' lang='lat' dir='ltr'>fortunae</span> <span class='ocrx_word' id='word_1_121' title='bbox 597 1597 745 1664; x_wconf 89' lang='lat' dir='ltr'>habitum</span> <span class='ocrx_word' id='word_1_122' title='bbox 772 1601 930 1681; x_wconf 88' lang='lat' dir='ltr'>restituit,</span> <span class='ocrx_word' id='word_1_123' title='bbox 961 1622 1061 1686; x_wconf 88' lang='lat' dir='ltr'>aeque</span> 
     </span>
     <span class='ocr_line' id='line_1_19' title="bbox 88 1684 1032 1770; baseline 0.004 -22"><span class='ocrx_word' id='word_1_124' title='bbox 88 1685 262 1770; x_wconf 88' lang='lat' dir='ltr'>pulchrum</span> <span class='ocrx_word' id='word_1_125' title='bbox 285 1705 353 1749; x_wconf 90' lang='lat' dir='ltr'>esse</span> <span class='ocrx_word' id='word_1_126' title='bbox 376 1684 521 1751; x_wconf 85' lang='lat' dir='ltr'>indicans</span> <span class='ocrx_word' id='word_1_127' title='bbox 544 1686 577 1748; x_wconf 90' lang='lat' dir='ltr'>et</span> <span class='ocrx_word' id='word_1_128' title='bbox 599 1685 728 1749; x_wconf 90' lang='lat' dir='ltr'>uincere</span> <span class='ocrx_word' id='word_1_129' title='bbox 750 1705 843 1768; x_wconf 88' lang='lat' dir='ltr'>reges</span> <span class='ocrx_word' id='word_1_130' title='bbox 866 1688 898 1750; x_wconf 89' lang='lat' dir='ltr'>et</span> <span class='ocrx_word' id='word_1_131' title='bbox 919 1685 1032 1752; x_wconf 83' lang='lat' dir='ltr'>facere.</span> 
     </span>
    </p>

    <p class='ocr_par' dir='ltr' id='par_1_5' title="bbox 87 1767 1100 2108">
     <span class='ocr_line' id='line_1_20' title="bbox 156 1767 1061 1855; baseline 0 -21"><span class='ocrx_word' id='word_1_132' title='bbox 156 1769 205 1834; x_wconf 91' lang='grc'>10.</span> <span class='ocrx_word' id='word_1_133' title='bbox 243 1767 346 1844; x_wconf 80' lang='lat' dir='ltr'>Quam</span> <span class='ocrx_word' id='word_1_134' title='bbox 368 1770 569 1853; x_wconf 86' lang='lat' dir='ltr'>praeclarum</span> <span class='ocrx_word' id='word_1_135' title='bbox 591 1769 731 1833; x_wconf 90' lang='lat' dir='ltr'>tributae</span> <span class='ocrx_word' id='word_1_136' title='bbox 753 1768 963 1834; x_wconf 87' lang='lat' dir='ltr'>humanitatis</span> <span class='ocrx_word' id='word_1_137' title='bbox 992 1791 1061 1855; x_wconf 90' lang='lat' dir='ltr'>spe·</span> 
     </span>
     <span class='ocr_line' id='line_1_21' title="bbox 89 1853 1061 1937; baseline 0.001 -18"><span class='ocrx_word' id='word_1_138' title='bbox 89 1854 197 1919; x_wconf 88' lang='lat' dir='ltr'>cimen</span> <span class='ocrx_word' id='word_1_139' title='bbox 226 1853 284 1920; x_wconf 85' lang='lat' dir='ltr'>On.</span> <span class='ocrx_word' id='word_1_140' title='bbox 312 1853 501 1937; x_wconf 88' lang='lat' dir='ltr'>Pompeius,</span> <span class='ocrx_word' id='word_1_141' title='bbox 530 1875 627 1937; x_wconf 90' lang='lat' dir='ltr'>quam</span> <span class='ocrx_word' id='word_1_142' title='bbox 654 1853 835 1919; x_wconf 85' lang='lat' dir='ltr'>miserabile</span> <span class='ocrx_word' id='word_1_143' title='bbox 864 1854 1061 1920; x_wconf 77' lang='lat' dir='ltr'>desideratae</span> 
     </span>
     <span class='ocr_line' id='line_1_22' title="bbox 87 1937 1100 2024; baseline 0.001 -21"><span class='ocrx_word' id='word_1_144' title='bbox 87 1938 177 2004; x_wconf 88' lang='lat' dir='ltr'>idem</span> <span class='ocrx_word' id='word_1_145' title='bbox 199 1939 303 2003; x_wconf 89' lang='lat' dir='ltr'>euasit</span> <span class='ocrx_word' id='word_1_146' title='bbox 330 1939 525 2022; x_wconf 88' lang='lat' dir='ltr'>exemplum!</span> <span class='ocrx_word' id='word_1_147' title='bbox 560 1961 636 2003; x_wconf 89' lang='lat' dir='ltr'>nam</span> <span class='ocrx_word' id='word_1_148' title='bbox 663 1938 717 2022; x_wconf 90' lang='lat' dir='ltr'>qui</span> <span class='ocrx_word' id='word_1_149' title='bbox 740 1937 890 2024; x_wconf 80' lang='lat' dir='ltr'>Tigranis</span> <span class='ocrx_word' id='word_1_150' title='bbox 918 1943 1062 2024; x_wconf 88' lang='lat' dir='ltr'>tempora</span> <span class='ocrx_word' id='word_1_151' title='bbox 1076 1964 1100 2005; x_wconf 82' lang='lat' dir='ltr'>ro</span> 
     </span>
     <span class='ocr_line' id='line_1_23' title="bbox 87 2023 1062 2108; baseline 0.001 -20"><span class='ocrx_word' id='word_1_152' title='bbox 87 2024 212 2107; x_wconf 85' lang='lat' dir='ltr'>insigni</span> <span class='ocrx_word' id='word_1_153' title='bbox 228 2023 318 2108; x_wconf 81' lang='lat' dir='ltr'>regio</span> <span class='ocrx_word' id='word_1_154' title='bbox 333 2026 471 2106; x_wconf 86' lang='lat' dir='ltr'>texerat,</span> <span class='ocrx_word' id='word_1_155' title='bbox 495 2023 563 2088; x_wconf 92' lang='lat' dir='ltr'>eius</span> <span class='ocrx_word' id='word_1_156' title='bbox 579 2026 674 2107; x_wconf 87' lang='lat' dir='ltr'>caput</span> <span class='ocrx_word' id='word_1_157' title='bbox 693 2023 796 2087; x_wconf 87' lang='lat' dir='ltr'>tribus</span> <span class='ocrx_word' id='word_1_158' title='bbox 812 2024 937 2089; x_wconf 91' lang='lat' dir='ltr'>coronis</span> <span class='ocrx_word' id='word_1_159' title='bbox 951 2025 1062 2089; x_wconf 89' lang='lat' dir='ltr'>trium·</span> 
     </span>
    </p>

    <p class='ocr_par' dir='ltr' id='par_1_6' title="bbox 16 2108 1102 2954">
     <span class='ocr_line' id='line_1_24' title="bbox 16 2108 1062 2194; baseline 0.002 -22"><span class='ocrx_word' id='word_1_160' title='bbox 16 2177 18 2194; x_wconf 46' lang='lat'>,</span> <span class='ocrx_word' id='word_1_161' title='bbox 88 2108 241 2194; x_wconf 88' lang='lat' dir='ltr'>phalibus</span> <span class='ocrx_word' id='word_1_162' title='bbox 264 2108 437 2192; x_wconf 86' lang='lat' dir='ltr'>spoliatum</span> <span class='ocrx_word' id='word_1_163' title='bbox 459 2109 494 2172; x_wconf 92' lang='lat' dir='ltr'>in</span> <span class='ocrx_word' id='word_1_164' title='bbox 516 2129 575 2172; x_wconf 90' lang='lat' dir='ltr'>suo</span> <span class='ocrx_word' id='word_1_165' title='bbox 598 2108 693 2173; x_wconf 91' lang='lat' dir='ltr'>modo</span> <span class='ocrx_word' id='word_1_166' title='bbox 714 2111 869 2172; x_wconf 87' lang='lat' dir='ltr'>terrarum</span> <span class='ocrx_word' id='word_1_167' title='bbox 891 2109 968 2174; x_wconf 87' lang='lat' dir='ltr'>orbe</span> <span class='ocrx_word' id='word_1_168' title='bbox 988 2131 1062 2174; x_wconf 90' lang='lat' dir='ltr'>uus·</span> 
     </span>
     <span class='ocr_line' id='line_1_25' title="bbox 88 2191 1062 2277; baseline 0.001 -21"><span class='ocrx_word' id='word_1_169' title='bbox 88 2215 188 2276; x_wconf 90' lang='lat' dir='ltr'>quam</span> <span class='ocrx_word' id='word_1_170' title='bbox 210 2193 393 2277; x_wconf 87' lang='lat' dir='ltr'>sepulturae</span> <span class='ocrx_word' id='word_1_171' title='bbox 415 2193 522 2258; x_wconf 90' lang='lat' dir='ltr'>locum</span> <span class='ocrx_word' id='word_1_172' title='bbox 545 2193 676 2270; x_wconf 88' lang='lat' dir='ltr'>habuit,</span> <span class='ocrx_word' id='word_1_173' title='bbox 700 2193 755 2256; x_wconf 91' lang='lat' dir='ltr'>sed</span> <span class='ocrx_word' id='word_1_174' title='bbox 771 2191 931 2259; x_wconf 88' lang='lat' dir='ltr'>abscisum</span> <span class='ocrx_word' id='word_1_175' title='bbox 954 2217 973 2258; x_wconf 91' lang='lat' dir='ltr'>a</span> <span class='ocrx_word' id='word_1_176' title='bbox 996 2215 1062 2259; x_wconf 92' lang='lat' dir='ltr'>cor-</span> 
     </span>
     <span class='ocr_line' id='line_1_26' title="bbox 86 2277 1063 2363; baseline 0.001 -21"><span class='ocrx_word' id='word_1_177' title='bbox 86 2299 170 2363; x_wconf 89' lang='lat' dir='ltr'>pore</span> <span class='ocrx_word' id='word_1_178' title='bbox 191 2279 285 2361; x_wconf 91' lang='lat' dir='ltr'>inops</span> <span class='ocrx_word' id='word_1_179' title='bbox 307 2278 380 2361; x_wconf 87' lang='lat' dir='ltr'>rogi</span> <span class='ocrx_word' id='word_1_180' title='bbox 399 2277 560 2342; x_wconf 84' lang='lat' dir='ltr'>nefarium</span> <span class='ocrx_word' id='word_1_181' title='bbox 576 2277 757 2362; x_wconf 81' lang='lat' dir='ltr'>Aegyptiae</span> <span class='ocrx_word' id='word_1_182' title='bbox 778 2278 932 2361; x_wconf 84' lang='lat' dir='ltr'>perfidiae</span> <span class='ocrx_word' id='word_1_183' title='bbox 946 2301 1063 2344; x_wconf 90' lang='lat' dir='ltr'>munus</span> 
     </span>
     <span class='ocr_line' id='line_1_27' title="bbox 87 2361 1101 2530; baseline 0.001 -18"><span class='ocrx_word' id='word_1_184' title='bbox 87 2365 265 2512; x_wconf 58' lang='lat' dir='ltr'>stulu</span> <span class='ocrx_word' id='word_1_185' title='bbox 278 2361 1062 2530; x_wconf 57' lang='lat' dir='ltr'>liullmJlltlllzllttll{still</span> <span class='ocrx_word' id='word_1_186' title='bbox 1076 2387 1101 2427; x_wconf 80' lang='lat'>²⁶</span> 
     </span>
     <span class='ocr_line' id='line_1_28' title="bbox 90 2529 1063 2617; baseline 0 -21"><span class='ocrx_word' id='word_1_187' title='bbox 90 2531 164 2596; x_wconf 88' lang='lat' dir='ltr'>duit</span> <span class='ocrx_word' id='word_1_188' title='bbox 192 2553 231 2597; x_wconf 88' lang='lat' dir='ltr'>ao</span> <span class='ocrx_word' id='word_1_189' title='bbox 259 2531 411 2615; x_wconf 90' lang='lat' dir='ltr'>Pompeio</span> <span class='ocrx_word' id='word_1_190' title='bbox 442 2552 514 2596; x_wconf 92' lang='lat' dir='ltr'>cum</span> <span class='ocrx_word' id='word_1_191' title='bbox 542 2529 689 2617; x_wconf 86' lang='lat' dir='ltr'>proprias</span> <span class='ocrx_word' id='word_1_192' title='bbox 717 2533 787 2595; x_wconf 92' lang='lat' dir='ltr'>tum</span> <span class='ocrx_word' id='word_1_193' title='bbox 816 2535 849 2595; x_wconf 90' lang='lat' dir='ltr'>et</span> <span class='ocrx_word' id='word_1_194' title='bbox 875 2532 961 2596; x_wconf 88' lang='lat' dir='ltr'>filiae</span> <span class='ocrx_word' id='word_1_195' title='bbox 988 2555 1063 2597; x_wconf 88' lang='lat' dir='ltr'>suae</span> 
     </span>
     <span class='ocr_line' id='line_1_29' title="bbox 89 2615 1063 2700; baseline 0 -20"><span class='ocrx_word' id='word_1_196' title='bbox 89 2616 243 2681; x_wconf 81' lang='lat' dir='ltr'>lacrimas</span> <span class='ocrx_word' id='word_1_197' title='bbox 266 2616 419 2699; x_wconf 77' lang='lat' dir='ltr'>reddidit,</span> <span class='ocrx_word' id='word_1_198' title='bbox 442 2620 539 2699; x_wconf 89' lang='lat' dir='ltr'>caput</span> <span class='ocrx_word' id='word_1_199' title='bbox 561 2619 667 2680; x_wconf 88' lang='lat' dir='ltr'>autem</span> <span class='ocrx_word' id='word_1_200' title='bbox 690 2615 838 2698; x_wconf 84' lang='lat' dir='ltr'>plurimis</span> <span class='ocrx_word' id='word_1_201' title='bbox 853 2620 886 2680; x_wconf 90' lang='lat' dir='ltr'>et</span> <span class='ocrx_word' id='word_1_202' title='bbox 902 2618 1063 2700; x_wconf 89' lang='lat' dir='ltr'>pretiosis-</span> 
     </span>
     <span class='ocr_line' id='line_1_30' title="bbox 90 2699 1063 2783; baseline 0.001 -18"><span class='ocrx_word' id='word_1_203' title='bbox 90 2701 184 2765; x_wconf 88' lang='lat' dir='ltr'>simis</span> <span class='ocrx_word' id='word_1_204' title='bbox 207 2701 356 2766; x_wconf 87' lang='lat' dir='ltr'>odoribus</span> <span class='ocrx_word' id='word_1_205' title='bbox 378 2700 581 2765; x_wconf 87' lang='lat' dir='ltr'>cremandum</span> <span class='ocrx_word' id='word_1_206' title='bbox 598 2701 733 2764; x_wconf 80' lang='lat' dir='ltr'>curauit.</span> <span class='ocrx_word' id='word_1_207' title='bbox 768 2699 853 2783; x_wconf 90' lang='lat' dir='ltr'>quod</span> <span class='ocrx_word' id='word_1_208' title='bbox 874 2702 1063 2766; x_wconf 83' lang='lat' dir='ltr'>sinentem</span> 
     </span>
     <span class='ocr_line' id='line_1_31' title="bbox 90 2784 1102 2869; baseline -0.001 -19"><span class='ocrx_word' id='word_1_209' title='bbox 90 2789 283 2850; x_wconf 89' lang='lat' dir='ltr'>mansuetus</span> <span class='ocrx_word' id='word_1_210' title='bbox 305 2787 432 2851; x_wconf 85' lang='lat' dir='ltr'>animus</span> <span class='ocrx_word' id='word_1_211' title='bbox 461 2784 564 2849; x_wconf 90' lang='lat' dir='ltr'>diuini</span> <span class='ocrx_word' id='word_1_212' title='bbox 586 2784 743 2869; x_wconf 91' lang='lat' dir='ltr'>principis</span> <span class='ocrx_word' id='word_1_213' title='bbox 765 2785 938 2866; x_wconf 82' lang='lat' dir='ltr'>extitisset,</span> <span class='ocrx_word' id='word_1_214' title='bbox 967 2785 1063 2869; x_wconf 83' lang='lat' dir='ltr'>paulo</span> <span class='ocrx_word' id='word_1_215' title='bbox 1077 2807 1102 2849; x_wconf 87' lang='lat' dir='ltr'>so</span> 
     </span>
     <span class='ocr_line' id='line_1_32' title="bbox 88 2867 1063 2954; baseline -0.001 -18"><span class='ocrx_word' id='word_1_216' title='bbox 88 2873 168 2936; x_wconf 84' lang='lat' dir='ltr'>ante</span> <span class='ocrx_word' id='word_1_217' title='bbox 189 2869 331 2934; x_wconf 85' lang='lat' dir='ltr'>Romani</span> <span class='ocrx_word' id='word_1_218' title='bbox 352 2869 480 2954; x_wconf 89' lang='lat' dir='ltr'>imperii</span> <span class='ocrx_word' id='word_1_219' title='bbox 507 2868 656 2934; x_wconf 91' lang='lat' dir='ltr'>columen</span> <span class='ocrx_word' id='word_1_220' title='bbox 680 2867 826 2933; x_wconf 90' lang='lat' dir='ltr'>habitum</span> <span class='ocrx_word' id='word_1_221' title='bbox 849 2907 890 2916; x_wconf 93' lang='lat'><strong>—</strong></span> <span class='ocrx_word' id='word_1_222' title='bbox 912 2871 957 2934; x_wconf 92' lang='lat' dir='ltr'>sic</span> <span class='ocrx_word' id='word_1_223' title='bbox 979 2891 1063 2935; x_wconf 91' lang='lat' dir='ltr'>mor·</span> 
     </span>
    </p>
   </div>
   <div class='ocr_carea' id='block_1_4' title="bbox 88 3019 1064 3428">
    <p class='ocr_par' dir='ltr' id='par_1_7' title="bbox 88 3019 1064 3428">
     <span class='ocr_line' id='line_1_33' title="bbox 161 3019 1060 3092; baseline 0.006 -20"><span class='ocrx_word' id='word_1_224' title='bbox 161 3025 177 3072; x_wconf 81' lang='lat'><strong>2</strong></span> <span class='ocrx_word' id='word_1_225' title='bbox 194 3021 372 3087; x_wconf 77' lang='lat' dir='ltr'>proponati,</span> <span class='ocrx_word' id='word_1_226' title='bbox 389 3026 422 3075; x_wconf 81' lang='lat' dir='ltr'>ut</span> <span class='ocrx_word' id='word_1_227' title='bbox 439 3020 512 3087; x_wconf 80' lang='lat' dir='ltr'>wid,</span> <span class='ocrx_word' id='word_1_228' title='bbox 528 3021 568 3075; x_wconf 63' lang='grc' dir='ltr'>Δί</span> <span class='ocrx_word' id='word_1_229' title='bbox 586 3021 595 3090; x_wconf 89' lang='lat' dir='ltr'>l</span> <span class='ocrx_word' id='word_1_230' title='bbox 616 3025 633 3073; x_wconf 85' lang='grc'>4</span> <span class='ocrx_word' id='word_1_231' title='bbox 650 3019 749 3074; x_wconf 86' lang='lat' dir='ltr'>retulit</span> <span class='ocrx_word' id='word_1_232' title='bbox 767 3020 807 3088; x_wconf 82' lang='lat' dir='ltr'>A,</span> <span class='ocrx_word' id='word_1_233' title='bbox 826 3021 924 3074; x_wconf 87' lang='lat' dir='ltr'>rettuli</span> <span class='ocrx_word' id='word_1_234' title='bbox 940 3021 1028 3077; x_wconf 83' lang='lat' dir='ltr'>Halm</span> <span class='ocrx_word' id='word_1_235' title='bbox 1046 3023 1060 3092; x_wconf 82' lang='grc' dir='ltr'>ΙΙ</span> 
     </span>
     <span class='ocr_line' id='line_1_34' title="bbox 89 3085 1063 3162; baseline -0.002 -18"><span class='ocrx_word' id='word_1_236' title='bbox 89 3096 105 3144; x_wconf 87' lang='grc'><strong>6</strong></span> <span class='ocrx_word' id='word_1_237' title='bbox 125 3085 256 3143; x_wconf 87' lang='lat' dir='ltr'>abiecere</span> <span class='ocrx_word' id='word_1_238' title='bbox 268 3087 305 3139; x_wconf 75' lang='grc' dir='ltr'>Α1</span> <span class='ocrx_word' id='word_1_239' title='bbox 341 3087 449 3141; x_wconf 83' lang='lat' dir='ltr'>infelici</span> <span class='ocrx_word' id='word_1_240' title='bbox 465 3088 535 3143; x_wconf 84' lang='lat' dir='ltr'>scire</span> <span class='ocrx_word' id='word_1_241' title='bbox 548 3088 585 3154; x_wconf 91' lang='lat' dir='ltr'>L,</span> <span class='ocrx_word' id='word_1_242' title='bbox 605 3086 725 3141; x_wconf 86' lang='lat' dir='ltr'>infelicis</span> <span class='ocrx_word' id='word_1_243' title='bbox 743 3088 799 3142; x_wconf 90' lang='lat' dir='ltr'>cire</span> <span class='ocrx_word' id='word_1_244' title='bbox 811 3090 850 3142; x_wconf 80' lang='grc' dir='ltr'>Α1</span> <span class='ocrx_word' id='word_1_245' title='bbox 863 3090 901 3157; x_wconf 67' lang='grc' dir='ltr'><em>Μ</em></span> <span class='ocrx_word' id='word_1_246' title='bbox 920 3091 1063 3162; x_wconf 62' lang='lat' dir='ltr'>armoenia</span> 
     </span>
     <span class='ocr_line' id='line_1_35' title="bbox 88 3154 1064 3224; baseline 0 -12"><span class='ocrx_word' id='word_1_247' title='bbox 88 3157 185 3224; x_wconf 72' lang='lat' dir='ltr'>Anu</span> <span class='ocrx_word' id='word_1_248' title='bbox 205 3154 283 3207; x_wconf 89' lang='lat' dir='ltr'>urbis</span> <span class='ocrx_word' id='word_1_249' title='bbox 333 3155 371 3209; x_wconf 83' lang='lat' dir='ltr'>A¹</span> <span class='ocrx_word' id='word_1_250' title='bbox 384 3155 395 3224; x_wconf 87' lang='grc'>11</span> <span class='ocrx_word' id='word_1_251' title='bbox 409 3161 440 3209; x_wconf 81' lang='grc'>15</span> <span class='ocrx_word' id='word_1_252' title='bbox 458 3156 528 3210; x_wconf 87' lang='lat' dir='ltr'>certi</span> <span class='ocrx_word' id='word_1_253' title='bbox 550 3155 706 3224; x_wconf 66' lang='lat' dir='ltr'>.11¹A1fl1r</span> <span class='ocrx_word' id='word_1_254' title='bbox 745 3155 962 3224; x_wconf 75' lang='lat' dir='ltr'>ulorulelltl</span> <span class='ocrx_word' id='word_1_255' title='bbox 980 3159 1064 3212; x_wconf 89' lang='lat' dir='ltr'>mise·</span> 
     </span>
     <span class='ocr_line' id='line_1_36' title="bbox 88 3221 1061 3303; baseline 0.001 -25"><span class='ocrx_word' id='word_1_256' title='bbox 88 3223 180 3278; x_wconf 66' lang='lat' dir='ltr'>rabili</span> <span class='ocrx_word' id='word_1_257' title='bbox 198 3221 279 3276; x_wconf 83' lang='lat' dir='ltr'>L¹A¹</span> <span class='ocrx_word' id='word_1_258' title='bbox 308 3225 362 3290; x_wconf 73' lang='grc'>122</span> <span class='ocrx_word' id='word_1_259' title='bbox 379 3239 519 3303; x_wconf 82' lang='lat' dir='ltr'>nusquam</span> <span class='ocrx_word' id='word_1_260' title='bbox 565 3223 660 3278; x_wconf 73' lang='lat' dir='ltr'>&#39;aar</span> <span class='ocrx_word' id='word_1_261' title='bbox 679 3239 706 3276; x_wconf 88' lang='lat' dir='ltr'>m</span> <span class='ocrx_word' id='word_1_262' title='bbox 738 3223 774 3293; x_wconf 75' lang='lat' dir='ltr'>u‘,</span> <span class='ocrx_word' id='word_1_263' title='bbox 794 3239 949 3292; x_wconf 86' lang='lat' dir='ltr'>numquam</span> <span class='ocrx_word' id='word_1_264' title='bbox 967 3225 1061 3294; x_wconf 76' lang='lat' dir='ltr'>L¹Al</span> 
     </span>
     <span class='ocr_line' id='line_1_37' title="bbox 88 3289 1061 3362; baseline 0.001 -16"><span class='ocrx_word' id='word_1_265' title='bbox 88 3298 123 3346; x_wconf 79' lang='lat'>23</span> <span class='ocrx_word' id='word_1_266' title='bbox 140 3289 223 3344; x_wconf 89' lang='lat' dir='ltr'>inobs</span> <span class='ocrx_word' id='word_1_267' title='bbox 241 3291 279 3345; x_wconf 77' lang='grc' dir='ltr'>Α1</span> <span class='ocrx_word' id='word_1_268' title='bbox 309 3293 313 3356; x_wconf 95' lang='grc' dir='ltr'>Ι</span> <span class='ocrx_word' id='word_1_269' title='bbox 337 3297 419 3344; x_wconf 77' lang='lat'><strong>2410</strong></span> <span class='ocrx_word' id='word_1_270' title='bbox 441 3308 489 3346; x_wconf 83' lang='lat' dir='ltr'>rna</span> <span class='ocrx_word' id='word_1_271' title='bbox 509 3290 613 3346; x_wconf 83' lang='lat' dir='ltr'>sarium</span> <span class='ocrx_word' id='word_1_272' title='bbox 631 3291 720 3356; x_wconf 67' lang='grc' dir='ltr'>Μ’,</span> <span class='ocrx_word' id='word_1_273' title='bbox 745 3292 807 3362; x_wconf 79' lang='lat' dir='ltr'>rogi</span> <span class='ocrx_word' id='word_1_274' title='bbox 824 3291 983 3346; x_wconf 86' lang='lat' dir='ltr'>naefarium</span> <span class='ocrx_word' id='word_1_275' title='bbox 1000 3293 1039 3347; x_wconf 71' lang='lat' dir='ltr'>L&#39;</span> <span class='ocrx_word' id='word_1_276' title='bbox 1057 3295 1061 3362; x_wconf 82' lang='grc' dir='ltr'>Ι</span> 
     </span>
     <span class='ocr_line' id='line_1_38' title="bbox 89 3307 1062 3428; baseline 0.006 -16"><span class='ocrx_word' id='word_1_277' title='bbox 89 3358 204 3428; x_wconf 89' lang='lat' dir='ltr'>munus]</span> <span class='ocrx_word' id='word_1_278' title='bbox 227 3363 292 3428; x_wconf 73' lang='lat' dir='ltr'>post</span> <span class='ocrx_word' id='word_1_279' title='bbox 313 3359 340 3416; x_wconf 81' lang='lat' dir='ltr'>t.</span> <span class='ocrx_word' id='word_1_280' title='bbox 362 3375 390 3413; x_wconf 81' lang='lat' dir='ltr'>u.</span> <span class='ocrx_word' id='word_1_281' title='bbox 414 3307 526 3413; x_wconf 69' lang='lat' dir='ltr'>daesari</span> <span class='ocrx_word' id='word_1_282' title='bbox 549 3361 595 3415; x_wconf 75' lang='lat' dir='ltr'>uel</span> <span class='ocrx_word' id='word_1_283' title='bbox 619 3359 705 3426; x_wconf 63' lang='lat' dir='ltr'>priora</span> <span class='ocrx_word' id='word_1_284' title='bbox 731 3360 814 3414; x_wconf 79' lang='lat' dir='ltr'>etium</span> <span class='ocrx_word' id='word_1_285' title='bbox 837 3360 971 3416; x_wconf 66' lang='lat' dir='ltr'>madiae</span> <span class='ocrx_word' id='word_1_286' title='bbox 993 3378 1062 3418; x_wconf 80' lang='lat' dir='ltr'>cous.</span> 
     </span>
    </p>
   </div>
   <div class='ocr_carea' id='block_1_5' title="bbox 92 3426 1062 3548">
    <p class='ocr_par' dir='ltr' id='par_1_8' title="bbox 92 3426 1062 3548">
     <span class='ocr_line' id='line_1_39' title="bbox 92 3426 1062 3548; baseline 0.005 -68"><span class='ocrx_word' id='word_1_287' title='bbox 92 3426 176 3481; x_wconf 71' lang='lat' dir='ltr'>Gertz</span> <span class='ocrx_word' id='word_1_288' title='bbox 192 3441 224 3493; x_wconf 83' lang='lat' dir='ltr'>p.</span> <span class='ocrx_word' id='word_1_289' title='bbox 242 3430 298 3481; x_wconf 81' lang='lat'>280</span> <span class='ocrx_word' id='word_1_290' title='bbox 320 3428 334 3548; x_wconf 59' lang='lat' dir='ltr'>p</span> <span class='ocrx_word' id='word_1_291' title='bbox 359 3433 392 3480; x_wconf 75' lang='lat'>2⁷</span> <span class='ocrx_word' id='word_1_292' title='bbox 413 3427 543 3496; x_wconf 85' lang='lat' dir='ltr'>proprias</span> <span class='ocrx_word' id='word_1_293' title='bbox 566 3427 605 3495; x_wconf 86' lang='lat' dir='ltr'>(ri</span> <span class='ocrx_word' id='word_1_294' title='bbox 626 3427 659 3481; x_wconf 78' lang='lat' dir='ltr'>ia</span> <span class='ocrx_word' id='word_1_295' title='bbox 679 3430 748 3495; x_wconf 83' lang='lat' dir='ltr'>ras.)</span> <span class='ocrx_word' id='word_1_296' title='bbox 767 3427 807 3492; x_wconf 90' lang='lat' dir='ltr'>L,</span> <span class='ocrx_word' id='word_1_297' title='bbox 820 3429 961 3548; x_wconf 63' lang='lat' dir='ltr'>propias</span> <span class='ocrx_word' id='word_1_298' title='bbox 983 3431 1062 3496; x_wconf 77' lang='lat' dir='ltr'>(corr.</span> 
     </span>
    </p>
   </div>
   <div class='ocr_carea' id='block_1_6' title="bbox 88 3492 1062 3616">
    <p class='ocr_par' dir='ltr' id='par_1_9' title="bbox 88 3492 1062 3616">
     <span class='ocr_line' id='line_1_40' title="bbox 88 3492 1062 3616; baseline 0.005 -69"><span class='ocrx_word' id='word_1_299' title='bbox 88 3495 237 3616; x_wconf 86' lang='lat' dir='ltr'>properas)</span> <span class='ocrx_word' id='word_1_300' title='bbox 250 3494 278 3548; x_wconf 81' lang='lat' dir='ltr'><em>A</em></span> <span class='ocrx_word' id='word_1_301' title='bbox 294 3496 304 3564; x_wconf 82' lang='grc'>11</span> <span class='ocrx_word' id='word_1_302' title='bbox 334 3512 382 3548; x_wconf 90' lang='lat' dir='ltr'>um</span> <span class='ocrx_word' id='word_1_303' title='bbox 400 3497 479 3564; x_wconf 79' lang='lat' dir='ltr'>(corr.</span> <span class='ocrx_word' id='word_1_304' title='bbox 498 3495 601 3563; x_wconf 87' lang='lat' dir='ltr'>edum)</span> <span class='ocrx_word' id='word_1_305' title='bbox 621 3496 650 3550; x_wconf 87' lang='lat' dir='ltr'>et</span> <span class='ocrx_word' id='word_1_306' title='bbox 662 3492 703 3560; x_wconf 88' lang='lat' dir='ltr'>L,</span> <span class='ocrx_word' id='word_1_307' title='bbox 720 3497 803 3550; x_wconf 77' lang='lat' dir='ltr'>tum*</span> <span class='ocrx_word' id='word_1_308' title='bbox 860 3495 915 3564; x_wconf 75' lang='grc'>1129</span> <span class='ocrx_word' id='word_1_309' title='bbox 933 3504 1012 3552; x_wconf 85' lang='lat' dir='ltr'>curat</span> <span class='ocrx_word' id='word_1_310' title='bbox 1027 3497 1062 3565; x_wconf 78' lang='lat' dir='ltr'>A,</span> 
     </span>
    </p>
   </div>
   <div class='ocr_carea' id='block_1_7' title="bbox 170 3562 411 3629">
    <p class='ocr_par' dir='ltr' id='par_1_10' title="bbox 170 3562 411 3629">
     <span class='ocr_line' id='line_1_41' title="bbox 170 3562 411 3629; baseline 0.021 -13"><span class='ocrx_word' id='word_1_311' title='bbox 170 3562 211 3629; x_wconf 88' lang='lat' dir='ltr'>L,</span> <span class='ocrx_word' id='word_1_312' title='bbox 230 3578 278 3618; x_wconf 85' lang='lat' dir='ltr'>cm.</span> <span class='ocrx_word' id='word_1_313' title='bbox 296 3564 328 3617; x_wconf 80' lang='lat' dir='ltr'>in</span> <span class='ocrx_word' id='word_1_314' title='bbox 347 3563 411 3622; x_wconf 80' lang='lat' dir='ltr'>dett.</span> 
     </span>
    </p>
   </div>
   <div class='ocr_carea' id='block_1_8' title="bbox 0 0 1308 3960">
    <p class='ocr_par' dir='ltr' id='par_1_11' title="bbox 0 0 1308 3960">
     <span class='ocr_line' id='line_1_42' title="bbox 0 0 1308 3960; baseline 0 0"><span class='ocrx_word' id='word_1_315' title='bbox 0 0 1308 3960; x_wconf 95' lang='lat' dir='ltr'> </span> 
     </span>
    </p>
   </div>
  </div>
 </body>
</html>
