2606 3952
430 163 508 219 CAP.
528 161 588 230 VII,
609 169 624 228 5
643 170 751 220 10-15.
1033 167 1074 233 89

104 317 163 402 qui
186 337 225 380 ex
247 315 367 381 nostris
389 315 580 382 exercitibus
602 317 644 381 ad
665 316 789 384 Poenos
810 319 1015 400 transierant,
1038 322 1074 386 in

105 423 200 467 suam
232 404 423 485 potestatem
456 401 648 487 redegisset,
683 403 814 490 grauius
846 403 881 470 in
909 402 1073 471 Romanos

105 500 205 572 quam
225 487 261 550 in
276 485 411 551 Latinos
428 488 616 572 transfugas
638 488 880 553 animaduertit:
904 489 963 554 hos
986 491 1072 556 enim

103 577 273 656 tamquam
305 571 429 656 patriae
460 571 619 657 fugitiuos
656 573 802 638 crucibus
836 572 961 658 adfixit,
1001 574 1073 640 illos

13 703 17 724 r
103 661 271 741 tamquam
291 655 429 741 perfidos
452 657 555 722 socios
579 657 681 723 securi
704 659 869 742 percussit.
913 679 980 724 non
1000 675 1099 742 pro-⁵

105 763 222 826 sequar
244 741 305 806 hoc
325 741 449 806 facturn
470 741 615 825 ulterius,
639 745 672 807 et
693 744 768 828 quia
787 742 948 827 Scipionis
971 749 1020 808 cst
1041 749 1074 816 et

13 859 14 864 ¹
107 827 185 911 quia
200 825 346 891 Romano
365 826 520 911 sanguini
539 828 687 910 quamuis
705 828 821 894 merito
841 849 993 912 perpesso
1009 850 1072 893 ser·

105 913 171 980 uile
192 911 386 995 supplicium
409 911 565 976 insultare
585 933 653 978 non
674 913 812 996 adtinet,
835 934 907 978 oum
929 935 1071 998 praeser-

104 997 166 1062 tim
181 996 318 1061 trausire
334 997 374 1062 ad
389 1017 428 1061 aa
444 996 550 1079 Horat,
566 1017 647 1080 quae
662 998 732 1063 sine
747 998 924 1064 domestico
939 998 1072 1064 uulnere

105 1084 199 1168 gesta
213 1082 339 1146 narrari
353 1084 498 1165 possunt.
1087 1100 1112 1140 ιι

172 1167 222 1231 13.
251 1165 337 1232 Nam
358 1167 519 1251 posterior
540 1166 714 1232 Africanus
736 1188 848 1233 auerso
870 1167 994 1233 Punico
1016 1169 1073 1232 irn-

13 1269 14 1274 ’
105 1252 196 1336 perio
219 1255 400 1316 exterarum
422 1251 567 1336 gentium
589 1250 774 1350 transfugas
801 1253 835 1316 in
864 1252 996 1318 edendis
1018 1274 1074 1338 po·

128 1336 183 1401 ulo
199 1337 391 1420 spectaculis
406 1335 484 1401 feris
499 1335 609 1400 bestiis
629 1336 757 1420 obiecrt,
782 1337 830 1400 14.
854 1339 886 1401 at
899 1336 936 1402 L.
954 1337 1073 1403 Paulus

104 1358 236 1486 lersar
278 1425 461 1507 esuperato
484 1421 626 1486 eiusdem
664 1422 767 1486 eueris
789 1424 822 1486 et
842 1421 954 1506 culpae
969 1422 1072 1488 homi-

104 1527 164 1571 nes
188 1505 258 1589 clep
284 1507 369 1570 antis
384 1505 594 1589 proterendos
610 1441 796 1589 substrauit,
818 1507 988 1572 utilissimo
1004 1508 1072 1591 qui·
1087 1522 1111 1564 ιι

105 1589 179 1656 dem
214 1590 376 1678 exemplo,
413 1591 440 1656 si
475 1593 586 1656 tamen
621 1593 695 1656 acta
731 1590 1073 1657 excellentissimorum

13 1721 15 1724 -
105 1677 251 1742 uirorum
273 1675 438 1740 humiliter
459 1675 631 1741 aestimare
653 1675 723 1739 sina
750 1674 941 1740 insolentiae
968 1697 1072 1759 repra·

104 1761 263 1826 honsione
285 1761 499 1844 permittitur:
527 1781 640 1844 aspero
670 1761 757 1826 enim
779 1763 812 1824 et
833 1759 958 1825 absciso
981 1761 1073 1826 casti·

105 1845 248 1932 gationis
263 1865 382 1930 genere
397 1845 545 1910 militaris
559 1846 731 1930 disciplina
745 1844 877 1929 indiget
899 1845 974 1928 quia
987 1845 1073 1910 uires

105 1931 203 1996 armis
220 1934 381 2012 constant,
405 1951 488 2015 quaa
507 1930 563 1994 ubi
586 1951 605 1994 a
627 1937 714 1995 recto
735 1933 848 1995 tenore
870 1929 1111 2015 deseruerimus

105 2036 299 2100 oppressura
320 2019 404 2094 sunt,
427 2015 490 2080 nisi
512 2017 746 2099 opprimantur.

173 2101 221 2165 15.
256 2099 319 2165 Sed
346 2104 474 2184 tempus
502 2105 551 2164 est
577 2121 687 2165 eorum
722 2121 849 2184 quoque
877 2100 1073 2164 mentionem

104 2185 186 2268 ficri,
211 2205 292 2269 quae
307 2185 372 2250 iam
386 2207 454 2250 non
469 2184 554 2249 asin
600 2186 650 2268 lis,
673 2206 785 2249 uerum
803 2185 843 2249 ab
859 2185 1010 2250 uniuerso
1026 2206 1071 2250 se·

13 2343 14 2346 ¹
105 2273 185 2336 natu
207 2290 266 2353 pro
288 2269 422 2334 militari
437 2290 559 2335 moreo
582 2269 715 2335 tinendo
731 2269 996 2353 defendendoque
1019 2270 1071 2334 ad·

105 2356 289 2419 ministrata
310 2357 393 2420 sunt.
439 2354 473 2422 L.
492 2353 633 2420 Marcius
655 2354 804 2419 tribunus
826 2354 975 2435 militurn,
1000 2375 1071 2419 cum
1085 2369 1111 2410 ²5

105 2439 258 2524 reliquias
281 2441 415 2504 duorum
438 2439 634 2504 exercituum
658 2439 753 2503 Publi
776 2441 808 2503 et
830 2439 934 2504 Gnaei
950 2438 1070 2522 Scipio-

105 2546 192 2602 num,
223 2545 302 2608 quos
325 2546 414 2589 arma
436 2523 558 2588 Punica
578 2525 613 2588 in
635 2523 794 2608 Hispania
816 2523 1071 2607 absumpserant,

106 2608 266 2694 dispersas
280 2610 363 2675 mira
377 2610 497 2674 uirtute
514 2608 696 2695 collegisset
718 2629 889 2692 earumque
911 2609 1072 2694 suffragiis

106 2695 170 2759 dux
193 2696 279 2759 esset
300 2698 440 2772 oreatus,
469 2695 595 2758 senatui
618 2694 773 2759 derebus
796 2695 876 2758 actis
899 2715 919 2757 a
940 2713 974 2758 se
997 2695 1071 2758 scri-

105 2779 184 2844 bens
215 2779 250 2843 in
280 2778 366 2844 hunc
394 2779 525 2844 modum
554 2799 645 2844 orsus
674 2783 739 2843 est:
774 2777 820 2842 ‘Ia
845 2777 985 2842 Marcius
1013 2793 1111 2862 proco

105 2868 275 2948 practore’.
314 2865 403 2930 cuius
426 2863 558 2930 honoris
579 2865 788 2947 usurpatione
810 2864 859 2928 uti
882 2884 955 2927 eum
974 2864 1072 2946 patri·

165 3022 189 3094 '5
207 3015 331 3084 perfidos
349 3015 378 3085 (fi
395 3030 416 3074 c.
435 3015 569 3095 bructios
587 3016 614 3069 L
627 3017 636 3085 ΙΙ
654 3021 669 3070 1
687 3014 824 3094 sanguiue
843 3015 924 3068 L¹A¹
937 3016 976 3083 l8
992 3030 1073 3094 prae·

105 3085 202 3139 sertim
230 3098 293 3137 cum
319 3088 490 3152 transportat
511 3084 551 3137 Αξ
574 3085 584 3152 11
609 3090 640 3138 111
662 3083 729 3163 farra
750 3099 800 3138 om.
819 3085 900 3162 Par,
922 3098 1013 3138 macro
1035 3099 1074 3136 aa

104 3157 174 3208 recte
186 3154 196 3222 ΙΙ
210 3157 242 3230 lo
259 3151 430 3231 obterendos
447 3153 517 3208 Par.
535 3153 545 3220 ΙΙ
564 3157 595 3204 17
612 3150 714 3204 humrh
731 3151 776 3205 uel
792 3150 946 3204 humilibus
963 3150 1073 3217 Novak,

104 3237 143 3275 an
164 3219 340 3300 humrlrtatr?
371 3219 743 3300 rf,113‚1,31118,7·u
767 3223 800 3271 22
818 3235 906 3287 quoq:
927 3233 949 3273 a.
969 3219 987 3272 l.
1006 3218 1033 3271 L
1053 3218 1071 3296 Η

104 3293 136 3343 24
152 3303 205 3359 pro
216 3303 255 3351 ,ιιι
272 3304 327 3344 rac.
344 3302 449 3342 macore
459 3288 501 3354 A,
517 3302 591 3358 pr.o
611 3289 655 3355 (ιι
672 3285 779 3356 populo
797 3285 1071 3422 romano)Lssppt1¹¹

13 3353 14 3408 i
105 3357 198 3411 nendo
217 3355 290 3409 LA‘
313 3357 323 3424 ΙΙ
347 3355 571 3411 administranda
589 3355 659 3409 LA¹
684 3357 693 3423 ΙΙ
718 3359 750 3408 25
768 3354 838 3420 trr'b;
857 3353 906 3406 mil
925 3354 984 3422 (cic)

104 3431 136 3479 26
154 3442 181 3493 p.
201 3426 231 3478 et
252 3441 299 3492 gn.
316 3423 344 3478 A
365 3424 375 3491 ΙΙ
396 3429 429 3477 2⁷
451 3423 585 3490 punicum
604 3422 672 3476 Lm
695 3423 705 3490 ΙΙ
725 3421 885 3490 hispaniam
903 3422 974 3475 ΠΛ
1025 3422 1071 3476 ad·

105 3493 283 3562 sumpserant
294 3493 331 3544 ΑΙ
351 3497 376 3546 ct
393 3491 502 3548 ataid.
522 3491 550 3558 (b
568 3491 601 3544 ιἰι
612 3491 678 3557 rus.)
697 3490 734 3543 L¹
748 3490 804 3557 1128
823 3489 950 3558 dispersa
967 3490 1039 3543 L1A
1058 3490 1070 3558 ll

13 3599 14 3630 ,
33 3565 42 3578 '
107 3568 137 3618 31
156 3562 287 3630 praetore
307 3559 366 3630 (aed
384 3575 417 3614 ae
435 3559 468 3612 ia
484 3562 550 3626 raa.)
567 3560 595 3613 A
