2608 3952
225 166 289 228 240
651 163 719 216 LIB.
740 163 773 221 V.

226 315 346 379 uirtute
368 315 468 379 animi
490 336 526 379 ac
548 316 663 381 robore
686 314 833 380 dexterae
861 317 1061 381 comminuit.
1099 318 1201 382 huius

225 403 334 464 tamen
357 401 504 464 summoti
527 400 568 464 ab
591 400 843 464 Atheniensibus
866 401 994 485 Scyros,
1023 402 1115 466 exule
1139 404 1202 467 mi·

226 506 289 550 nor
311 485 431 568 insula,
456 506 528 549 ossa
552 485 668 548 mortui
690 487 785 568 cepit.

290 569 357 634 Iam
386 569 500 647 Solon,
532 569 588 652 qui
619 572 686 633 tam
720 569 902 653 praeclaras
933 574 1062 654 tamque
1097 571 1200 636 utiles

200 654 479 720 cAtheniensibus
501 654 590 738 leges
611 653 697 735 tulit,
719 657 766 738 ut,
788 655 816 717 si
837 653 887 718 his
907 659 1062 738 perpetuo
1076 656 1127 719 uti
1143 677 1201 721 uo·

226 741 370 818 luissent,
394 739 622 821 sempiternum
643 739 783 802 habituri
798 739 921 803 fuerint
934 741 1116 823 imperium,
1142 742 1201 824 qui

227 823 422 890 Salaminam
450 822 541 886 uelut
568 823 720 887 hostilem
748 844 853 887 arcem
882 845 922 887 ex
943 844 1125 908 proprnquo
1150 847 1200 889 sa·

226 909 286 973 luti
314 928 422 972 eorum
453 906 666 970 inminentem
698 909 914 991 recuperauit,
949 909 1003 992 qui
1030 908 1198 974 Pisistrati

226 992 428 1078 tyrannidem
450 992 572 1072 primus
594 991 676 1056 uidit
698 993 870 1073 orientem,
898 993 986 1057 solus
1013 992 1109 1057 arrnis
1138 1015 1198 1077 op-

188 1099 213 1138 ιο
225 1077 321 1162 primi
344 1076 458 1139 debere
486 1075 592 1158 palarn
619 1076 766 1141 dictitare
788 1083 833 1143 est
858 1099 969 1160 auena,
998 1080 1198 1143 senectutem

227 1160 326 1244 Cypri
348 1160 504 1244 profugus
527 1161 647 1246 exegit,
674 1182 778 1246 neque
805 1162 835 1226 ei
856 1163 890 1226 in
916 1163 1037 1247 patria,
1066 1165 1104 1228 de
1130 1184 1199 1245 qua

226 1247 347 1329 optime
369 1249 543 1328 meruerat,
566 1245 693 1308 humari
715 1246 862 1331 contigit.

291 1328 378 1393 Bene
401 1329 543 1415 egissent
558 1329 773 1394 Athenienses
796 1352 868 1395 cum
884 1330 1046 1412 Miltiade,
1071 1331 1098 1394 ri
1121 1353 1196 1396 eum

225 1417 300 1499 post
322 1429 387 1478 cco
408 1414 497 1478 milia
518 1414 688 1479 Persarum
710 1414 901 1479 Marathone
924 1416 1052 1479 deuicta
1072 1415 1108 1479 in
1131 1417 1197 1479 exi·

187 1522 212 1561 rs
226 1501 302 1564 lium
330 1499 477 1583 protinus
504 1499 669 1564 misissent
698 1521 736 1564 ac
758 1522 824 1564 non
851 1501 1036 1564 incarcere
1063 1503 1095 1564 et
1123 1500 1195 1564 uin-

225 1585 304 1650 culis
325 1587 408 1649 mori
430 1583 621 1668 coegissent.
658 1588 701 1666 at,
723 1588 811 1668 puto,
832 1585 986 1648 hactenus
1001 1585 1124 1648 saeuire
1140 1585 1195 1648 ad-

224 1691 335 1734 uersus
358 1669 478 1753 optime
500 1669 649 1734 meritum
672 1668 798 1733 abunde
821 1670 989 1733 duxerunt.
1031 1669 1195 1733 immone

226 1776 342 1838 corpus
371 1753 499 1837 quidem
528 1754 594 1818 eius
623 1755 668 1817 sic
700 1755 844 1836 expirare
877 1754 980 1818 coacti
1009 1754 1195 1837 sepulturae

225 1838 315 1922 prius
338 1837 482 1901 mandari
503 1838 591 1920 passi
612 1841 689 1903 sunt
710 1859 805 1922 quam
821 1838 913 1903 Cimo
934 1839 1019 1902 filius
1043 1839 1109 1902 eius
1134 1839 1195 1904 eis·

188 1945 213 1986 ro
228 1922 299 1987 dem
323 1943 356 1986 se
378 1922 516 1986 uinculis
533 1923 819 2008 constringendum
833 1923 981 1987 traderet.
1004 1923 1089 1988 hanc
1103 1924 1196 1988 here·

226 2007 360 2071 ditatem
381 2008 550 2089 paternam
572 2007 703 2072 maximi
725 2007 814 2072 ducis
837 2008 921 2072 filius
937 2007 1107 2071 etfuturus
1124 2008 1195 2091 ipse

226 2092 339 2154 aetatis
362 2111 438 2154 suae
460 2091 525 2154 dux
539 2093 698 2156 maximus
713 2093 815 2157 solam
837 2114 871 2156 se
887 2092 1041 2176 creuisse,
1064 2097 1194 2157 catenas

226 2179 259 2238 et
281 2195 455 2258 carcerem,
479 2175 612 2260 gloriari
635 2178 752 2260 potuit.

290 2259 448 2323 Aristides
471 2261 583 2344 etiam,
608 2282 671 2343 quo
693 2262 794 2326 totius
810 2261 962 2326 Graeciae
978 2260 1103 2325 iustitia
1119 2282 1193 2326 cen-

188 2364 213 2405 ea
227 2346 325 2425 satur,
348 2345 563 2409 continentiae
586 2366 712 2428 quoque
728 2347 878 2410 eximium
894 2348 1065 2429 specimen,
1088 2346 1195 2430 patria

225 2428 330 2492 iussus
345 2429 494 2494 excedere
510 2433 569 2494 est.
603 2430 711 2494 felices
726 2430 880 2512 Athenas,
905 2452 987 2514 quae
1009 2434 1083 2514 post
1105 2431 1193 2495 illius

226 2513 355 2576 exilium
372 2514 517 2578 inuenire
533 2516 671 2599 aliquem
687 2519 742 2578 aut
756 2517 861 2580 uirum
877 2517 997 2579 bonum
1013 2517 1069 2579 aut
1085 2537 1192 2578 aman-

225 2601 290 2661 tem
313 2598 363 2661 sui
386 2598 488 2663 ciuem
510 2603 699 2682 potuerunt,
728 2621 800 2664 curn
827 2621 890 2684 quo
919 2604 999 2665 tunc
1026 2599 1097 2682 ipsa
1119 2622 1192 2664 san-

225 2681 319 2747 ctitas
342 2684 508 2768 migrauit!

295 2875 307 2921 1
327 2869 414 2923 animi
431 2870 463 2922 ia
480 2885 535 2924 rue.
554 2869 593 2935 A,
611 2869 694 2923 amici
711 2869 749 2923 L¹
774 2872 783 2939 ss
805 2877 820 2923 2
839 2886 919 2938 cyros
937 2869 982 2934 L1‚
1002 2884 1102 2938 cypros
1120 2869 1159 2922 L²
1178 2870 1191 2938 lt

225 2936 308 2990 exule
326 2937 365 3000 L,
385 2937 486 2992 exule*
503 2938 531 2990 A
543 2937 552 3006 ΙΙ
570 2944 585 2991 3
603 2938 697 3005 eoepit
714 2937 793 3005 LA¹,
812 2938 884 2992 texit
900 2939 971 2992 Pur.
988 2937 997 3005 ΙΙ
1016 2942 1030 2991 '1
1050 2935 1193 2991 Salamina

224 3009 292 3058 uett.
311 3004 376 3058 dett.
394 3010 427 3060 ut
448 3004 531 3058 VIII
545 3009 579 3059 14
597 3010 682 3061 emal
699 3006 741 3074 118
759 3006 904 3075 pysistrati
921 3005 959 3058 Αἱ
973 3006 982 3073 ΙΙ
1002 3011 1033 3060 10
1051 3003 1193 3060 dicititare

226 3072 247 3138 (i
260 3077 325 3140 poet
343 3089 357 3126 e
376 3089 445 3127 erac.
465 3079 569 3140 etpost
586 3075 599 3126 t
616 3077 683 3126 ra2
700 3079 780 3137 corr.)
798 3074 839 3138 L,
862 3071 979 3126 dicitare
997 3072 1035 3125 A¹
1053 3072 1063 3141 ΙΙ
1081 3074 1125 3126 est
1141 3087 1191 3127 om.

225 3139 312 3205 L¹A,
328 3145 392 3208 poet
410 3155 494 3195 ausus
512 3141 641 3208 supplent
659 3139 720 3194 edd.
738 3145 812 3207 ueta,
830 3147 895 3196 uate
911 3141 937 3193 h.
949 3157 976 3196 u.
989 3139 1076 3194 Halm
1089 3141 1098 3209 ΙΙ
1113 3146 1142 3193 11
1157 3141 1192 3194 de

225 3209 291 3261 dett.
310 3223 391 3274 omn,
408 3208 598 3276 om.ALl{13
615 3207 688 3261 bene
708 3209 764 3274 (sed
782 3224 817 3262 ne
835 3211 901 3266 Μ
917 3207 998 3276 add.)
1016 3208 1061 3275 ΑΙ
1084 3213 1117 3261 14
1135 3223 1193 3261 ma-

224 3275 325 3329 ratone
344 3275 370 3328 L
391 3277 401 3344 l
424 3281 455 3330 16
473 3278 503 3329 at
519 3275 699 3342 Perizonius,
717 3276 751 3328 ut
768 3276 827 3329 LA
847 3277 990 3345 Hactenus
1007 3275 1045 3328 A¹
1069 3277 1073 3344 Ι
1092 3282 1122 3329 17
1140 3291 1192 3330 nce

224 3342 263 3395 A¹
287 3344 298 3410 11
322 3348 354 3397 19
378 3343 455 3397 Cimo
478 3358 564 3412 marp.
582 3343 610 3396 A
628 3348 653 3397 et
670 3343 752 3410 Par„
778 3359 879 3412 cymon
898 3344 937 3409 L,
962 3343 1017 3397 cim
1032 3346 1071 3410 A,
1095 3342 1193 3398 Cimon

224 3409 324 3473 Halm,
343 3416 373 3464 at
391 3411 426 3476 ef.
444 3410 502 3464 Vr
520 3417 572 3468 ert.
585 3414 605 3465 2
617 3411 627 3480 ΙΙ
640 3409 739 3464 eiures
755 3411 796 3478 A,
816 3411 940 3465 eiusdem
960 3411 987 3465 L
999 3413 1010 3480 ΙΙ
1027 3417 1059 3465 22
1074 3412 1193 3474 catenas

225 3477 255 3530 ct
273 3492 412 3530 carcarem
436 3479 542 3535 dolend.
561 3494 631 3533 cena.
650 3478 746 3533 Heller
763 3481 795 3533 ia
811 3479 911 3534 Philol.
930 3483 1000 3534 1869
1016 3495 1044 3548 p.
1056 3481 1108 3534 363
1129 3480 1138 3547 l
1161 3486 1194 3533 24
1285 3551 1286 3556 ¹

224 3542 276 3594 sub
295 3557 350 3609 quo
368 3545 437 3601 Pur.
451 3545 461 3612 ΙΙ
474 3545 596 3600 iustitiae
613 3545 683 3599 LA¹
