2606 3952
403 159 481 214 one.
500 159 568 227 1111,
585 165 636 225 55.
664 160 699 225 v,
712 162 727 222 s
740 167 815 216 1-4.
1053 164 1094 231 73

190 315 220 377 2.
254 311 309 377 lus
331 313 425 377 ciuile
446 313 628 396 permulta
649 315 776 379 saecula
791 315 876 379 inter
891 336 981 380 sacra
996 316 1094 380 caeri-

122 399 313 481 moniasque
350 397 482 462 deorum
514 398 735 463 inmortalium
773 400 917 464 abditum
954 401 1093 485 solisque

124 482 334 566 pontificibus
355 487 469 547 notum
491 482 547 549 On.
564 482 692 548 Flauius
714 482 866 549 libertino
888 487 981 568 patre
1003 487 1093 570 geni-

122 577 177 631 tur
207 572 239 631 et
266 567 381 650 scriba,
409 589 482 632 cum
507 568 634 653 ingenti
661 568 842 633 nobilitatis
869 569 1093 654 indignatione

122 652 229 716 factus
252 650 364 716 aedilis
388 653 518 730 curulis,
542 653 691 737 uulgauit
711 674 751 718 ac
771 654 874 718 fastos
896 675 1000 738 paene
1022 657 1120 719 totos

122 737 196 801 foro
219 737 377 821 exposuit.
414 739 480 820 qui,
503 758 576 801 cum
598 737 637 802 ad
652 738 822 803 uisendum
845 760 979 824 aegrum
1002 739 1092 803 colle

126 843 202 908 gam
224 843 316 886 suum
340 821 466 886 ueniret
493 843 597 906 neque
627 844 646 886 a
668 823 847 906 nobilibus,
875 845 1012 908 quorum
1033 823 1094 887 fre·

124 907 257 990 quentia
276 906 458 971 cubiculum
473 911 542 970 crat
556 906 759 991 completum,
782 909 912 972 sedendi
928 907 998 973 loco
1013 908 1095 972 reci-

124 994 265 1075 peretur,
282 991 393 1056 sellam
409 991 551 1056 curulem
566 991 684 1057 adferri
699 993 792 1056 iussit
807 997 840 1057 et
859 994 893 1057 in
909 1015 947 1058 ea
960 993 1094 1057 honoris

124 1076 247 1159 pariter
268 1079 365 1160 atque
385 1080 591 1160 contemptus
611 1078 660 1141 sui
680 1077 799 1141 uindex
821 1077 976 1144 consedit.
1107 1103 1132 1142 rc

188 1161 219 1224 3.
271 1159 430 1226 Veneficii
466 1161 611 1245 quaestio
649 1164 681 1225 et
714 1162 857 1227 moribus
901 1166 935 1228 et
970 1162 1095 1248 legibus

123 1243 280 1310 Romanis
308 1246 422 1330 ignota
455 1246 655 1330 conplurium
683 1250 903 1311 matronarum
931 1248 1095 1332 patefacto

125 1330 245 1394 scelere
267 1333 338 1394 orta
360 1333 417 1396 est
456 1352 552 1415 quae,
577 1353 649 1396 cum
671 1333 761 1396 uiros
788 1353 861 1396 suos
884 1332 1094 1396 clandestinis

122 1414 250 1478 insidiis
277 1436 403 1479 ueneno
437 1416 648 1499 perimerent,
683 1417 777 1480 unius
805 1417 943 1481 ancillae
973 1417 1094 1481 iudicio

123 1502 318 1582 protractae,
331 1521 404 1583 pars
416 1501 545 1584 capitali
561 1500 680 1565 iudicio
694 1501 863 1565 damnatae
880 1499 905 1567 0
927 1505 1135 1586 etseptua·1s

126 1583 220 1668 ginta
241 1605 411 1648 numerum
433 1585 652 1669 expleuerunt.

187 1670 217 1734 4.
262 1667 447 1733 Tibicinum
479 1691 606 1754 quoque
639 1669 809 1753 collegium
842 1668 923 1733 solet
955 1671 989 1733 in
1021 1668 1094 1735 foro

125 1754 216 1837 uulgi
243 1753 352 1818 oculos
381 1755 415 1817 in
443 1775 476 1818 se
505 1757 706 1833 conuertere,
737 1774 809 1818 cum
835 1754 921 1818 inter
949 1753 1096 1837 publicas

17 1851 18 1870 ¹
124 1839 330 1923 priuatasque
346 1839 445 1902 serias
459 1841 600 1904 actiones
616 1840 761 1923 personis
776 1843 862 1903 tecto
874 1839 978 1925 capite
992 1840 1095 1903 uaria·

17 1969 18 1974 1
124 1944 185 2006 que
208 1927 297 1987 ueste
320 1923 461 1987 uelatum
484 1929 657 1988 concentus
673 1923 748 1989 edit.
781 1924 856 1988 inde
871 1928 976 1989 tracta
990 1923 1091 1988 licen·
1105 1947 1131 1987 ao

124 2008 180 2074 tia.
216 2007 376 2092 quondam
400 2008 493 2072 uetiti
515 2009 549 2072 in
572 2009 649 2073 aede
664 2008 761 2091 Iouis,
784 2007 869 2092 quod
885 2009 990 2092 prisco
1006 2028 1096 2074 more

125 2092 370 2175 factitauerant,
392 2093 480 2157 uesci
501 2092 601 2157 Tibur
622 2093 697 2157 irati
718 2115 752 2158 se
767 2093 985 2158 coutulerunt.
1019 2114 1094 2177 quo·

17 2201 18 2210 ¹
124 2198 197 2240 rum
229 2177 407 2241 ministerio
442 2186 571 2242 senatus
605 2177 732 2242 deserte
764 2199 855 2243 sacra
890 2199 958 2242 non
995 2199 1096 2261 aequo

126 2262 235 2326 animo
257 2262 365 2326 ferens
386 2284 443 2346 per
464 2261 589 2347 legatos
611 2284 630 2325 a
651 2262 840 2328 Tiburtibus
862 2264 957 2347 petiit
982 2266 1018 2326 ut
1041 2284 1094 2327 eos

126 2347 232 2430 gratia
254 2367 312 2411 sua
326 2346 478 2410 Romanis
500 2348 630 2431 templis
644 2347 859 2415 restituerent.
891 2369 972 2432 quos
995 2347 1043 2410 illi
1057 2348 1093 2411 in
1108 2369 1133 2410 ec

125 2431 292 2515 proposito
321 2436 563 2514 perseuerantes
592 2431 782 2516 interposita
808 2432 911 2496 festae
942 2431 1096 2515 epulatio·

126 2517 178 2580 nis
202 2516 408 2580 simulatione
431 2537 519 2580 mero
541 2535 717 2600 somnoque
739 2518 862 2599 sopitos
887 2516 1039 2600 plaustris
1061 2517 1096 2581 iu

127 2601 241 2664 urbem
264 2601 467 2665 deuehendos
492 2606 692 2666 curauerunt.
726 2602 841 2684 quibus
863 2606 896 2665 et
909 2601 1011 2666 honos
1033 2603 1097 2686 pri-

193 2758 209 2805 4
228 2753 258 2806 et
274 2752 346 2816 LA,
367 2768 401 2807 ex
417 2752 537 2822 Wcarlcy
549 2755 619 2807 1881
632 2767 663 2820 p.
675 2755 735 2810 781.
755 2752 945 2820 probabiliter,
964 2769 991 2807 a.
1004 2759 1096 2808 tamen

17 2813 20 2832 '
124 2819 894 2890 Plia.a.o.xxxr111,c,17nsedilisn,edulis1;¹
910 2822 919 2890 1
932 2820 1019 2874 fastos
1030 2821 1058 2874 Α
1071 2826 1096 2876 er

17 3539 20 3553 .
123 3505 156 3554 28
173 3498 244 3570 urbp
261 3499 288 3551 A
301 3499 311 3566 1
324 3499 492 3569 derueslhen

125 2893 221 2943 sonte
238 2889 251 2941 t
268 2889 300 2942 ia
317 2904 372 2942 ras.
386 2888 426 2952 L,
447 2888 536 2942 fastus
554 2904 615 2943 mar
633 2887 910 2957 erPar.llpene
923 2887 979 2942 LA
990 2890 1000 2957 11
1012 2889 1094 2942 immo

125 2957 201 3009 totos
213 2955 310 3014 Halm,
329 2956 404 3010 circa
420 2957 512 3010 forum
526 2955 592 3010 Liu.
607 2903 718 3022 dmr,
730 2957 777 3021 46,
791 2959 809 3010 5
827 2955 996 3025 l'lueuisset
1007 2955 1095 3010 Halm

126 3025 220 3079 cPar.
239 3023 360 3091 ctNep.,
379 3028 409 3078 at
426 3023 562 3078 cuneo
599 3025 707 3091 ,51115
725 3023 801 3091 capit
831 3025 856 3076 i*
869 3023 924 3077 LA
937 3024 947 3091 11
960 3023 1095 3078 damnata

124 3091 164 3145 A*
176 3093 186 3160 l
201 3097 233 3145 19
252 3091 339 3145 serias
351 3094 420 3147 Per.
433 3096 459 3146 ct
467 3092 562 3160 prima
574 3038 627 3146 dtr.
641 3092 674 3144 ia
684 3107 739 3145 ras.
751 3091 792 3157 A,
810 3091 894 3146 ferias
906 3091 933 3144 L
951 3097 975 3146 ct
994 3092 1059 3148 dett.
1081 3093 1093 3160 11

124 3165 158 3214 20
169 3158 267 3214 uelatri
286 3161 348 3228 (scd
359 3158 377 3213 fi
389 3160 423 3213 ia
433 3162 503 3227 ras.)
516 3162 554 3222 A,
575 3159 678 3213 uelatis
690 3159 717 3211 L
729 3163 754 3212 et
767 3159 831 3213 dett.
845 3159 856 3228 ss
869 3161 1019 3213 concentus
1037 3157 1095 3212 edi·

124 3227 166 3281 dit
184 3229 263 3296 (corr.
278 3243 292 3281 c
308 3228 484 3281 concentus*
502 3226 591 3293 dedit)
604 3229 654 3292 11²,
671 3228 809 3281 concentu
827 3243 856 3280 se
875 3225 954 3280 dedit
971 3226 1007 3291 L,
1026 3227 1093 3285 add.

124 3295 182 3349 edit
199 3308 294 3364 rnarpo
309 3295 337 3348 A
355 3311 368 3349 e
384 3295 453 3353 Par.
469 3296 481 3365 11
503 3301 536 3348 24
553 3309 587 3366 p*
604 3295 714 3363 legatos
732 3310 750 3348 a
766 3293 899 3358 tiburtib3
919 3295 977 3363 (sed
1029 3300 1096 3349 uate

122 3363 140 3416 l.
161 3368 186 3417 et
203 3363 257 3419 litt.
275 3378 305 3416 os
321 3379 339 3416 a
355 3363 368 3415 t
385 3363 418 3416 ia
433 3365 500 3430 rac.)
514 3364 549 3426 A.
575 3363 634 3417 ale
656 3362 710 3416 atis
727 3377 779 3439 per
795 3361 926 3424 tiburtib;
946 3363 985 3440 (sc
1022 3362 1054 3426 b;
1072 3379 1094 3422 s,

120 3431 148 3496 ²³
168 3431 194 3484 L
216 3431 226 3498 l
246 3431 321 3500 ul
338 3380 808 3567 ωηιξῖἕεῖἓῗὲἓῗέῑι
821 3430 1092 3565 luerunt*

29 3561 36 3572 '
122 3566 210 3620 stinus
228 3572 308 3620 cetra
323 3582 394 3621 uere.
407 3584 441 3625 m.
453 3569 483 3634 2)
496 3566 524 3619 A
