2550 3958
247 171 311 238 502
520 168 588 223 um.
606 169 656 222 111.
688 167 766 227 oar.
785 174 810 234 a,
826 173 932 225 ra-re.

248 329 304 388 bus
327 328 407 387 inter
428 327 548 388 Elaeam
571 329 602 387 et
626 328 786 403 Zmyrnam
808 327 967 401 exceptus,
989 343 1029 384 ue
1054 331 1216 402 caperetur,

247 415 383 491 uirgam,
405 431 464 488 qua
486 412 524 472 ad
546 411 710 488 regendum
732 430 842 486 equum
857 428 928 470 usus
942 409 1057 486 fuerat,
1084 411 1122 470 in
1140 413 1217 470 unius
1240 409 1241 412 ’

249 498 369 557 barbari
392 497 509 558 oculum
533 496 650 556 direxit.
675 495 730 572 qui
753 496 786 554 ui
809 494 920 555 doloris
941 511 1090 554 accensus
1109 495 1175 556 sica
1187 496 1217 553 la·

251 585 300 642 tus
324 581 423 643 Crassi
446 580 589 641 confodit.

199 671 231 722 13
314 666 412 743 Scipio
440 666 578 726 Metellus
611 665 771 725 infeliciter
799 663 854 724 On.
881 663 1004 739 Pompei
1038 666 1157 740 generi
1185 664 1230 723 suis

251 751 381 813 defensis
408 751 545 828 partibus
572 768 667 824 naue,
701 769 761 825 qua
781 747 955 821 uehebatur,
988 746 1217 808 aGaesarianis

251 838 338 913 capta
359 835 459 913 gladio
483 854 514 895 se
536 834 664 895 traiecit.
688 831 860 910 ‘imperator
875 852 906 894 se
921 832 998 892 bene
1011 831 1126 892 habet'
1144 852 1218 910 quae

249 920 385 981 rentibus
406 937 436 980 sa
458 919 644 980 Caesarianis
666 919 831 995 respondit.

200 1009 232 1056 14
314 1004 387 1065 Cato
408 1004 497 1064 uictis
520 1023 538 1064 a
560 1003 684 1064 Caesare
705 1003 843 1080 partibus
866 1002 928 1064 suis
950 1000 1053 1080 gladio
1077 1021 1116 1063 se
1133 1008 1218 1064 trans·

250 1089 337 1149 fodit.
1226 1099 1235 1135 ¹³

200 1176 232 1226 15
314 1172 419 1232 Porcia
442 1171 504 1232 filia
525 1171 661 1248 (tatonis,
684 1189 759 1231 uxor
780 1171 883 1248 Bruti,
906 1188 973 1230 cum
995 1170 1056 1230 uiri
1080 1173 1135 1232 sui
1159 1193 1218 1234 eou-

249 1257 351 1317 silium
379 1258 415 1317 de
443 1257 650 1318 interficiendo
673 1254 798 1316 Caesare
827 1256 1031 1335 cognouisset,
1062 1257 1220 1318 cultellum

249 1342 414 1402 tonsorium
443 1343 529 1418 quasi
555 1341 701 1420 unguium
723 1340 948 1401 resecandorum
970 1358 1062 1400 causa
1084 1343 1220 1419 poposcit

250 1445 344 1503 eoque
366 1427 450 1487 uelut
471 1427 549 1486 forte
571 1427 670 1501 elapso
692 1444 725 1486 se
745 1425 928 1485 uulnerauit.
957 1423 1090 1485 clamore
1117 1427 1219 1487 deiude

250 1512 424 1571 ancillarum
457 1512 489 1570 in
522 1510 692 1571 cubiculum
725 1511 879 1570 reuocatus
912 1509 1024 1568 Brutus
1060 1510 1232 1590 obiurgare*

250 1614 318 1655 eam
346 1596 457 1673 coepit,
486 1596 566 1671 quod
594 1595 725 1655 tonsoris
747 1594 961 1671 praeripuisset
983 1592 1138 1656 officium.
1186 1597 1221 1656 cui

250 1680 303 1740 illa
326 1680 489 1757 ‘experiri’
512 1680 613 1756 iuquit
635 1679 749 1752 ‘uolui,
774 1680 800 1739 si
821 1679 879 1738 tibi
899 1678 1092 1755 propositum
1121 1700 1222 1757 parum

250 1784 286 1825 ex
319 1766 466 1825 sententia
494 1765 646 1838 cessisset,
679 1783 768 1840 quam
796 1782 891 1840 aequo
920 1764 1019 1823 animo
1050 1782 1103 1823 me
1137 1785 1223 1827 essen

250 1850 494 1926 interemptura'.

202 1937 233 1986 16
316 1932 390 1994 Oato
413 1934 579 2007 censorius,
603 1951 670 1993 cum
693 1934 720 1992 ei
741 1933 774 1993 in
795 1933 874 1992 bello
896 1932 1005 2010 uagina
1027 1931 1162 2008 gladius
1186 1955 1222 1994 ex·

252 2018 382 2094 cidisset,
394 2017 561 2078 subiectum
573 2017 783 2095 proeliantium
798 2017 888 2094 globo
903 2014 1075 2092 intrepidus
1092 2021 1224 2080 sustulit

202 2106 233 2156 17
316 2100 391 2162 Cum
413 2102 458 2162 Ti.
481 2101 631 2163 Gracchus
654 2102 752 2178 palam
774 2102 891 2163 senatui
912 2102 1096 2175 minaretur,
1125 2123 1225 2165 consu·

251 2186 384 2246 lentibus
417 2187 554 2262 patribus
584 2187 621 2246 de
649 2189 730 2246 statu
758 2187 802 2247 rei
829 2205 860 2262 p.
889 2203 922 2245 ac
950 2185 987 2245 de
1014 2186 1225 2249 interemendo

253 2269 385 2330 Graccho
409 2270 623 2348 cogitantibus,
647 2259 790 2331 Scaeuola
809 2270 935 2348 negauit
955 2289 987 2330 se
1009 2270 1189 2347 quidquam
1203 2273 1225 2330 ui

252 2375 315 2416 esse
343 2359 489 2417 acturum.
535 2375 594 2432 quo
622 2357 756 2416 incusato
788 2354 890 2431 Scipio
917 2354 1026 2414 Nasica
1054 2373 1088 2414 se
1120 2357 1224 2419 ducem

250 2441 404 2518 pollicitus
427 2436 489 2520 [aa]
513 2440 629 2500 laeuam
651 2459 772 2500 manum
793 2442 856 2500 imo
877 2443 963 2516 parte
985 2441 1075 2515 togae
1100 2443 1226 2503 circum·

253 2527 336 2586 dedit
358 2527 534 2602 sublataque
557 2525 662 2584 dextra
681 2525 888 2602 proclamauit,
912 2523 975 2600 ‘qui
991 2525 1225 2599 rempublicam

253 2611 365 2671 saluam
388 2629 451 2671 esse
473 2612 542 2670 uult
563 2629 610 2669 me
633 2611 798 2686 sequatur’.
1239 2605 1240 2618 ¹

203 2699 234 2749 18
317 2693 392 2754 (lum
414 2694 646 2771 tribuniplebis
669 2693 850 2754 Saturninus
871 2695 903 2752 et
916 2691 1057 2768 Equitius
1082 2695 1115 2751 et
1142 2714 1240 2770 prae,

174 2841 178 2850 ,
251 2783 301 2840 tor
322 2778 445 2840 Glaucia
472 2779 617 2839 maximos
646 2780 678 2838 in
700 2778 824 2838 ciuitate
846 2776 1027 2837 seditionum
1049 2779 1162 2839 motus
1187 2767 1240 2858 erl

253 2864 395 2937 citarent,
429 2862 470 2920 M.
501 2862 648 2923 Aemilius
676 2862 805 2922 Scaurus
834 2862 895 2921 iam
927 2879 1017 2921 senex
1050 2861 1226 2923 exhortatus

252 2949 381 3020 Marium
402 2947 521 3009 sextum
544 2947 732 3008 consulatum
755 2950 909 3024 gerentem
932 2947 967 3004 ut
988 2963 1051 3004 rem
1072 2965 1106 3021 p.
1131 2949 1227 3008 uindi-

253 3035 347 3108 caret,
380 3033 467 3094 iuesit
495 3032 553 3092 sibi
580 3051 662 3091 arma
691 3031 800 3091 adferri
830 3033 1021 3105 armatusque
1050 3033 1122 3089 ante
1153 3033 1226 3093 foras

255 3119 351 3181 curiae
375 3119 459 3179 stetit
480 3119 600 3193 ictuque
622 3118 685 3177 saxi
708 3117 884 3176 uulneratus
907 3116 962 3174 est.

323 3220 335 3266 1
355 3214 444 3269 aleam
464 3215 522 3272 cod.
540 3213 627 3269 Halm
648 3214 659 3282 11
676 3228 817 3281 smyrnam
835 3227 870 3266 m.
882 3213 910 3265 2.
936 3210 971 3276 cf.
985 3207 1047 3265 Vct.
1059 3208 1099 3277 la
1118 3211 1225 3280 uirga!

254 3285 270 3333 a
287 3278 356 3333 naui
373 3297 406 3340 m.
418 3284 438 3335 2
450 3283 488 3351 tlt
506 3281 630 3351 traiecit]
650 3297 690 3335 an
706 3279 829 3334 addend.
848 3279 896 3334 et?
910 3279 948 3346 ΗΒ
966 3294 995 3333 se
1007 3275 1101 3344 suppl.
1115 3276 1226 3334 Gertr'.

253 3359 304 3403 om.
322 3346 548 3418 cod.Hoimll14
565 3348 644 3401 labeo
663 3347 732 3412 cod,
750 3363 797 3404 cm,
816 3346 903 3401 Halm
921 3343 1007 3399 Ναὶ.
1021 3345 1031 3409 ΙΙ
1044 3347 1077 3396 24
1097 3347 1228 3414 cogitau-

253 3411 343 3480 tibus]
363 3415 428 3467 add.
450 3432 506 3470 cos.
525 3415 634 3468 Mucius
654 3414 755 3468 Gertz*
767 3413 777 3481 ΙΙ
791 3414 943 3481 quicquam
960 3413 1028 3467 Μ
1044 3410 1055 3478 Ι
1074 3415 1110 3464 26
1130 3429 1171 3468 ac
1192 3417 1227 3469 in·

253 3477 333 3540 clusi,
355 3481 465 3534 mauult
488 3483 572 3550 (est)
591 3497 623 3535 ac
647 3481 748 3535 eme*
772 3482 782 3547 ΙΙ
805 3482 863 3533 ima
884 3479 975 3548 suppl.
993 3491 1043 3532 nos
1061 3482 1088 3531 ct
1108 3477 1228 3536 aenea.

254 3554 305 3593 om.
325 3544 384 3600 eod.
403 3546 492 3601 Halm
