2608 3952
245 143 307 208 238
666 138 735 194 nie.
755 139 790 193 v.

244 314 322 358 nore
345 314 422 358 cura
449 312 545 377 quam
573 291 758 376 eloquentia
783 291 927 356 defendit
956 313 1092 376 eumque
1120 315 1216 358 causa

245 378 415 443 admodum
437 376 535 441 dubia
556 376 764 447 fluctuantem
786 377 911 440 saluum
934 376 973 441 ad
987 380 1124 461 penates
1142 400 1215 443 snos

244 463 375 531 remisit.
406 462 459 527 hio
474 461 619 546 Popilius
633 466 746 546 postea
766 483 827 525 nec
848 482 883 524 re
898 482 958 526 neo
973 462 1071 526 uerbo
1092 462 1213 528 aOice·
1274 461 1275 466 ’

242 569 322 613 rone
344 548 450 612 laesus
473 546 557 610 ultro
580 546 625 612 M.
642 546 821 611 Antonium
843 547 971 631 rogauit
992 550 1029 611 ut
1058 548 1100 611 ad
1122 547 1214 612 illum

218 648 230 688 ⁵
243 633 461 717 proscriptum
477 632 732 715 persequendum
750 633 782 694 et
798 630 1007 714 iugulandum
1020 631 1213 711 mitteretur,

242 718 488 802 impetratisque
510 715 708 779 detestabilis
730 715 901 779 ministerii
925 715 1070 798 partibus
1095 718 1214 801 gaudio

243 803 390 868 exultans
406 800 551 866 Caietam
574 800 715 864 cucurrit
737 808 769 864 et
790 799 909 880 uirum,
933 801 1027 864 mitto
1047 802 1134 884 quod
1150 823 1214 866 am·

241 888 405 972 piissimae
428 885 610 970 dignitatis,
637 889 723 948 certe
745 883 968 964 †ealubritate
994 885 1101 949 studio
1123 907 1213 969 prae·
1275 893 1276 898 ’

242 973 357 1037 stantis
384 969 482 1035 officii
512 969 665 1051 priuatim
699 969 759 1033 sibi
793 969 1028 1048 uenerandum,
1065 971 1213 1054 iugulum

203 1071 227 1110 1⁰
242 1056 394 1140 praebere
416 1054 509 1118 iussit
531 1074 568 1117 ac
590 1055 737 1136 protinus
759 1056 857 1136 caput
875 1052 1040 1118 Romanae
1061 1054 1213 1138 eloquen-

240 1140 304 1204 tiae
327 1143 359 1203 et
381 1139 470 1222 pacis
493 1137 701 1202 clarissimam
728 1137 892 1202 dexteram
913 1159 972 1222 per
994 1159 1154 1202 summum
1178 1145 1211 1204 et

241 1245 389 1289 securum
417 1223 519 1287 otium
552 1222 732 1304 amputauit
758 1243 857 1306 eaque
886 1223 1012 1287 sarcina
1044 1226 1211 1307 tamquam

240 1307 682 1474 instabilitati
699 1307 1210 1477 nitidisnlitidis

203 1478 333 1556 nferre,
356 1476 441 1562 quod
462 1498 521 1560 pro
538 1476 643 1559 capite
658 1476 725 1540 eius
741 1475 904 1561 quondam
918 1480 1138 1558 perorauerat.
1161 1479 1209 1541 in·
1277 1544 1278 1566 ,

239 1563 363 1628 ualidae
386 1563 425 1627 ad
448 1561 510 1626 hoc
526 1563 704 1624 monstrum
719 1560 955 1646 suggillandum
976 1561 1112 1644 litterae,
1136 1583 1211 1645 quo·
1277 1567 1278 1632 l

238 1648 327 1713 niam
349 1647 528 1745 qnitalem
551 1645 716 1743 Ciceronis
745 1666 852 1710 casum
876 1645 953 1709 satis
984 1646 1082 1730 digne
1104 1647 1211 1730 deplo-
1277 1647 1278 1676 ¹

238 1729 1027 1898 mebpotlsddb'tealiildndlredddoiloliiagideailompei,
1050 1817 1211 1899 attingam
1277 1811 1278 1854 ³

201 1915 226 1956 ²⁰
240 1901 365 1966 nescio:
397 1921 474 1964 nam
504 1903 536 1963 et
563 1898 806 1982 amplitudinem
832 1899 982 1965 fortunae
1010 1903 1099 1982 tuae,
1129 1920 1211 1983 quae

238 1986 401 2069 quondam
424 2005 535 2049 omnes
557 1989 659 2048 terras
683 1988 715 2048 et
736 1985 846 2047 omnia
874 1983 977 2048 maria
998 1983 1124 2068 fulgore
1153 2005 1211 2049 suo

238 2072 470 2152 occupauerat,
498 2068 626 2133 intueor
654 2068 834 2132 struinam
864 2069 931 2132 eius
953 2069 1109 2132 maiorem
1140 2090 1209 2133 esse

238 2175 332 2237 quam
355 2156 392 2216 ut
414 2174 511 2216 manu
532 2174 604 2216 mea
626 2152 818 2235 adtemptari
833 2153 949 2216 debeat
971 2153 1115 2217 memini.
1154 2153 1210 2218 sed

238 2242 347 2301 tamen
369 2237 463 2301 nobis
486 2258 613 2320 quoque
635 2237 815 2301 tacentibus
831 2236 891 2302 On.
908 2235 1081 2319 Carbonis,
1105 2261 1123 2302 a
1146 2259 1209 2322 quo

199 2337 223 2378 2⁵
239 2322 410 2386 admodum
433 2322 618 2386 adulescens
641 2322 680 2385 de
702 2321 846 2405 paternis
867 2323 962 2387 bonis
978 2321 1012 2385 in
1032 2323 1103 2386 foro
1119 2323 1209 2387 dimi-

238 2429 315 2470 cans
338 2410 501 2491 proteotus
525 2429 568 2488 es,
591 2408 679 2470 iussu
702 2413 758 2470 tuo
781 2406 968 2491 interempti
983 2427 1068 2470 mors
1091 2408 1209 2472 animis

236 2492 405 2555 hominum
421 2513 488 2555 non
507 2491 576 2555 sine
591 2491 700 2574 aliqua
712 2491 961 2574 reprehensione
974 2490 1208 2572 obuersabitur,

236 2577 401 2661 quietam
423 2577 553 2660 ingrato
576 2575 663 2639 facto
685 2576 758 2658 plus
780 2574 814 2643 L.
836 2574 945 2652 Sullae
967 2575 1089 2640 uiribus
1112 2598 1209 2660 quam

235 2660 386 2746 propriae
407 2659 571 2725 indulsisti
593 2660 814 2728 uerecundiae.
1147 2737 1151 2746 ¹

196 2760 221 2802 ³⁰
300 2745 378 2810 Eat.
397 2748 424 2809 1.
448 2746 497 2808 Ac
517 2766 558 2809 ne
580 2748 692 2808 nostra
715 2743 869 2808 confessis
892 2743 1090 2828 alienigenae
1113 2746 1210 2808 urbes

234 2832 400 2908 insultent,
424 2828 714 2912 Karthaginienses
729 2827 961 2908 Hannibalem,
985 2829 1040 2912 qui
1058 2850 1118 2914 pro
1135 2829 1208 2893 illo-

303 2987 314 3034 l
334 2980 481 3048 loquentia
497 2979 578 3033 L¹A¹
592 2980 630 3048 113
648 2979 773 3048 popilius
790 2979 817 3032 A
830 2981 868 3048 μ
886 2979 1054 3034 salubritate
1068 2979 1109 3047 L,
1128 2980 1205 3034 salu-

232 3048 345 3103 britatis
364 3048 422 3114 (sed
439 3066 451 3101 s
469 3051 535 3105 aad
552 3047 631 3112 add.)
650 3047 690 3114 A,
710 3047 816 3100 salubri
834 3047 927 3100 studio
945 3047 1108 3112 Fabricius,
1129 3047 1206 3102 salu-

231 3117 301 3170 taris
322 3115 412 3195 studi,
437 3115 608 3184 praestantis
630 3113 675 3170 off.
694 3114 817 3194 Muduiq
834 3114 875 3192 H.
888 3117 953 3177 325,
969 3120 1003 3193 ut
1020 3132 1050 3169 u.
1067 3115 1155 3194 lilolm
1173 3116 1207 3194 ia

233 3183 370 3239 Flectere.
389 3185 665 3249 aaa.18741r.408,
727 3200 738 3236 c
757 3181 875 3236 selutarr
892 3182 991 3236 salutm
1013 3183 1106 3236 studio
1125 3197 1209 3260 corta,

232 3251 397 3305 salubritate
419 3251 494 3305 tanti
515 3250 678 3329 praestitio
702 3291 707 3300 .
726 3248 840 3316 Novalc,
863 3249 946 3319 Disty
963 3249 1027 3328 Χζ,
1044 3253 1075 3317 4,
1090 3249 1208 3304 'salubri

231 3318 289 3386 (ael
306 3318 434 3387 salutari)
454 3318 545 3372 studio
563 3319 733 3396 praestantis
750 3316 795 3375 off.
813 3332 864 3372 uos
880 3319 940 3396 {1¹12
960 3334 1012 3388 eaq
1031 3318 1073 3385 L,
1096 3334 1207 3396 eaquae

230 3385 300 3504 11¹4}
323 3392 360 3504 lq
372 3387 459 3452 caput
475 3385 558 3504 fri,
576 3386 664 3464 capita
681 3385 720 3438 L*
737 3386 747 3452 ΙΙ
770 3391 800 3504 lp
819 3384 1014 3506 suggillabndae
1032 3385 1075 3508 ἐξί
1095 3385 1203 3506 suggil-

232 3467 364 3572 {basillae
382 3452 857 3584 iri⁷2eii1¹dirldesuiiureiddondiie
875 3459 929 3572 34¹⁰
951 3469 1032 3507 serua
1052 3471 1109 3507 lm
1189 3453 1205 3522 Η
