2590 3948
190 175 280 232 XXIV
568 173 783 258 Perennem.

191 330 333 395 acaciam
370 330 528 394 ciuitatem
557 327 739 409 accepisset,
775 327 902 391 aeoliae
932 325 1160 408 Calliphanam

192 413 295 497 (codd.
319 415 534 494 calcllauaal).
579 412 658 475 ibid.
682 412 759 492 §16
782 411 827 494 (p.
845 410 874 493 9,
898 411 932 494 7)
961 415 1049 475 masa
1070 413 1160 474 reete

193 499 335 562 seruauit
358 498 382 560 h
411 519 483 572 eum
505 496 620 561 Paride
648 517 707 578 pro
735 496 862 579 ampla,
896 495 979 579 quod
1008 495 1105 558 hebet
1127 499 1160 558 A

192 604 263 647 eum
287 582 383 665 dere,
409 584 437 664 1,
451 581 480 648 5.
497 583 516 645 3
533 580 578 666 (p.
591 581 643 660 22,
659 580 694 663 8)
710 581 796 644 solus
812 579 837 644 L
853 601 927 644 cum
942 578 1057 643 Paride
1072 583 1160 644 reete

134 679 138 702 ¹
192 669 372 743 obuenisset,
389 673 419 730 A
435 670 468 730 et
483 667 561 730 dett.
578 687 663 728 omn.
679 667 845 744 mealssel;
860 663 891 746 2,
908 664 938 728 6.
953 665 970 728 7
984 666 1029 748 (p.
1040 665 1089 745 77,
1104 664 1161 749 14)

190 753 388 817 seruandam
404 750 429 815 L
444 750 529 827 Par,
553 757 713 816 seruanda
728 753 757 812 A
781 752 857 812 unte
873 770 1015 812 resursm
1032 752 1064 813 et
1079 750 1132 813 det
1149 797 1158 814 .

189 839 221 916 4,
237 837 267 901 3.
292 837 309 900 7
335 839 381 920 (p.
399 836 468 912 181,
491 835 547 918 23)
570 836 605 898 in
628 833 695 898 his:
718 835 830 917 ficlilia
851 855 882 899 se
903 836 939 898 la
961 835 1028 898 elas
1049 853 1160 912 measa

190 922 309 986 uidisse
330 924 403 1004 post
425 940 534 985 measa
553 919 675 983 addunt
688 937 772 984 uasa
787 917 816 982 A
833 923 865 982 et
879 918 957 986 dett.
994 918 1026 981 id
1042 919 1160 982 merito

190 1012 227 1068 ut
250 1006 359 1085 glossa
381 1007 564 1087 suspectum
589 1003 756 1067 Perizonio
778 1023 846 1068 non
869 1005 957 1066 extat
978 1004 1012 1066 in
1034 1002 1075 1066 L¹
1097 1025 1162 1068 nee

191 1092 226 1153 in
248 1089 375 1154 Paride.
420 1090 451 1170 4,
467 1090 534 1152 46
558 1090 601 1172 (p.
621 1089 690 1166 190,
706 1087 741 1175 2)
764 1088 850 1152 solus
873 1086 898 1151 L
920 1087 1018 1151 hebet
1039 1087 1161 1154 Paalce'

192 1174 263 1239 belli
286 1194 351 1254 aaa
371 1174 478 1256 aleria
500 1194 565 1254 aaa
587 1174 689 1238 clades
710 1176 870 1251 maxima,
894 1172 950 1236 ubi
973 1175 1001 1234 A
1026 1177 1058 1236 et
1079 1174 1158 1237 dett.

192 1259 355 1322 omittunt.
368 1258 456 1341 prius
473 1277 547 1340 aaa.
577 1257 608 1339 4,
624 1258 654 1321 5.
670 1257 690 1320 2
706 1260 751 1341 (p.
767 1257 836 1334 194,
853 1257 886 1334 9)
903 1263 978 1339 post
993 1257 1161 1323 Terentius

191 1342 217 1405 L
238 1346 272 1407 'et
294 1342 367 1410 Per.
391 1343 514 1406 addunt
543 1342 647 1407 Varro
655 1391 663 1424 ,
693 1342 779 1425 quod
808 1363 988 1425 cognomen
1014 1340 1102 1406 deest
1122 1343 1160 1406 in

191 1430 221 1489 A
244 1429 277 1490 et
298 1427 374 1492 dett.
418 1428 450 1510 4,
467 1429 495 1490 7.
519 1427 591 1491 init.
608 1433 654 1510 (p.
668 1426 741 1509 202,
762 1425 800 1510 5)
826 1427 894 1508 ipse
917 1426 1002 1489 edidi
1024 1429 1080 1506 qai
1102 1427 1158 1492 acl-v

191 1530 298 1576 aereos
326 1531 418 1592 casas
452 1513 627 1577 amicarum
655 1531 719 1576 aaa
748 1512 964 1587 deseruerant,
995 1511 1051 1574 ubi
1085 1532 1158 1575 eum

192 1597 347 1662 aduersas
368 1598 402 1660 in
426 1599 453 1660 A
477 1597 632 1680 scriptum
656 1600 739 1659 esset
761 1599 793 1658 et
808 1615 900 1659 casas
915 1594 1093 1677 excidisset,
1109 1617 1157 1660 re·

191 1682 350 1746 cautiores
372 1681 495 1745 librarii
518 1682 606 1746 uarie
629 1681 779 1745 lacunam
800 1681 1022 1762 expleuerunt.
1052 1680 1108 1744 sed
1130 1681 1156 1745 L

191 1766 297 1850 ipsum
320 1765 409 1843 illud,
433 1766 519 1848 quod
542 1788 559 1830 e
583 1765 767 1828 coniectura
783 1764 987 1828 scribendum
1010 1785 1079 1830 esse
1102 1766 1157 1829 do-

192 1871 318 1914 cueram
341 1851 375 1913 in
400 1849 446 1916 ed.
469 1870 540 1912 mee
568 1852 659 1927 mei,
694 1869 780 1912 nunc
807 1849 985 1913 confirmet.
1029 1850 1061 1931 4,
1086 1851 1115 1914 7.
1138 1850 1160 1914 5

192 1934 236 2019 (p.
259 1934 331 2013 205,
355 1933 407 2010 27)
435 1937 523 1998 reete
546 1933 694 1997 Halmius
716 1934 837 2017 recepit
861 1933 1009 1998 Andreae
1032 1934 1160 1999 Schotti

192 2018 412 2082 coniecturam
435 2039 452 2082 e
475 2017 600 2082 ‘codiee
623 2025 711 2101 suo',
740 2019 762 2082 i.
787 2040 831 2101 e.,
860 2022 896 2083 ut
917 2019 1005 2082 infre
1027 2018 1159 2082 demon-

192 2103 316 2183 strab0,
353 2123 370 2166 e
393 2103 608 2168 Laurentiano
638 2102 828 2167 conicientis
855 2104 892 2167 ia
918 2104 1002 2168 calla
1024 2104 1160 2186 (laclala

191 2188 273 2267 cod.)
291 2188 462 2267 amicitiae,
487 2209 557 2251 cum
574 2188 784 2252 A1exhibeat
806 2189 925 2265 inclita,
950 2188 993 2251 Α2
1014 2190 1159 2269 inclytae.

126 2311 130 2321 ·
190 2271 221 2352 4,
235 2273 263 2335 7.
281 2276 342 2340 ext.
359 2272 380 2334 2
396 2271 442 2357 (p.
455 2272 527 2351 209,
546 2272 580 2358 8)
605 2273 647 2335 Α1
670 2272 804 2336 tradidit
825 2275 903 2353 qaia
927 2277 956 2337 el
976 2275 1012 2336 la
1033 2278 1160 2338 statura

191 2362 220 2422 et
231 2355 339 2436 forma
349 2357 544 2438 praestabat,
569 2357 612 2422 Α2
628 2360 660 2420 et
676 2357 753 2421 dett.
789 2359 866 2438 qaia
881 2360 910 2422 el
931 2362 959 2422 el
973 2381 1008 2422 s*
1022 2362 1159 2424 stalera.

192 2462 272 2525 quae
295 2440 330 2505 in
353 2442 401 2505 ed.
424 2443 497 2505 nisi.
520 2441 763 2506 emendeuerem
787 2441 890 2510 deleto
912 2444 948 2506 la
971 2442 1161 2507 scribens-el

189 2530 316 2590 statera
338 2531 366 2590 el
384 2526 500 2607 forma,
525 2549 561 2590 se
576 2526 723 2591 Halmius
740 2525 839 2589 edidit
859 2529 915 2607 qai
936 2547 1008 2591 earu
1030 2532 1158 2593 stalara

190 2611 364 2690 alfarella,
384 2614 417 2673 et
440 2632 511 2674 mea
533 2611 683 2694 suspicio,
707 2632 800 2693 quern
822 2609 988 2674 Novekius
1010 2632 1159 2695 compro-

193 2695 293 2777 beuit,
318 2695 527 2759 confirmatur
549 2717 635 2760 nunc
658 2696 768 2759 codice
791 2696 830 2770 L,
855 2696 999 2778 quinon
1023 2697 1159 2780 agnouit

189 2779 270 2844 illud
286 2781 330 2844 ia.
344 2817 380 2826 —
390 2781 420 2862 7,
437 2780 466 2843 3.
483 2781 503 2844 3
520 2779 563 2865 (p.
573 2781 643 2861 355,
662 2780 716 2865 11)
731 2789 758 2844 el
773 2781 987 2860 diuitissimos
1010 2781 1094 2864 quod
1110 2785 1160 2844 est

189 2864 225 2927 in
241 2864 266 2927 L
283 2864 366 2947 Per,
382 2865 491 2928 omisit
507 2866 561 2928 4¹.
588 2864 664 2929 ibid.
683 2869 702 2944 §
716 2864 735 2928 8
754 2862 799 2949 (p.
812 2864 884 2942 338,
900 2864 954 2951 17)
969 2865 1158 2929 Perizonius

191 2949 291 3012 sunsit
313 2956 350 3012 ut
371 2969 430 3032 pro
453 2952 555 3013 amuis
579 2948 651 3032 (Αἱ)
675 2949 727 3012 uel
749 2969 855 3014 aarum
878 2949 936 3029 (Α2
951 2950 1044 3034 dett.)
1067 2951 1159 3013 resti-

190 3036 335 3097 tueretur
368 3056 385 3098 e
415 3034 482 3097 cod.
514 3032 639 3097 Schotti
667 3054 684 3098 o
711 3036 825 3111 alma,
860 3036 955 3116 etque
986 3034 1018 3097 id
1051 3035 1159 3117 ipsum

191 3118 311 3200 legitur
326 3119 360 3180 in
377 3118 411 3186 L.
429 3156 465 3164 —
479 3116 510 3191 4,
529 3120 555 3180 1.
575 3118 614 3180 12
630 3116 676 3202 (p.
691 3118 761 3192 168,
778 3120 823 3200 4),
849 3139 1042 3201 quemquem
1057 3120 1159 3183 mani-

1281 2869 1282 2884 l

1279 2969 1282 2980 ι

191 3203 274 3265 festo
298 3223 365 3266 non
393 3223 458 3265 une
486 3202 603 3265 lacuna
631 3203 756 3267 laboret
785 3202 855 3267 cod.
881 3202 922 3283 L,
951 3207 1060 3267 temen
1087 3204 1158 3268 'non
1281 3236 1282 3292 1

192 3285 476 3369 deprehenduntur
498 3287 764 3370 interpolationes
786 3287 869 3362 illae,
898 3287 1012 3371 quibus
1034 3287 1068 3350 in
1091 3309 1159 3352 om·
1281 3312 1282 3336 i

190 3371 286 3435 nibus
304 3370 462 3434 codicibus
476 3371 598 3436 librarii
614 3373 776 3436 defectum
787 3363 942 3437 risarcire
955 3372 1156 3454 studuerunt,
1262 3440 1266 3449 ,
1281 3366 1282 3390 ’

190 3455 337 3539 inprimis
366 3454 456 3518 abest
478 3456 518 3519 ab
542 3478 579 3520 eo
600 3455 681 3520 illud
709 3459 791 3522 airis
813 3477 926 3540 sermo,
955 3457 1038 3539 quod
1068 3457 1103 3521 in
1127 3459 1157 3522 A

191 3544 265 3625 post
285 3539 498 3604 cacellealibas
521 3541 601 3627 (1.6)
625 3539 780 3605 insertum
798 3547 855 3605 est.
889 3541 1028 3606 maxime
1048 3546 1157 3606 sutem

1075 3881 1108 3944 f
