<?xml version="1.0" encoding="UTF-8"?>
<!DOCTYPE html PUBLIC "-//W3C//DTD XHTML 1.0 Transitional//EN"
    "http://www.w3.org/TR/xhtml1/DTD/xhtml1-transitional.dtd">
<html xmlns="http://www.w3.org/1999/xhtml" xml:lang="en" lang="en">
 <head>
  <title>
</title>
<meta http-equiv="Content-Type" content="text/html;charset=utf-8" />
  <meta name='ocr-system' content='tesseract 3.04.00' />
  <meta name='ocr-capabilities' content='ocr_page ocr_carea ocr_par ocr_line ocrx_word'/>
</head>
<body>
  <div class='ocr_page' id='page_1' title='image "./valeriimaximifa00nepogoog_0653.png"; bbox 0 0 2540 3950; ppageno 0'>
   <div class='ocr_carea' id='block_1_1' title="bbox 203 137 883 207">
    <p class='ocr_par' dir='ltr' id='par_1_1' title="bbox 203 137 883 207">
     <span class='ocr_line' id='line_1_1' title="bbox 203 137 883 207; baseline -0.022 0"><span class='ocrx_word' id='word_1_1' title='bbox 203 141 267 207; x_wconf 81' lang='grc'><strong>612</strong></span> <span class='ocrx_word' id='word_1_2' title='bbox 494 137 701 194; x_wconf 80' lang='lat' dir='ltr'><strong>NEPOTIANI</strong></span> <span class='ocrx_word' id='word_1_3' title='bbox 717 137 883 194; x_wconf 81' lang='lat' dir='ltr'><strong>EPITOMA</strong></span> 
     </span>
    </p>
   </div>
   <div class='ocr_carea' id='block_1_2' title="bbox 64 297 1262 2665">
    <p class='ocr_par' dir='ltr' id='par_1_2' title="bbox 64 297 1187 614">
     <span class='ocr_line' id='line_1_2' title="bbox 64 297 1185 374; baseline 0.004 -22"><span class='ocrx_word' id='word_1_4' title='bbox 64 309 194 355; x_wconf 65' lang='lat' dir='ltr'><strong>rernm</strong></span> <span class='ocrx_word' id='word_1_5' title='bbox 204 298 390 360; x_wconf 74' lang='lat' dir='ltr'><strong>mittebatur.</strong></span> <span class='ocrx_word' id='word_1_6' title='bbox 434 297 563 374; x_wconf 88' lang='lat' dir='ltr'><strong>denique</strong></span> <span class='ocrx_word' id='word_1_7' title='bbox 594 297 630 369; x_wconf 83' lang='lat' dir='ltr'><strong>Q.</strong></span> <span class='ocrx_word' id='word_1_8' title='bbox 658 297 771 358; x_wconf 85' lang='lat' dir='ltr'><strong>Fabius</strong></span> <span class='ocrx_word' id='word_1_9' title='bbox 798 297 948 357; x_wconf 76' lang='lat' dir='ltr'><strong>Maximus</strong></span> <span class='ocrx_word' id='word_1_10' title='bbox 976 298 1025 357; x_wconf 91' lang='lat' dir='ltr'><strong>uir</strong></span> <span class='ocrx_word' id='word_1_11' title='bbox 1049 298 1185 357; x_wconf 85' lang='lat' dir='ltr'><strong>ultimae</strong></span> 
     </span>
     <span class='ocr_line' id='line_1_3' title="bbox 206 382 1185 459; baseline -0.004 -14"><span class='ocrx_word' id='word_1_12' title='bbox 206 383 369 446; x_wconf 77' lang='lat' dir='ltr'><strong>senectutis</strong></span> <span class='ocrx_word' id='word_1_13' title='bbox 389 383 459 459; x_wconf 91' lang='lat' dir='ltr'><strong>post</strong></span> <span class='ocrx_word' id='word_1_14' title='bbox 473 383 612 458; x_wconf 90' lang='lat' dir='ltr'><strong>quintum</strong></span> <span class='ocrx_word' id='word_1_15' title='bbox 628 382 818 443; x_wconf 89' lang='lat' dir='ltr'><strong>consulatum</strong></span> <span class='ocrx_word' id='word_1_16' title='bbox 833 401 922 442; x_wconf 90' lang='lat' dir='ltr'><strong>sunm</strong></span> <span class='ocrx_word' id='word_1_17' title='bbox 935 385 1064 459; x_wconf 78' lang='lat' dir='ltr'><strong>rogatus</strong></span> <span class='ocrx_word' id='word_1_18' title='bbox 1080 402 1099 442; x_wconf 92' lang='lat' dir='ltr'><strong>a</strong></span> <span class='ocrx_word' id='word_1_19' title='bbox 1115 382 1185 442; x_wconf 90' lang='lat' dir='ltr'><strong>lilio</strong></span> 
     </span>
     <span class='ocr_line' id='line_1_4' title="bbox 204 467 1187 544; baseline -0.003 -16"><span class='ocrx_word' id='word_1_20' title='bbox 204 468 366 540; x_wconf 89' lang='lat' dir='ltr'><strong>†annixus</strong></span> <span class='ocrx_word' id='word_1_21' title='bbox 387 468 446 528; x_wconf 92' lang='lat' dir='ltr'><strong>iret</strong></span> <span class='ocrx_word' id='word_1_22' title='bbox 467 467 505 526; x_wconf 87' lang='lat' dir='ltr'><strong>ad</strong></span> <span class='ocrx_word' id='word_1_23' title='bbox 525 467 708 544; x_wconf 81' lang='lat' dir='ltr'><strong>colloquium</strong></span> <span class='ocrx_word' id='word_1_24' title='bbox 730 467 915 542; x_wconf 74' lang='lat' dir='ltr'><strong>Samnitum,</strong></span> <span class='ocrx_word' id='word_1_25' title='bbox 937 467 1037 528; x_wconf 89' lang='lat' dir='ltr'><strong>noluit</strong></span> <span class='ocrx_word' id='word_1_26' title='bbox 1058 486 1187 526; x_wconf 86' lang='lat' dir='ltr'><strong>memor</strong></span> 
     </span>
     <span class='ocr_line' id='line_1_5' title="bbox 204 571 307 614; baseline -0.01 0"><span class='ocrx_word' id='word_1_27' title='bbox 204 571 307 614; x_wconf 86' lang='lat' dir='ltr'><strong>mons.</strong></span> 
     </span>
    </p>

    <p class='ocr_par' dir='ltr' id='par_1_3' title="bbox 136 635 1221 1222">
     <span class='ocr_line' id='line_1_6' title="bbox 136 635 1209 714; baseline 0.001 -17"><span class='ocrx_word' id='word_1_28' title='bbox 136 647 187 710; x_wconf 77' lang='lat' dir='ltr'><strong>t,4</strong></span> <span class='ocrx_word' id='word_1_29' title='bbox 269 639 320 699; x_wconf 90' lang='grc'><strong>16.</strong></span> <span class='ocrx_word' id='word_1_30' title='bbox 354 636 439 696; x_wconf 83' lang='lat' dir='ltr'><strong>idem</strong></span> <span class='ocrx_word' id='word_1_31' title='bbox 460 635 572 696; x_wconf 81' lang='lat' dir='ltr'><strong>Fabius</strong></span> <span class='ocrx_word' id='word_1_32' title='bbox 594 635 633 695; x_wconf 85' lang='lat' dir='ltr'><strong>ad</strong></span> <span class='ocrx_word' id='word_1_33' title='bbox 652 637 750 710; x_wconf 75' lang='lat' dir='ltr'><strong>filiam</strong></span> <span class='ocrx_word' id='word_1_34' title='bbox 770 636 923 696; x_wconf 88' lang='lat' dir='ltr'><strong>consulem</strong></span> <span class='ocrx_word' id='word_1_35' title='bbox 944 635 1063 714; x_wconf 83' lang='lat' dir='ltr'><strong>legatus</strong></span> <span class='ocrx_word' id='word_1_36' title='bbox 1088 635 1209 698; x_wconf 66' lang='lat' dir='ltr'><strong>sones</strong></span> 
     </span>
     <span class='ocr_line' id='line_1_7' title="bbox 207 721 1185 798; baseline -0.001 -15"><span class='ocrx_word' id='word_1_37' title='bbox 207 741 271 784; x_wconf 83' lang='lat' dir='ltr'><strong>sam</strong></span> <span class='ocrx_word' id='word_1_38' title='bbox 293 722 411 798; x_wconf 88' lang='lat' dir='ltr'><strong>missus,</strong></span> <span class='ocrx_word' id='word_1_39' title='bbox 434 739 502 781; x_wconf 92' lang='lat' dir='ltr'><strong>cum</strong></span> <span class='ocrx_word' id='word_1_40' title='bbox 522 723 558 781; x_wconf 78' lang='lat' dir='ltr'><strong>in</strong></span> <span class='ocrx_word' id='word_1_41' title='bbox 579 722 741 797; x_wconf 89' lang='lat' dir='ltr'><strong>conspectu</strong></span> <span class='ocrx_word' id='word_1_42' title='bbox 764 721 896 782; x_wconf 88' lang='lat' dir='ltr'><strong>consulis</strong></span> <span class='ocrx_word' id='word_1_43' title='bbox 918 738 1076 797; x_wconf 87' lang='lat' dir='ltr'><strong>neceque</strong></span> <span class='ocrx_word' id='word_1_44' title='bbox 1100 722 1185 782; x_wconf 84' lang='lat' dir='ltr'><strong>desi·</strong></span> 
     </span>
     <span class='ocr_line' id='line_1_8' title="bbox 204 805 1186 884; baseline 0 -18"><span class='ocrx_word' id='word_1_45' title='bbox 204 807 296 866; x_wconf 85' lang='lat' dir='ltr'><strong>luerit</strong></span> <span class='ocrx_word' id='word_1_46' title='bbox 316 823 371 866; x_wconf 83' lang='lat' dir='ltr'><strong>uec</strong></span> <span class='ocrx_word' id='word_1_47' title='bbox 393 808 483 883; x_wconf 86' lang='lat' dir='ltr'><strong>caput</strong></span> <span class='ocrx_word' id='word_1_48' title='bbox 503 805 702 884; x_wconf 85' lang='lat' dir='ltr'><strong>deoperuerit,</strong></span> <span class='ocrx_word' id='word_1_49' title='bbox 724 806 834 866; x_wconf 88' lang='lat' dir='ltr'><strong>rectius</strong></span> <span class='ocrx_word' id='word_1_50' title='bbox 856 824 911 883; x_wconf 92' lang='lat' dir='ltr'><strong>per</strong></span> <span class='ocrx_word' id='word_1_51' title='bbox 932 805 1069 865; x_wconf 88' lang='lat' dir='ltr'><strong>lictorem</strong></span> <span class='ocrx_word' id='word_1_52' title='bbox 1092 825 1186 866; x_wconf 81' lang='lat' dir='ltr'><strong>man·</strong></span> 
     </span>
     <span class='ocr_line' id='line_1_9' title="bbox 203 890 1185 967; baseline -0.001 -16"><span class='ocrx_word' id='word_1_53' title='bbox 203 891 295 952; x_wconf 91' lang='lat' dir='ltr'><strong>dante</strong></span> <span class='ocrx_word' id='word_1_54' title='bbox 316 890 380 951; x_wconf 88' lang='lat' dir='ltr'><strong>filio</strong></span> <span class='ocrx_word' id='word_1_55' title='bbox 401 893 560 966; x_wconf 87' lang='lat' dir='ltr'><strong>utrumque</strong></span> <span class='ocrx_word' id='word_1_56' title='bbox 582 890 665 950; x_wconf 87' lang='lat' dir='ltr'><strong>fecit.</strong></span> <span class='ocrx_word' id='word_1_57' title='bbox 687 890 770 966; x_wconf 91' lang='lat' dir='ltr'><strong>quod</strong></span> <span class='ocrx_word' id='word_1_58' title='bbox 784 890 927 967; x_wconf 85' lang='lat' dir='ltr'><strong>probauit</strong></span> <span class='ocrx_word' id='word_1_59' title='bbox 939 892 1036 967; x_wconf 88' lang='lat' dir='ltr'><strong>pater.</strong></span> <span class='ocrx_word' id='word_1_60' title='bbox 1058 890 1185 950; x_wconf 86' lang='lat' dir='ltr'><strong>seilicet</strong></span> 
     </span>
     <span class='ocr_line' id='line_1_10' title="bbox 204 973 1185 1053; baseline -0.001 -17"><span class='ocrx_word' id='word_1_61' title='bbox 204 979 349 1052; x_wconf 88' lang='lat' dir='ltr'><strong>reputans</strong></span> <span class='ocrx_word' id='word_1_62' title='bbox 372 974 488 1044; x_wconf 76' lang='grc'><strong>00111011</strong></span> <span class='ocrx_word' id='word_1_63' title='bbox 507 974 629 1052; x_wconf 88' lang='lat' dir='ltr'><strong>publice</strong></span> <span class='ocrx_word' id='word_1_64' title='bbox 650 975 876 1051; x_wconf 88' lang='lat' dir='ltr'><strong>obsequendum</strong></span> <span class='ocrx_word' id='word_1_65' title='bbox 898 975 1008 1053; x_wconf 80' lang='lat' dir='ltr'><strong>fnisse,</strong></span> <span class='ocrx_word' id='word_1_66' title='bbox 1029 973 1185 1051; x_wconf 87' lang='lat' dir='ltr'><strong>priuatim</strong></span> 
     </span>
     <span class='ocr_line' id='line_1_11' title="bbox 204 1059 1221 1137; baseline -0.008 -16"><span class='ocrx_word' id='word_1_67' title='bbox 204 1061 295 1137; x_wconf 87' lang='lat' dir='ltr'><strong>patri,</strong></span> <span class='ocrx_word' id='word_1_68' title='bbox 318 1059 431 1120; x_wconf 79' lang='lat' dir='ltr'><strong>Fabius</strong></span> <span class='ocrx_word' id='word_1_69' title='bbox 452 1059 490 1119; x_wconf 84' lang='lat' dir='ltr'><strong>ed</strong></span> <span class='ocrx_word' id='word_1_70' title='bbox 511 1059 728 1136; x_wconf 87' lang='lat' dir='ltr'><strong>explorandum</strong></span> <span class='ocrx_word' id='word_1_71' title='bbox 750 1059 806 1119; x_wconf 89' lang='lat' dir='ltr'><strong>filii</strong></span> <span class='ocrx_word' id='word_1_72' title='bbox 828 1060 1031 1120; x_wconf 87' lang='lat' dir='ltr'><strong>constantiam</strong></span> <span class='ocrx_word' id='word_1_73' title='bbox 1043 1078 1110 1119; x_wconf 91' lang='lat' dir='ltr'><strong>non</strong></span> <span class='ocrx_word' id='word_1_74' title='bbox 1125 1060 1184 1120; x_wconf 76' lang='lat' dir='ltr'><strong>ab</strong></span> <span class='ocrx_word' id='word_1_75' title='bbox 1198 1075 1221 1114; x_wconf 81' lang='lat' dir='ltr'><strong>io</strong></span> 
     </span>
     <span class='ocr_line' id='line_1_12' title="bbox 206 1143 395 1222; baseline -0.016 -16"><span class='ocrx_word' id='word_1_76' title='bbox 206 1143 395 1222; x_wconf 88' lang='lat' dir='ltr'><strong>sequebatur.</strong></span> 
     </span>
    </p>

    <p class='ocr_par' dir='ltr' id='par_1_4' title="bbox 137 1228 1221 1560">
     <span class='ocr_line' id='line_1_13' title="bbox 137 1228 1183 1305; baseline 0 -15"><span class='ocrx_word' id='word_1_77' title='bbox 137 1239 186 1303; x_wconf 64' lang='grc'><strong>10</strong></span> <span class='ocrx_word' id='word_1_78' title='bbox 269 1231 318 1288; x_wconf 82' lang='grc'><strong>17.</strong></span> <span class='ocrx_word' id='word_1_79' title='bbox 346 1228 393 1288; x_wconf 89' lang='lat' dir='ltr'><strong>Ne</strong></span> <span class='ocrx_word' id='word_1_80' title='bbox 414 1247 474 1305; x_wconf 89' lang='lat' dir='ltr'><strong>qua</strong></span> <span class='ocrx_word' id='word_1_81' title='bbox 495 1246 581 1289; x_wconf 89' lang='lat' dir='ltr'><strong>mora</strong></span> <span class='ocrx_word' id='word_1_82' title='bbox 602 1228 735 1288; x_wconf 88' lang='lat' dir='ltr'><strong>consiliis</strong></span> <span class='ocrx_word' id='word_1_83' title='bbox 755 1229 885 1305; x_wconf 82' lang='lat' dir='ltr'><strong>publicis</strong></span> <span class='ocrx_word' id='word_1_84' title='bbox 900 1231 988 1302; x_wconf 85' lang='lat' dir='ltr'><strong>asset,</strong></span> <span class='ocrx_word' id='word_1_85' title='bbox 1011 1230 1094 1289; x_wconf 86' lang='lat' dir='ltr'><strong>certo</strong></span> <span class='ocrx_word' id='word_1_86' title='bbox 1108 1228 1183 1290; x_wconf 87' lang='lat' dir='ltr'><strong>loco</strong></span> 
     </span>
     <span class='ocr_line' id='line_1_14' title="bbox 207 1312 1183 1389; baseline -0.001 -15"><span class='ocrx_word' id='word_1_87' title='bbox 207 1316 292 1374; x_wconf 84' lang='lat' dir='ltr'><strong>extra</strong></span> <span class='ocrx_word' id='word_1_88' title='bbox 313 1314 426 1373; x_wconf 88' lang='lat' dir='ltr'><strong>curiam</strong></span> <span class='ocrx_word' id='word_1_89' title='bbox 446 1316 568 1374; x_wconf 88' lang='lat' dir='ltr'><strong>senatus</strong></span> <span class='ocrx_word' id='word_1_90' title='bbox 590 1312 723 1389; x_wconf 88' lang='lat' dir='ltr'><strong>sedebat,</strong></span> <span class='ocrx_word' id='word_1_91' title='bbox 745 1313 798 1389; x_wconf 90' lang='lat' dir='ltr'><strong>qui</strong></span> <span class='ocrx_word' id='word_1_92' title='bbox 818 1313 902 1373; x_wconf 88' lang='lat' dir='ltr'><strong>locus</strong></span> <span class='ocrx_word' id='word_1_93' title='bbox 922 1313 1069 1387; x_wconf 74' lang='lat' dir='ltr'><strong>hodieque</strong></span> <span class='ocrx_word' id='word_1_94' title='bbox 1092 1331 1183 1373; x_wconf 81' lang='lat' dir='ltr'><strong>senn-</strong></span> 
     </span>
     <span class='ocr_line' id='line_1_15' title="bbox 205 1397 1183 1470; baseline -0.001 -11"><span class='ocrx_word' id='word_1_95' title='bbox 205 1399 305 1459; x_wconf 88' lang='lat' dir='ltr'><strong>uulum</strong></span> <span class='ocrx_word' id='word_1_96' title='bbox 327 1398 447 1458; x_wconf 86' lang='lat' dir='ltr'><strong>dicitur.</strong></span> <span class='ocrx_word' id='word_1_97' title='bbox 490 1397 561 1458; x_wconf 88' lang='lat' dir='ltr'><strong>inde</strong></span> <span class='ocrx_word' id='word_1_98' title='bbox 584 1398 734 1459; x_wconf 88' lang='lat' dir='ltr'><strong>citabatur</strong></span> <span class='ocrx_word' id='word_1_99' title='bbox 754 1397 787 1457; x_wconf 91' lang='lat' dir='ltr'><strong>in</strong></span> <span class='ocrx_word' id='word_1_100' title='bbox 809 1398 931 1470; x_wconf 89' lang='lat' dir='ltr'><strong>curiam,</strong></span> <span class='ocrx_word' id='word_1_101' title='bbox 953 1415 1015 1458; x_wconf 92' lang='lat' dir='ltr'><strong>non</strong></span> <span class='ocrx_word' id='word_1_102' title='bbox 1036 1400 1072 1457; x_wconf 87' lang='lat' dir='ltr'><strong>ut</strong></span> <span class='ocrx_word' id='word_1_103' title='bbox 1094 1416 1183 1460; x_wconf 90' lang='lat' dir='ltr'><strong>nune</strong></span> 
     </span>
     <span class='ocr_line' id='line_1_16' title="bbox 205 1483 1221 1560; baseline -0.003 -17"><span class='ocrx_word' id='word_1_104' title='bbox 205 1483 371 1560; x_wconf 74' lang='lat' dir='ltr'><strong>cogebatur</strong></span> <span class='ocrx_word' id='word_1_105' title='bbox 392 1483 508 1542; x_wconf 89' lang='lat' dir='ltr'><strong>edictis.</strong></span> <span class='ocrx_word' id='word_1_106' title='bbox 1197 1500 1221 1540; x_wconf 81' lang='lat'><strong>15</strong></span> 
     </span>
    </p>

    <p class='ocr_par' dir='ltr' id='par_1_5' title="bbox 136 1565 1262 2067">
     <span class='ocr_line' id='line_1_17' title="bbox 136 1565 1185 1644; baseline -0.004 -14"><span class='ocrx_word' id='word_1_107' title='bbox 136 1580 189 1644; x_wconf 58' lang='lat' dir='ltr'><strong>us</strong></span> <span class='ocrx_word' id='word_1_108' title='bbox 272 1569 322 1628; x_wconf 89' lang='lat'><strong>18.</strong></span> <span class='ocrx_word' id='word_1_109' title='bbox 356 1567 467 1628; x_wconf 84' lang='lat' dir='ltr'><strong>Romus</strong></span> <span class='ocrx_word' id='word_1_110' title='bbox 493 1570 525 1628; x_wconf 88' lang='lat' dir='ltr'><strong>et</strong></span> <span class='ocrx_word' id='word_1_111' title='bbox 553 1567 701 1627; x_wconf 83' lang='lat' dir='ltr'><strong>Romulus</strong></span> <span class='ocrx_word' id='word_1_112' title='bbox 728 1567 784 1628; x_wconf 88' lang='lat' dir='ltr'><strong>sub</strong></span> <span class='ocrx_word' id='word_1_113' title='bbox 813 1569 914 1627; x_wconf 90' lang='lat' dir='ltr'><strong>monte</strong></span> <span class='ocrx_word' id='word_1_114' title='bbox 943 1565 1081 1626; x_wconf 84' lang='lat' dir='ltr'><strong>Palatino</strong></span> <span class='ocrx_word' id='word_1_115' title='bbox 1110 1586 1185 1644; x_wconf 85' lang='lat' dir='ltr'><strong>pur-</strong></span> 
     </span>
     <span class='ocr_line' id='line_1_18' title="bbox 206 1621 1262 1746; baseline -0.001 -33"><span class='ocrx_word' id='word_1_116' title='bbox 206 1652 300 1712; x_wconf 89' lang='lat' dir='ltr'><strong>missu</strong></span> <span class='ocrx_word' id='word_1_117' title='bbox 317 1651 487 1712; x_wconf 87' lang='lat' dir='ltr'><strong>Numitoris</strong></span> <span class='ocrx_word' id='word_1_118' title='bbox 508 1653 558 1711; x_wconf 87' lang='lat' dir='ltr'><strong>aui</strong></span> <span class='ocrx_word' id='word_1_119' title='bbox 574 1652 685 1712; x_wconf 81' lang='lat' dir='ltr'><strong>Romae</strong></span> <span class='ocrx_word' id='word_1_120' title='bbox 707 1651 901 1712; x_wconf 85' lang='lat' dir='ltr'><strong>fundamento</strong></span> <span class='ocrx_word' id='word_1_121' title='bbox 922 1652 1057 1711; x_wconf 86' lang='lat' dir='ltr'><strong>iecerunt</strong></span> <span class='ocrx_word' id='word_1_122' title='bbox 1077 1670 1184 1728; x_wconf 85' lang='lat' dir='ltr'><strong>eoque</strong></span> <span class='ocrx_word' id='word_1_123' title='bbox 1260 1621 1262 1746; x_wconf 71' lang='grc'><strong>1</strong></span> 
     </span>
     <span class='ocr_line' id='line_1_19' title="bbox 205 1736 1184 1814; baseline 0 -18"><span class='ocrx_word' id='word_1_124' title='bbox 205 1737 271 1798; x_wconf 84' lang='grc'><strong>1000</strong></span> <span class='ocrx_word' id='word_1_125' title='bbox 295 1737 387 1798; x_wconf 82' lang='lat' dir='ltr'><strong>sacris</strong></span> <span class='ocrx_word' id='word_1_126' title='bbox 409 1738 523 1814; x_wconf 83' lang='lat' dir='ltr'><strong>operati</strong></span> <span class='ocrx_word' id='word_1_127' title='bbox 545 1739 627 1800; x_wconf 88' lang='lat' dir='ltr'><strong>sunt.</strong></span> <span class='ocrx_word' id='word_1_128' title='bbox 664 1740 730 1796; x_wconf 89' lang='lat' dir='ltr'><strong>tum</strong></span> <span class='ocrx_word' id='word_1_129' title='bbox 750 1736 880 1813; x_wconf 83' lang='lat' dir='ltr'><strong>largiore</strong></span> <span class='ocrx_word' id='word_1_130' title='bbox 900 1736 972 1796; x_wconf 88' lang='lat' dir='ltr'><strong>uiuo</strong></span> <span class='ocrx_word' id='word_1_131' title='bbox 994 1737 1041 1796; x_wconf 92' lang='lat' dir='ltr'><strong>usi</strong></span> <span class='ocrx_word' id='word_1_132' title='bbox 1061 1736 1184 1796; x_wconf 88' lang='lat' dir='ltr'><strong>induti-</strong></span> 
     </span>
     <span class='ocr_line' id='line_1_20' title="bbox 203 1820 1184 1898; baseline 0 -18"><span class='ocrx_word' id='word_1_133' title='bbox 203 1841 268 1898; x_wconf 83' lang='lat' dir='ltr'><strong>que</strong></span> <span class='ocrx_word' id='word_1_134' title='bbox 284 1839 439 1898; x_wconf 86' lang='lat' dir='ltr'><strong>caprarum</strong></span> <span class='ocrx_word' id='word_1_135' title='bbox 452 1821 592 1898; x_wconf 88' lang='lat' dir='ltr'><strong>pellibus,</strong></span> <span class='ocrx_word' id='word_1_136' title='bbox 614 1838 689 1898; x_wconf 83' lang='lat' dir='ltr'><strong>quus</strong></span> <span class='ocrx_word' id='word_1_137' title='bbox 703 1820 944 1896; x_wconf 79' lang='lat' dir='ltr'><strong>immolauerunt,</strong></span> <span class='ocrx_word' id='word_1_138' title='bbox 959 1821 1091 1880; x_wconf 83' lang='lat' dir='ltr'><strong>iocantes</strong></span> <span class='ocrx_word' id='word_1_139' title='bbox 1108 1840 1184 1881; x_wconf 91' lang='lat' dir='ltr'><strong>oum</strong></span> 
     </span>
     <span class='ocr_line' id='line_1_21' title="bbox 209 1905 1223 1983; baseline -0.005 -16"><span class='ocrx_word' id='word_1_140' title='bbox 209 1906 383 1983; x_wconf 84' lang='lat' dir='ltr'><strong>pastoribus</strong></span> <span class='ocrx_word' id='word_1_141' title='bbox 400 1907 443 1965; x_wconf 85' lang='lat' dir='ltr'><strong>in</strong></span> <span class='ocrx_word' id='word_1_142' title='bbox 471 1905 575 1967; x_wconf 90' lang='lat' dir='ltr'><strong>obuios</strong></span> <span class='ocrx_word' id='word_1_143' title='bbox 603 1906 769 1966; x_wconf 87' lang='lat' dir='ltr'><strong>irruerunt.</strong></span> <span class='ocrx_word' id='word_1_144' title='bbox 812 1924 966 1967; x_wconf 90' lang='lat' dir='ltr'><strong>sacrorum</strong></span> <span class='ocrx_word' id='word_1_145' title='bbox 987 1924 1102 1966; x_wconf 89' lang='lat' dir='ltr'><strong>morem</strong></span> <span class='ocrx_word' id='word_1_146' title='bbox 1125 1906 1184 1966; x_wconf 87' lang='lat' dir='ltr'><strong>diu</strong></span> <span class='ocrx_word' id='word_1_147' title='bbox 1197 1923 1223 1962; x_wconf 84' lang='lat' dir='ltr'><strong>ao</strong></span> 
     </span>
     <span class='ocr_line' id='line_1_22' title="bbox 206 1991 618 2067; baseline -0.002 -16"><span class='ocrx_word' id='word_1_148' title='bbox 206 1991 322 2067; x_wconf 90' lang='lat' dir='ltr'><strong>equites</strong></span> <span class='ocrx_word' id='word_1_149' title='bbox 343 1991 428 2050; x_wconf 89' lang='lat' dir='ltr'><strong>Rom.</strong></span> <span class='ocrx_word' id='word_1_150' title='bbox 453 2009 618 2051; x_wconf 88' lang='lat' dir='ltr'><strong>exercuere.</strong></span> 
     </span>
    </p>

    <p class='ocr_par' dir='ltr' id='par_1_6' title="bbox 138 2074 1184 2220">
     <span class='ocr_line' id='line_1_23' title="bbox 138 2074 1184 2157; baseline 0.003 -24"><span class='ocrx_word' id='word_1_151' title='bbox 138 2093 190 2157; x_wconf 59' lang='lat' dir='ltr'><strong>qq</strong></span> <span class='ocrx_word' id='word_1_152' title='bbox 274 2077 325 2136; x_wconf 90' lang='grc'><strong>19.</strong></span> <span class='ocrx_word' id='word_1_153' title='bbox 353 2074 516 2146; x_wconf 70' lang='grc'><strong>(11111111</strong></span> <span class='ocrx_word' id='word_1_154' title='bbox 537 2075 672 2136; x_wconf 74' lang='lat' dir='ltr'><strong>instituit</strong></span> <span class='ocrx_word' id='word_1_155' title='bbox 691 2078 728 2135; x_wconf 92' lang='lat' dir='ltr'><strong>ut</strong></span> <span class='ocrx_word' id='word_1_156' title='bbox 749 2076 865 2153; x_wconf 82' lang='lat' dir='ltr'><strong>equites</strong></span> <span class='ocrx_word' id='word_1_157' title='bbox 887 2075 987 2135; x_wconf 89' lang='lat' dir='ltr'><strong>idibus</strong></span> <span class='ocrx_word' id='word_1_158' title='bbox 1009 2074 1094 2134; x_wconf 87' lang='lat' dir='ltr'><strong>Iuliis</strong></span> <span class='ocrx_word' id='word_1_159' title='bbox 1118 2078 1184 2136; x_wconf 82' lang='lat' dir='ltr'><strong>tra·</strong></span> 
     </span>
     <span class='ocr_line' id='line_1_24' title="bbox 208 2157 495 2220; baseline 0.007 -2"><span class='ocrx_word' id='word_1_160' title='bbox 208 2158 291 2218; x_wconf 85' lang='lat' dir='ltr'><strong>beati</strong></span> <span class='ocrx_word' id='word_1_161' title='bbox 312 2157 495 2220; x_wconf 88' lang='lat' dir='ltr'><strong>incederent.</strong></span> 
     </span>
    </p>

    <p class='ocr_par' dir='ltr' id='par_1_7' title="bbox 139 2243 1261 2576">
     <span class='ocr_line' id='line_1_25' title="bbox 139 2243 1261 2323; baseline 0.001 -20"><span class='ocrx_word' id='word_1_162' title='bbox 139 2263 190 2323; x_wconf 66' lang='lat' dir='ltr'><strong>qa</strong></span> <span class='ocrx_word' id='word_1_163' title='bbox 272 2244 323 2304; x_wconf 83' lang='lat'><strong>20.</strong></span> <span class='ocrx_word' id='word_1_164' title='bbox 355 2243 431 2304; x_wconf 78' lang='lat' dir='ltr'><strong>cum</strong></span> <span class='ocrx_word' id='word_1_165' title='bbox 450 2244 487 2304; x_wconf 90' lang='lat' dir='ltr'><strong>P.</strong></span> <span class='ocrx_word' id='word_1_166' title='bbox 509 2243 619 2305; x_wconf 91' lang='lat' dir='ltr'><strong>Decius</strong></span> <span class='ocrx_word' id='word_1_167' title='bbox 646 2245 767 2305; x_wconf 89' lang='lat' dir='ltr'><strong>comitia</strong></span> <span class='ocrx_word' id='word_1_168' title='bbox 792 2245 826 2303; x_wconf 90' lang='lat' dir='ltr'><strong>iu</strong></span> <span class='ocrx_word' id='word_1_169' title='bbox 846 2243 931 2321; x_wconf 80' lang='lat' dir='ltr'><strong>uulgi</strong></span> <span class='ocrx_word' id='word_1_170' title='bbox 952 2245 1102 2320; x_wconf 75' lang='lat' dir='ltr'><strong>potestate</strong></span> <span class='ocrx_word' id='word_1_171' title='bbox 1124 2264 1184 2320; x_wconf 92' lang='lat' dir='ltr'><strong>po·</strong></span> <span class='ocrx_word' id='word_1_172' title='bbox 1260 2273 1261 2284; x_wconf 48' lang='grc'><strong>1</strong></span> 
     </span>
     <span class='ocr_line' id='line_1_26' title="bbox 208 2325 1261 2406; baseline -0.003 -19"><span class='ocrx_word' id='word_1_173' title='bbox 208 2327 327 2406; x_wconf 79' lang='lat' dir='ltr'><strong>suisset,</strong></span> <span class='ocrx_word' id='word_1_174' title='bbox 350 2345 453 2389; x_wconf 90' lang='lat' dir='ltr'><strong>censor</strong></span> <span class='ocrx_word' id='word_1_175' title='bbox 466 2328 580 2388; x_wconf 79' lang='lat' dir='ltr'><strong>Fabius</strong></span> <span class='ocrx_word' id='word_1_176' title='bbox 601 2329 719 2390; x_wconf 83' lang='lat' dir='ltr'><strong>forense</strong></span> <span class='ocrx_word' id='word_1_177' title='bbox 740 2347 836 2406; x_wconf 80' lang='lat' dir='ltr'><strong>genus</strong></span> <span class='ocrx_word' id='word_1_178' title='bbox 857 2329 891 2388; x_wconf 90' lang='lat' dir='ltr'><strong>in</strong></span> <span class='ocrx_word' id='word_1_179' title='bbox 912 2331 1042 2405; x_wconf 87' lang='lat' dir='ltr'><strong>quatuor</strong></span> <span class='ocrx_word' id='word_1_180' title='bbox 1056 2325 1223 2390; x_wconf 81' lang='lat' dir='ltr'><strong>ordinasse</strong></span> <span class='ocrx_word' id='word_1_181' title='bbox 1260 2369 1261 2372; x_wconf 17' lang='grc' dir='ltr'>η</span> 
     </span>
     <span class='ocr_line' id='line_1_27' title="bbox 212 2377 1261 2491; baseline -0.007 -17"><span class='ocrx_word' id='word_1_182' title='bbox 212 2413 365 2490; x_wconf 88' lang='lat' dir='ltr'><strong>discripsit</strong></span> <span class='ocrx_word' id='word_1_183' title='bbox 399 2414 589 2490; x_wconf 82' lang='lat' dir='ltr'><strong>urbanasque</strong></span> <span class='ocrx_word' id='word_1_184' title='bbox 623 2414 721 2474; x_wconf 88' lang='lat' dir='ltr'><strong>tribus</strong></span> <span class='ocrx_word' id='word_1_185' title='bbox 747 2413 921 2491; x_wconf 90' lang='lat' dir='ltr'><strong>appellauit.</strong></span> <span class='ocrx_word' id='word_1_186' title='bbox 970 2414 1026 2473; x_wconf 90' lang='lat' dir='ltr'><strong>boo</strong></span> <span class='ocrx_word' id='word_1_187' title='bbox 1053 2413 1184 2474; x_wconf 84' lang='lat' dir='ltr'><strong>Maximi</strong></span> <span class='ocrx_word' id='word_1_188' title='bbox 1260 2377 1261 2467; x_wconf 78' lang='grc'><strong>1</strong></span> 
     </span>
     <span class='ocr_line' id='line_1_28' title="bbox 211 2497 1080 2576; baseline -0.001 -18"><span class='ocrx_word' id='word_1_189' title='bbox 211 2501 444 2576; x_wconf 79' lang='lat' dir='ltr'><strong>cognomentum</strong></span> <span class='ocrx_word' id='word_1_190' title='bbox 466 2499 586 2573; x_wconf 87' lang='lat' dir='ltr'><strong>meruit,</strong></span> <span class='ocrx_word' id='word_1_191' title='bbox 609 2499 747 2576; x_wconf 88' lang='lat' dir='ltr'><strong>quamuis</strong></span> <span class='ocrx_word' id='word_1_192' title='bbox 769 2497 850 2558; x_wconf 92' lang='lat' dir='ltr'><strong>bello</strong></span> <span class='ocrx_word' id='word_1_193' title='bbox 873 2498 970 2558; x_wconf 87' lang='lat' dir='ltr'><strong>clarus</strong></span> <span class='ocrx_word' id='word_1_194' title='bbox 993 2500 1080 2557; x_wconf 86' lang='lat' dir='ltr'><strong>esset</strong></span> 
     </span>
    </p>

    <p class='ocr_par' dir='ltr' id='par_1_8' title="bbox 140 2561 1260 2665">
     <span class='ocr_line' id='line_1_29' title="bbox 140 2561 1260 2665; baseline 0.003 -23"><span class='ocrx_word' id='word_1_195' title='bbox 140 2601 193 2665; x_wconf 84' lang='lat'><strong>3‚1</strong></span> <span class='ocrx_word' id='word_1_196' title='bbox 276 2584 328 2644; x_wconf 82' lang='lat'><strong>21.</strong></span> <span class='ocrx_word' id='word_1_197' title='bbox 361 2582 474 2660; x_wconf 86' lang='lat' dir='ltr'><strong>Sponte</strong></span> <span class='ocrx_word' id='word_1_198' title='bbox 501 2599 533 2644; x_wconf 88' lang='lat' dir='ltr'><strong>se</strong></span> <span class='ocrx_word' id='word_1_199' title='bbox 554 2584 696 2644; x_wconf 88' lang='lat' dir='ltr'><strong>iuuentus</strong></span> <span class='ocrx_word' id='word_1_200' title='bbox 718 2582 790 2642; x_wconf 92' lang='lat' dir='ltr'><strong>olim</strong></span> <span class='ocrx_word' id='word_1_201' title='bbox 812 2581 939 2645; x_wconf 88' lang='lat' dir='ltr'><strong>militiae</strong></span> <span class='ocrx_word' id='word_1_202' title='bbox 960 2581 1118 2657; x_wconf 85' lang='lat' dir='ltr'><strong>offerebat,</strong></span> <span class='ocrx_word' id='word_1_203' title='bbox 1140 2602 1184 2645; x_wconf 87' lang='lat' dir='ltr'><strong>na</strong></span> <span class='ocrx_word' id='word_1_204' title='bbox 1258 2561 1260 2622; x_wconf 63' lang='lat'><strong>⁴</strong></span> 
     </span>
    </p>
   </div>
   <div class='ocr_carea' id='block_1_3' title="bbox 204 2778 1260 3054">
    <p class='ocr_par' dir='ltr' id='par_1_9' title="bbox 204 2778 1260 3054">
     <span class='ocr_line' id='line_1_30' title="bbox 277 2778 1183 2860; baseline 0.002 -26"><span class='ocrx_word' id='word_1_205' title='bbox 277 2785 291 2834; x_wconf 93' lang='lat'>1</span> <span class='ocrx_word' id='word_1_206' title='bbox 311 2779 448 2850; x_wconf 89' lang='lat' dir='ltr'><strong>denique]</strong></span> <span class='ocrx_word' id='word_1_207' title='bbox 467 2779 594 2859; x_wconf 80' lang='lat' dir='ltr'><strong>itemque</strong></span> <span class='ocrx_word' id='word_1_208' title='bbox 612 2779 763 2835; x_wconf 78' lang='lat' dir='ltr'><strong>Eberhard</strong></span> <span class='ocrx_word' id='word_1_209' title='bbox 780 2780 799 2838; x_wconf 86' lang='lat' dir='ltr'><strong>l.</strong></span> <span class='ocrx_word' id='word_1_210' title='bbox 817 2795 850 2860; x_wconf 69' lang='lat' dir='ltr'><strong>c,</strong></span> <span class='ocrx_word' id='word_1_211' title='bbox 867 2778 992 2849; x_wconf 85' lang='lat' dir='ltr'><strong>indeque</strong></span> <span class='ocrx_word' id='word_1_212' title='bbox 1011 2779 1122 2835; x_wconf 68' lang='lat' dir='ltr'><strong>Gerw.</strong></span> <span class='ocrx_word' id='word_1_213' title='bbox 1141 2782 1183 2846; x_wconf 74' lang='lat' dir='ltr'><strong>af.</strong></span> 
     </span>
     <span class='ocr_line' id='line_1_31' title="bbox 204 2847 1183 2918; baseline 0.001 -15"><span class='ocrx_word' id='word_1_214' title='bbox 204 2863 234 2918; x_wconf 87' lang='lat' dir='ltr'><strong>p.</strong></span> <span class='ocrx_word' id='word_1_215' title='bbox 247 2851 310 2915; x_wconf 83' lang='lat'><strong><em>619,</em></strong></span> <span class='ocrx_word' id='word_1_216' title='bbox 323 2852 357 2902; x_wconf 88' lang='lat'><strong>11</strong></span> <span class='ocrx_word' id='word_1_217' title='bbox 404 2853 420 2902; x_wconf 78' lang='lat'>2</span> <span class='ocrx_word' id='word_1_218' title='bbox 438 2865 456 2902; x_wconf 87' lang='lat' dir='ltr'><strong>a</strong></span> <span class='ocrx_word' id='word_1_219' title='bbox 472 2847 532 2903; x_wconf 86' lang='lat' dir='ltr'><strong>fibo</strong></span> <span class='ocrx_word' id='word_1_220' title='bbox 550 2849 628 2918; x_wconf 88' lang='lat' dir='ltr'><strong>(cos.</strong></span> <span class='ocrx_word' id='word_1_221' title='bbox 645 2847 679 2902; x_wconf 89' lang='lat' dir='ltr'><strong>ut</strong></span> <span class='ocrx_word' id='word_1_222' title='bbox 696 2847 751 2917; x_wconf 85' lang='lat' dir='ltr'><strong>eo&gt;</strong></span> <span class='ocrx_word' id='word_1_223' title='bbox 772 2849 909 2902; x_wconf 77' lang='lat' dir='ltr'><strong>admissus</strong></span> <span class='ocrx_word' id='word_1_224' title='bbox 931 2848 988 2902; x_wconf 86' lang='lat' dir='ltr'><strong>iret</strong></span> <span class='ocrx_word' id='word_1_225' title='bbox 1006 2847 1108 2903; x_wconf 73' lang='lat' dir='ltr'><strong>Garis·</strong></span> <span class='ocrx_word' id='word_1_226' title='bbox 1163 2856 1183 2904; x_wconf 87' lang='grc'>3</span> 
     </span>
     <span class='ocr_line' id='line_1_32' title="bbox 207 2914 1260 3054; baseline 0 -14"><span class='ocrx_word' id='word_1_227' title='bbox 207 2914 1183 3054; x_wconf 57' lang='grc'><strong>11111111110111111111111111</strong></span> <span class='ocrx_word' id='word_1_228' title='bbox 1259 2981 1260 2991; x_wconf 27' lang='grc' dir='ltr'>ψ</span> 
     </span>
    </p>
   </div>
   <div class='ocr_carea' id='block_1_4' title="bbox 207 3050 1184 3174">
    <p class='ocr_par' dir='ltr' id='par_1_10' title="bbox 207 3050 1184 3174">
     <span class='ocr_line' id='line_1_33' title="bbox 207 3050 1184 3174; baseline -0.002 -66"><span class='ocrx_word' id='word_1_229' title='bbox 207 3051 391 3122; x_wconf 83' lang='lat' dir='ltr'><strong>adaperuerit</strong></span> <span class='ocrx_word' id='word_1_230' title='bbox 409 3050 527 3119; x_wconf 77' lang='lat' dir='ltr'><strong>Gertr⁸;</strong></span> <span class='ocrx_word' id='word_1_231' title='bbox 549 3056 580 3106; x_wconf 83' lang='lat' dir='ltr'><strong>at</strong></span> <span class='ocrx_word' id='word_1_232' title='bbox 597 3068 625 3107; x_wconf 83' lang='lat' dir='ltr'><strong>a.</strong></span> <span class='ocrx_word' id='word_1_233' title='bbox 644 3050 695 3106; x_wconf 85' lang='lat' dir='ltr'><strong>Da</strong></span> <span class='ocrx_word' id='word_1_234' title='bbox 715 3051 809 3174; x_wconf 44' lang='lat' dir='ltr'><strong>daque</strong></span> <span class='ocrx_word' id='word_1_235' title='bbox 824 3067 847 3106; x_wconf 89' lang='lat' dir='ltr'><strong>a.</strong></span> <span class='ocrx_word' id='word_1_236' title='bbox 865 3067 894 3106; x_wconf 82' lang='lat' dir='ltr'><strong>a.</strong></span> <span class='ocrx_word' id='word_1_237' title='bbox 913 3051 1062 3122; x_wconf 88' lang='lat' dir='ltr'><strong>deoperire</strong></span> <span class='ocrx_word' id='word_1_238' title='bbox 1073 3052 1112 3120; x_wconf 83' lang='grc'><strong>18</strong></span> <span class='ocrx_word' id='word_1_239' title='bbox 1129 3067 1184 3122; x_wconf 82' lang='lat' dir='ltr'><strong>pa-</strong></span> 
     </span>
    </p>
   </div>
   <div class='ocr_carea' id='block_1_5' title="bbox 206 3118 1259 3570">
    <p class='ocr_par' dir='ltr' id='par_1_11' title="bbox 206 3118 1259 3570">
     <span class='ocr_line' id='line_1_34' title="bbox 206 3118 1182 3188; baseline 0.001 -14"><span class='ocrx_word' id='word_1_240' title='bbox 206 3123 260 3186; x_wconf 84' lang='lat' dir='ltr'><strong>ter,</strong></span> <span class='ocrx_word' id='word_1_241' title='bbox 280 3119 340 3174; x_wconf 89' lang='lat' dir='ltr'><strong>scil.</strong></span> <span class='ocrx_word' id='word_1_242' title='bbox 359 3124 385 3175; x_wconf 85' lang='lat' dir='ltr'><strong>et</strong></span> <span class='ocrx_word' id='word_1_243' title='bbox 402 3119 503 3182; x_wconf 74' lang='lat' dir='ltr'><strong>deinde</strong></span> <span class='ocrx_word' id='word_1_244' title='bbox 520 3119 610 3188; x_wconf 85' lang='lat' dir='ltr'><strong>patri:</strong></span> <span class='ocrx_word' id='word_1_245' title='bbox 628 3118 733 3174; x_wconf 77' lang='lat' dir='ltr'><strong>Fabius</strong></span> <span class='ocrx_word' id='word_1_246' title='bbox 781 3120 851 3185; x_wconf 84' lang='lat' dir='ltr'><strong>alm,</strong></span> <span class='ocrx_word' id='word_1_247' title='bbox 868 3134 941 3188; x_wconf 80' lang='lat' dir='ltr'><strong>quae</strong></span> <span class='ocrx_word' id='word_1_248' title='bbox 956 3120 1059 3176; x_wconf 76' lang='lat' dir='ltr'><strong>rectius</strong></span> <span class='ocrx_word' id='word_1_249' title='bbox 1076 3119 1182 3175; x_wconf 69' lang='lat' dir='ltr'><strong>diera-</strong></span> 
     </span>
     <span class='ocr_line' id='line_1_35' title="bbox 206 3185 1183 3308; baseline -0.002 -64"><span class='ocrx_word' id='word_1_250' title='bbox 206 3188 252 3244; x_wconf 72' lang='grc'><strong>011</strong></span> <span class='ocrx_word' id='word_1_251' title='bbox 270 3186 484 3288; x_wconf 45' lang='grc'><strong>(1011112991</strong></span> <span class='ocrx_word' id='word_1_252' title='bbox 498 3193 530 3269; x_wconf 74' lang='lat'><strong>19</strong></span> <span class='ocrx_word' id='word_1_253' title='bbox 547 3187 802 3308; x_wconf 53' lang='lat' dir='ltr'><strong>exemfiloraudum</strong></span> <span class='ocrx_word' id='word_1_254' title='bbox 822 3188 833 3257; x_wconf 93' lang='grc'><strong>1</strong></span> <span class='ocrx_word' id='word_1_255' title='bbox 855 3193 887 3243; x_wconf 77' lang='grc'><strong>13</strong></span> <span class='ocrx_word' id='word_1_256' title='bbox 904 3185 989 3242; x_wconf 89' lang='lat' dir='ltr'><strong>hodie</strong></span> <span class='ocrx_word' id='word_1_257' title='bbox 1006 3187 1065 3243; x_wconf 90' lang='lat' dir='ltr'><strong>cod.</strong></span> <span class='ocrx_word' id='word_1_258' title='bbox 1082 3185 1183 3254; x_wconf 75' lang='lat' dir='ltr'><strong>Halos,</strong></span> 
     </span>
     <span class='ocr_line' id='line_1_36' title="bbox 207 3253 1182 3324; baseline 0 -14"><span class='ocrx_word' id='word_1_259' title='bbox 207 3271 257 3310; x_wconf 88' lang='lat' dir='ltr'><strong>em.</strong></span> <span class='ocrx_word' id='word_1_260' title='bbox 277 3253 361 3310; x_wconf 73' lang='lat' dir='ltr'><strong>Gertz</strong></span> <span class='ocrx_word' id='word_1_261' title='bbox 390 3256 612 3324; x_wconf 71' lang='grc'><strong>11410110110</strong></span> <span class='ocrx_word' id='word_1_262' title='bbox 650 3271 704 3309; x_wconf 89' lang='lat' dir='ltr'><strong>unc</strong></span> <span class='ocrx_word' id='word_1_263' title='bbox 721 3260 788 3310; x_wconf 82' lang='lat' dir='ltr'><strong>cale</strong></span> <span class='ocrx_word' id='word_1_264' title='bbox 804 3270 948 3310; x_wconf 87' lang='lat' dir='ltr'><strong>sacrorum</strong></span> <span class='ocrx_word' id='word_1_265' title='bbox 965 3255 1088 3312; x_wconf 77' lang='lat' dir='ltr'><strong>adderad.</strong></span> <span class='ocrx_word' id='word_1_266' title='bbox 1105 3270 1182 3316; x_wconf 81' lang='grc'><strong>00110.</strong></span> 
     </span>
     <span class='ocr_line' id='line_1_37' title="bbox 209 3321 1182 3393; baseline 0.003 -18"><span class='ocrx_word' id='word_1_267' title='bbox 209 3321 312 3376; x_wconf 68' lang='lat' dir='ltr'><strong>Gertz·</strong></span> <span class='ocrx_word' id='word_1_268' title='bbox 332 3321 343 3390; x_wconf 95' lang='grc'><strong>1</strong></span> <span class='ocrx_word' id='word_1_269' title='bbox 364 3327 398 3376; x_wconf 77' lang='lat'><strong>26</strong></span> <span class='ocrx_word' id='word_1_270' title='bbox 419 3322 530 3377; x_wconf 84' lang='lat' dir='ltr'><strong>forense</strong></span> <span class='ocrx_word' id='word_1_271' title='bbox 552 3339 642 3393; x_wconf 82' lang='lat' dir='ltr'><strong>genus</strong></span> <span class='ocrx_word' id='word_1_272' title='bbox 663 3322 815 3379; x_wconf 78' lang='lat' dir='ltr'><strong>Eberhard</strong></span> <span class='ocrx_word' id='word_1_273' title='bbox 832 3323 850 3382; x_wconf 86' lang='lat' dir='ltr'><strong>l.</strong></span> <span class='ocrx_word' id='word_1_274' title='bbox 868 3339 892 3378; x_wconf 88' lang='lat' dir='ltr'><strong>c.</strong></span> <span class='ocrx_word' id='word_1_275' title='bbox 906 3337 937 3391; x_wconf 79' lang='lat' dir='ltr'><strong>p.</strong></span> <span class='ocrx_word' id='word_1_276' title='bbox 949 3327 1003 3378; x_wconf 88' lang='grc'><strong>101</strong></span> <span class='ocrx_word' id='word_1_277' title='bbox 1025 3328 1051 3380; x_wconf 84' lang='lat' dir='ltr'><strong>et</strong></span> <span class='ocrx_word' id='word_1_278' title='bbox 1069 3322 1182 3391; x_wconf 64' lang='lat' dir='ltr'><strong>omar,</strong></span> 
     </span>
     <span class='ocr_line' id='line_1_38' title="bbox 207 3387 1182 3466; baseline 0.007 -27"><span class='ocrx_word' id='word_1_279' title='bbox 207 3387 268 3466; x_wconf 81' lang='lat' dir='ltr'><strong>fore</strong></span> <span class='ocrx_word' id='word_1_280' title='bbox 292 3389 443 3455; x_wconf 86' lang='lat' dir='ltr'><strong>sequentes</strong></span> <span class='ocrx_word' id='word_1_281' title='bbox 464 3390 534 3457; x_wconf 81' lang='lat' dir='ltr'><strong>cod,</strong></span> <span class='ocrx_word' id='word_1_282' title='bbox 562 3390 703 3444; x_wconf 86' lang='lat' dir='ltr'><strong>forensem</strong></span> <span class='ocrx_word' id='word_1_283' title='bbox 727 3391 840 3445; x_wconf 84' lang='lat' dir='ltr'><strong>turbam</strong></span> <span class='ocrx_word' id='word_1_284' title='bbox 863 3407 878 3445; x_wconf 90' lang='lat' dir='ltr'><strong>e</strong></span> <span class='ocrx_word' id='word_1_285' title='bbox 900 3392 972 3446; x_wconf 79' lang='lat' dir='ltr'><strong>carri.</strong></span> <span class='ocrx_word' id='word_1_286' title='bbox 995 3389 1060 3444; x_wconf 80' lang='lat' dir='ltr'><strong>Mai</strong></span> <span class='ocrx_word' id='word_1_287' title='bbox 1081 3389 1182 3459; x_wconf 85' lang='lat' dir='ltr'><strong>Halm,</strong></span> 
     </span>
     <span class='ocr_line' id='line_1_39' title="bbox 207 3455 1259 3570; baseline 0.01 -64"><span class='ocrx_word' id='word_1_288' title='bbox 207 3467 258 3570; x_wconf 62' lang='lat' dir='ltr'><strong>qqa</strong></span> <span class='ocrx_word' id='word_1_289' title='bbox 282 3458 375 3508; x_wconf 83' lang='lat' dir='ltr'><strong>tamea</strong></span> <span class='ocrx_word' id='word_1_290' title='bbox 397 3455 466 3514; x_wconf 88' lang='lat' dir='ltr'><strong>add.</strong></span> <span class='ocrx_word' id='word_1_291' title='bbox 488 3473 528 3512; x_wconf 78' lang='lat' dir='ltr'><strong>aa</strong></span> <span class='ocrx_word' id='word_1_292' title='bbox 550 3456 692 3512; x_wconf 82' lang='lat' dir='ltr'><strong>forensem</strong></span> <span class='ocrx_word' id='word_1_293' title='bbox 713 3457 842 3513; x_wconf 81' lang='lat' dir='ltr'><strong>faecem?</strong></span> <span class='ocrx_word' id='word_1_294' title='bbox 867 3459 877 3527; x_wconf 94' lang='grc' dir='ltr'><strong>ΙΙ</strong></span> <span class='ocrx_word' id='word_1_295' title='bbox 901 3463 934 3513; x_wconf 80' lang='lat'><strong>26</strong></span> <span class='ocrx_word' id='word_1_296' title='bbox 953 3456 1102 3528; x_wconf 84' lang='lat' dir='ltr'><strong>descripsit</strong></span> <span class='ocrx_word' id='word_1_297' title='bbox 1118 3461 1180 3520; x_wconf 85' lang='lat' dir='ltr'><strong>cod.</strong></span> <span class='ocrx_word' id='word_1_298' title='bbox 1258 3481 1259 3515; x_wconf 85' lang='lat' dir='ltr'><strong>l</strong></span> 
     </span>
    </p>
   </div>
   <div class='ocr_carea' id='block_1_6' title="bbox 239 3517 704 3582">
    <p class='ocr_par' dir='ltr' id='par_1_12' title="bbox 239 3517 704 3582">
     <span class='ocr_line' id='line_1_40' title="bbox 239 3517 704 3582; baseline 0.019 -13"><span class='ocrx_word' id='word_1_299' title='bbox 239 3517 303 3582; x_wconf 84' lang='lat' dir='ltr'><strong>alm,</strong></span> <span class='ocrx_word' id='word_1_300' title='bbox 323 3535 371 3576; x_wconf 88' lang='lat' dir='ltr'><strong>em.</strong></span> <span class='ocrx_word' id='word_1_301' title='bbox 389 3521 541 3579; x_wconf 72' lang='lat' dir='ltr'><strong>Eberhard</strong></span> <span class='ocrx_word' id='word_1_302' title='bbox 558 3529 584 3580; x_wconf 84' lang='lat' dir='ltr'><strong>et</strong></span> <span class='ocrx_word' id='word_1_303' title='bbox 603 3524 704 3580; x_wconf 72' lang='lat' dir='ltr'><strong>Gertr‘</strong></span> 
     </span>
    </p>
   </div>
   <div class='ocr_carea' id='block_1_7' title="bbox 0 0 1277 3950">
    <p class='ocr_par' dir='ltr' id='par_1_13' title="bbox 0 0 1277 3950">
     <span class='ocr_line' id='line_1_41' title="bbox 0 0 1277 3950; baseline 0 0"><span class='ocrx_word' id='word_1_304' title='bbox 0 0 1277 3950; x_wconf 95' lang='lat' dir='ltr'><strong> </strong></span> 
     </span>
    </p>
   </div>
  </div>
 </body>
</html>
