2550 3958
267 160 345 215 cla.
363 161 398 226 r,
419 167 433 226 s
453 169 476 216 a.
494 167 519 215 4.
550 161 614 215 axe.
632 168 647 228 s
668 170 739 218 1-4.
770 163 817 217 vr.
964 167 1028 232 443

122 314 154 376 2.
181 311 251 378 Iam
272 312 407 397 Xerxes,
431 314 521 378 cuius
543 314 578 378 in
599 314 730 379 nomine
752 317 902 463 superbia
924 320 957 381 et
979 318 1027 382 in·

4 427 6 466 i
53 397 206 480 potentia
236 397 378 477 habitat,
407 419 465 462 suo
493 400 562 462 iure
588 401 699 479 †tam
720 401 792 465 inso
807 405 913 485 enter,
943 402 1027 485 quod

4 547 5 552 ,
54 481 213 546 Graeciae
233 481 411 547 indicturus
434 482 555 548 bellum
575 483 727 549 adhibitis
751 486 849 549 Asiae
873 486 1027 570 principi-

4 599 6 638 1
54 565 128 646 bue,
154 571 206 630 ‘ne
220 565 358 631 uiderer'
380 568 487 651 inquit
509 575 592 632 ‘meo
607 571 734 633 tantum
749 569 845 634 modo
860 591 937 635 usus
953 591 1026 635 con·

5 685 6 722 3
51 649 148 732 silio,
177 672 235 715 uos
263 652 421 721 contraxi.
465 655 606 717 ceterum
634 656 829 718 mementote
850 654 1052 738 parendums

4 771 6 810 ξ
54 737 163 819 magis
197 735 291 800 uobis
324 757 393 801 esse
423 758 519 820 quam
548 737 770 803 suadendum’.
822 739 1025 824 adroganter,

5 855 6 894 3
53 820 155 884 etiam
178 820 206 884 si
227 821 344 885 uictori
365 825 511 904 repetere
534 822 563 886 ei
585 823 708 906 regiam
731 823 936 908 contigisset:
958 827 1027 888 tam

4 921 7 980 r,
53 903 245 968 deformiter
265 905 344 970 uicti
366 906 490 970 nescias
505 907 612 970 utrum
635 906 825 972 insolentius
841 908 963 974 dictum
983 929 1024 972 an

4 1025 6 1066 ῃ
52 988 291 1072 inprudentiae.

4 1111 7 1152 3
120 1074 150 1138 3.
184 1071 352 1139 Hannibal
373 1077 480 1138 autem
513 1073 696 1144 Cannensis
712 1097 849 1162 pugnae
876 1096 1025 1142 successu
1039 1099 1064 1138 10

4 1165 6 1238 ξ
53 1158 157 1223 elatus
179 1179 240 1223 nec
262 1159 391 1223 admisit
413 1180 607 1243 quemquam
630 1159 749 1224 ciuium
770 1182 898 1225 suorum
919 1161 955 1225 in
976 1183 1025 1226 ca·

53 1244 130 1307 stris
154 1264 214 1307 nec
237 1263 426 1326 responsum
448 1243 506 1308 ulli
527 1245 593 1308 atsi
614 1265 672 1326 per
694 1245 905 1329 interpretem
927 1246 1023 1310 dedit.

4 1369 7 1408 ἰ
53 1326 277 1392 Maharbalem
301 1328 412 1408 etiam,
442 1330 517 1392 ante
543 1328 788 1393 tabernaculum
816 1352 921 1416 suurn¹
938 1331 1025 1395 clara

4 1451 7 1494 ξ
53 1433 135 1476 uoce
157 1411 379 1476 adfirmantem
409 1413 610 1495 prospexisse
632 1433 772 1496 quonam
794 1415 890 1478 modo
913 1415 1025 1498 paucis
1129 1497 1131 1500 Ι

54 1496 168 1560 diebus
190 1495 313 1560 Romae
335 1497 371 1559 in
393 1495 556 1580 Capitolio
580 1501 726 1578 cenaret,
751 1500 941 1582 aspernatus
964 1501 1023 1563 est.
1037 1517 1063 1558 re

37 1580 134 1646 *adeo
157 1580 323 1645 felicitatis
351 1583 384 1644 et
412 1580 640 1646 moderationis
663 1581 829 1646 diuiduum
852 1583 1023 1647 contuber-

4 1675 6 1686 '
52 1667 143 1730 nium
167 1670 225 1730 est.

4 1797 6 1834 ἱ
116 1749 146 1814 4.
163 1749 361 1814 Insolentiae
375 1769 452 1814 uero
467 1750 553 1814 inter
566 1749 873 1834 Karthaginiensem
888 1754 921 1815 et
930 1751 1023 1816 Gam-

4 1885 5 1920 ἦ
52 1856 175 1919 panum
197 1837 346 1900 senatum
368 1834 460 1919 quasi
483 1835 656 1902 aemulatio
679 1834 757 1898 fuit:
786 1834 841 1899 ille
865 1836 950 1899 enim
973 1857 1022 1900 se·

4 1983 6 2006 ,
53 1923 165 2002 parato
188 1941 207 1984 a
233 1919 327 2003 plebe
356 1919 484 1985 balineo
507 1919 692 2000 leuabatur,
720 1919 774 1984 hic
801 1920 928 1984 diuerso
949 1921 1021 1986 foro
1035 1942 1061 1982 ae

52 2006 212 2071 utebatur.
247 2026 345 2154 &uem
360 2025 481 2068 morem
498 2004 625 2089 Capuae
642 2004 837 2088 aliquamdiu
858 2007 1022 2070 retentum

4 2137 6 2176 ς
54 2088 91 2155 O.
107 2110 234 2174 quoque
277 2090 385 2156 racchi
403 2089 548 2155 oratione
563 2091 597 2153 in
613 2088 775 2154 Plautium
790 2089 910 2174 scripta
920 2093 1019 2174 patet.

340 2291 397 2358 VI.
428 2291 489 2357 Du
511 2291 730 2358 PERFIDIA.

117 2428 287 2494 Occultum
309 2429 423 2493 iamet
444 2428 634 2493 insidiosum
656 2428 786 2509 malum,
809 2428 952 2511 perfidia,
976 2429 1021 2491 la·

4 2507 6 2518 '
52 2514 150 2578 tebris
183 2513 249 2578 suis
283 2513 478 2579 extrahatur.
535 2514 625 2578 cuius
658 2512 899 2578 efficacissimae
933 2515 1018 2578 uires
1032 2531 1057 2570 a

52 2602 127 2664 sunt
141 2599 273 2663 mentiri
288 2619 326 2662 ac
340 2597 470 2679 fallere,
486 2597 611 2662 fructus
627 2597 662 2660 in
676 2597 782 2681 aliquo
798 2596 937 2662 admisso
953 2617 1019 2661 soe·

52 2682 116 2748 lere
131 2683 289 2767 consistit,
312 2685 382 2747 tum
404 2685 524 2762 certus,
549 2702 623 2747 cum
642 2680 865 2746 credulitatem
886 2680 1019 2746 nefariis

4 2873 5 2936 ζ
119 2875 132 2921 1
151 2884 246 2923 xerses
257 2869 326 2922 Par.
340 2869 378 2936 112
396 2869 457 2921 tam
468 2865 540 2934 LA,
559 2868 656 2920 tamen
667 2865 831 2921 Perizonius
849 2865 961 2932 donst,
980 2882 1019 2921 aa

4 2937 5 2948 ¹
53 2933 170 3058 tapmen
192 2936 315 3056 pua>ml
334 2936 344 3004 11
361 2933 525 3004 insolenter]
545 2934 695 3014 adduam
720 2935 763 2988 eet
781 2934 847 2988 dett.
866 2934 920 2988 mei
937 2949 1019 3000 omre„

4 3049 5 3142 3
52 3002 387 3126 acro-...atus
401 3001 633 3138 „occasu
646 3001 1019 3149 arremari-,²271

4 3145 5 3152 ’
53 3155 100 3197 em.
123 3138 249 3209 &mdccc
270 3143 294 3192 ct
315 3137 490 3193 Perizonius.
513 3137 691 3192 Interiorum
711 3138 737 3192 t.
756 3137 854 3214 ldae
871 3137 930 3193 cod.
947 3136 1019 3203 folla

4 3215 5 3220 ’
52 3207 223 3262 coutinentia
239 3222 289 3262 aa.
307 3205 452 3259 Hannibal
467 3234 501 3244 —
513 3221 535 3260 e.
552 3209 599 3272 13,
617 3208 638 3260 2
655 3204 793 3260 occultari
814 3220 871 3258 non
894 3205 1019 3258 meretur

52 3274 78 3327 J.
102 3277 111 3343 ΙΙ
137 3281 166 3327 11
193 3274 222 3329 in
248 3274 355 3328 delead.
381 3288 452 3328 cens.
479 3273 504 3327 h.
532 3274 550 3327 l.
577 3278 603 3327 et
628 3270 731 3326 VIIII
753 3275 800 3338 15,
827 3277 844 3327 1
871 3272 1019 3327 Eberhard

4 3391 5 3396 ,
48 3346 160 3409 p.165;
177 3347 208 3397 ct
225 3359 252 3396 u.
270 3341 308 3396 N.
357 3381 362 3394 .
383 3356 413 3408 p.
426 3344 460 3394 14
472 3342 482 3409 ΙΙ
501 3347 531 3394 12
549 3341 603 3394 nisi
621 3355 672 3395 om.
689 3340 727 3392 Αἱ
751 3345 777 3394 et
798 3340 864 3394 dett.
885 3339 1019 3394 cormello·

4 3441 5 3470 ;
54 3409 117 3478 4115
139 3413 290 3478 aspenatus
347 3411 355 3444 ¹
381 3410 391 3476 l!
416 3413 448 3461 ⁶21
472 3423 551 3511 morp
574 3408 611 3460 Αἰ
638 3409 647 3476 ΙΙ
665 3407 837 3486 ¹aliquandiu
858 3407 929 3461 ΒΑ
950 3409 967 3529 p
985 3413 1018 3485 2⁵

51 3477 280 3599 ptttrahptlurA1
302 3478 312 3546 ΙΙ
334 3480 366 3530 26
384 3475 485 3530 fluctus
507 3477 535 3529 A
563 3477 573 3544 l
594 3475 733 3530 admissos
750 3475 787 3529 Αι
810 3477 820 3544 ΙΙ
847 3481 879 3532 27
898 3492 947 3530 eru
969 3475 1018 3530 eh-

66 3559 135 3600 aem
