2606 3952
16 3569 33 3584 .,
105 3550 238 3606 maara
258 3551 267 3620 ιι
288 3555 321 3604 ne

458 217 716 288 stainei-4.
1035 225 1077 290 63

105 375 182 437 ante
205 393 319 437 omnes
341 375 524 437 exterarum
546 373 692 459 gentium
715 372 751 437 in
765 379 878 440 senatu
895 377 965 441 sine
979 377 1077 442 inter·

103 460 198 557 prete
221 456 368 555 auditum
382 459 519 522 constat.
553 479 649 542 quem
664 459 819 523 bonorem
835 481 902 524 non
924 463 1076 527 inmerito

104 542 1076 715 atttrtttztffitttttlttztlltlttt?

105 713 175 776 siue
203 711 385 776 litterarum
419 712 688 797 gloriosissimum
720 718 974 798 contemptorem
1007 717 1102 782 siuas

105 795 420 862 abundantissimum
442 796 568 862 fontem
590 798 711 863 intueri
732 798 823 867 uelis.

169 882 201 947 4.
238 880 382 948 Maxima
403 884 510 947 autem
532 882 702 968 diligentia
729 885 866 949 maiores
893 883 979 950 hunc
1007 905 1076 951 mo·

104 987 175 1032 rem
195 966 410 1046 retinuerunt,
432 987 474 1031 ne
496 967 568 1051 quis
590 988 624 1032 se
641 969 728 1034 inter
742 970 904 1034 consulem
921 972 954 1033 et
967 971 1077 1053 proxi-

104 1073 194 1117 mum
216 1051 378 1134 lictorem,
406 1053 554 1136 quamuis
575 1053 676 1118 officii
698 1075 795 1119 causa
816 1075 882 1118 una
905 1055 1077 1139 progrede-

104 1140 210 1219 retur,
233 1137 466 1219 interponeret.
500 1136 568 1201 filio
583 1137 752 1203 dumtaxat
773 1140 807 1203 et
828 1139 858 1203 ei
879 1159 980 1222 puero
1000 1143 1075 1204 ante
1089 1165 1114 1204 ιο

105 1226 232 1306 patrem
254 1221 420 1286 consulem
442 1221 628 1294 ambulandi
686 1227 800 1288 serat.
835 1225 975 1308 quimus
998 1223 1077 1290 adeo

105 1307 318 1391 pertinaciter
331 1309 476 1370 retentus
491 1309 554 1392 est,
569 1311 607 1371 ut
622 1241 684 1382 Qm
674 1307 791 1372 Fabius
806 1306 968 1374 Maximus
984 1309 1076 1393 quin-

106 1393 198 1477 quies
220 1389 348 1470 consul,
371 1391 423 1456 uir
445 1393 478 1456 et
498 1392 562 1456 iam
577 1391 702 1476 pridem
718 1413 861 1458 summae
876 1394 1076 1460 auctoritatis

106 1480 139 1542 et
160 1481 240 1542 tunc
262 1475 396 1540 ultimae
418 1476 611 1560 senectutis,
635 1476 743 1542 afilia
767 1477 898 1542 consule
918 1478 1076 1544 inuitatus

105 1563 145 1626 ut
166 1563 253 1626 inter
274 1581 308 1625 se
331 1563 364 1624 et
385 1560 533 1626 lictorem
547 1561 749 1645 precederet,
770 1583 812 1626 ne
827 1563 969 1626 hostium
984 1562 1074 1628 Sam·
1089 1585 1114 1626 a

105 1647 224 1711 uitium
245 1647 356 1721 turba,
383 1647 423 1709 ad
445 1665 582 1728 quorum
603 1645 809 1730 conloquium
830 1646 1076 1732 descendebant,

105 1731 293 1809 elideretur,
318 1728 424 1794 facere
445 1730 479 1794 id
501 1730 651 1796 noluerit.
975 1744 977 1750 ’

16 1821 17 1834 ’
171 1815 260 1880 Idem
277 1836 297 1879 a
312 1818 426 1879 senatu
441 1815 568 1900 legatus
583 1815 623 1880 ad
637 1815 740 1880 tilium
751 1815 916 1881 consulem
927 1813 1077 1882 Suessam

16 1973 17 1982 χ
106 1901 287 1968 Pometiam
300 1901 427 1980 missus,
442 1903 615 1984 postquam
626 1900 855 1966 animaduertit
868 1921 942 1965 eum
956 1901 995 1966 ad
1006 1900 1078 1965 offi-

106 1987 193 2052 cium
203 2005 296 2050 suum
308 1987 399 2049 extra
410 1985 537 2050 moenia
549 1984 657 2069 oppidi
668 1985 872 2072 processisse,
889 1985 1076 2072 indignatus
1088 2007 1114 2048 so

106 2069 196 2156 quod
217 2091 256 2134 ex
274 2068 322 2134 XI
343 2069 513 2135 lictoribus
535 2090 631 2135 nemo
654 2091 688 2134 se
710 2092 792 2155 equo
807 2071 999 2136 descendere
1013 2071 1077 2136 ius-

16 2209 17 2218 ,
105 2157 217 2239 sisset,
244 2154 359 2239 plenus
387 2154 454 2218 irae
481 2156 591 2219 sedere
616 2156 846 2239 perseuerauit.
895 2157 981 2238 qaod
1006 2177 1077 2222 cum

104 2242 195 2326 filias
215 2240 374 2322 sensisset,
390 2241 541 2322 proximo
563 2239 667 2306 lictori
687 2245 724 2306 at
743 2241 806 2306 sibi
827 2246 997 2324 appareret
1016 2242 1076 2306 im·

100 2327 242 2410 pacati.
277 2323 368 2388 euius
390 2325 463 2390 uoci
485 2326 639 2390 continuo
662 2324 782 2390 Fabius
805 2325 977 2392 obsecutus
999 2330 1077 2390 ‘non

106 2417 181 2496 ego’
197 2409 316 2493 inquit,
334 2409 400 2487 ‘fili
417 2430 578 2474 summum
592 2409 765 2494 imperium
779 2412 1074 2494 tuum’contempsi,
1089 2429 1114 2471 π

105 2495 162 2561 sed
190 2493 328 2578 experiri
354 2493 445 2559 uolui
474 2516 516 2558 an
544 2495 641 2559 scires
674 2490 840 2560 consulein
873 2516 983 2581 agere:
1015 2516 1075 2560 nec

105 2583 117 2646 i
165 2600 223 2645 cro
246 2579 322 2663 quid
345 2579 469 2664 patriae
484 2579 689 2645 uenerationi
704 2578 868 2665 debeatur,
891 2601 1005 2645 uerum
1019 2602 1075 2666 pu·

106 2667 192 2731 bica
213 2663 363 2729 instituta
384 2664 513 2748 priuata
533 2664 654 2749 pietate
669 2665 801 2750 potiora
821 2665 952 2754 iadico’.

175 2875 190 2922 1
209 2867 385 2922 extensarum
402 2867 440 2920 L¹
453 2868 463 2936 ΙΙ
476 2867 499 2921 si
515 2883 551 2922 ne
571 2867 591 2937 (i
608 2867 641 2922 ia
657 2869 724 2935 ras.)
743 2868 771 2921 L
786 2868 797 2937 [t
814 2873 831 2920 4
848 2867 1000 2920 adiuuaret
1016 2866 1076 2921 LA

108 2938 120 3006 ΙΙ
133 2935 270 3019 ‘Arpinas‘
285 2933 469 3014 municipium
488 2936 652 3001 Tarracius,
675 2935 814 3005 Arpinum
837 2935 940 3015 munio.
964 2935 1076 3013 Perizo-

104 3003 943 3154 ziubbsabpllllbshbbliirlclnaubbiiniubrcgffipiirbthilqiaib
953 3001 1077 3135 vigilii

106 3143 120 3213 ΙΙ
140 3140 271 3220 fabianus
283 3138 310 3193 L
322 3139 332 3207 l
347 3145 378 3217 lp
396 3139 449 3208 urr]
467 3139 533 3194 add.
552 3140 573 3198 1.
589 3139 620 3194 P.
638 3156 683 3219 uir
699 3155 772 3194 cons.
790 3155 853 3194 mar
896 3138 924 3190 A
943 3137 1075 3258 eParLipl

105 3214 137 3265 et
152 3225 211 3264 ram
231 3206 311 3273 Μ’,
334 3207 420 3262 etiam
437 3208 474 3262 Α1
487 3208 503 3278 ΙΙΙ
521 3212 552 3262 15
572 3207 697 3288 bostrum
716 3207 789 3276 LA,
808 3206 847 3261 ad
868 3247 874 3259 .
892 3205 913 3259 I.
932 3205 962 3258 P.
980 3205 1031 3258 bos
1067 3220 1078 3257 1

104 3291 201 3347 marqo
210 3277 239 3330 A
251 3275 352 3341 cPcr.‚
365 3275 440 3354 qaod
450 3281 528 3338 recte,
540 3279 573 3332 ct
583 3275 655 3343 aad„
665 3274 790 3344 praefert
797 3274 886 3329 Halm
898 3275 908 3342 ΙΙ
922 3280 953 3329 16
963 3273 1078 3327 descen·

105 3343 584 3482 pprqtonl’ppimtpllgdpptepml'pboonp
598 3343 713 3474 cpllbrll,
731 3341 1077 3488 lgnuablepnpppspl’plrdlptl

107 3482 121 3553 ΙΙ
141 3487 174 3536 21
193 3481 270 3550 quad
287 3481 336 3548 A²‚
355 3497 445 3551 quoq:
465 3480 536 3535 LA¹
549 3481 564 3560 l.
575 3479 615 3534 XI
628 3483 756 3557 paactat.
774 3479 816 3546 A,
840 3478 990 3532 duodeam
1008 3477 1075 3557 dett.

104 3619 176 3678 Par.
195 3633 290 3688 marco
307 3550 543 3688 Albbdirlbllilta
554 3547 859 3686 &deibbltiiinmabpti
866 3546 1039 3682 belliplmt
1063 3560 1077 3598 e
