2606 3958
291 181 369 236 cae.
387 179 467 248 mu,
485 180 547 238 axe.
567 185 581 248 r
601 187 675 236 1-7.
711 181 805 249 xm1,
823 183 838 242 s
858 188 881 237 1.
1008 181 1071 245 409

98 337 157 401 des
181 335 332 412 Gnosius,
363 355 455 418 quem
486 333 714 417 Theopompus
743 334 823 398 dicit
850 338 972 418 septem
996 338 1070 400 eta

98 425 134 486 et
157 423 286 485 centum
309 439 412 483 annos
436 418 563 483 uixisse.
1083 461 1088 466 -

166 505 196 570 6.
224 503 413 568 Hellanicus
441 524 518 567 uero
548 503 594 566 ait
617 502 770 587 quosdam
794 523 832 566 ex
854 505 951 586 gente
974 503 1071 588 Epio-

98 612 184 673 rum‚
200 610 281 673 quae
303 609 378 671 pars
398 587 545 652 Aetoliae
566 592 623 668 est,
647 588 786 651 ducenos
808 586 934 670 explere
958 609 1069 671 annos,

99 674 195 758 eique
224 673 376 738 suscribit
403 672 591 756 Damastes,
625 671 686 736 hoc
718 672 854 755 amplius
886 672 1095 752 adfirmans,⁶

99 759 258 824 Litorium
280 756 439 841 quendam
460 778 498 822 ex
519 757 570 820 his
591 757 803 821 maximarum
829 756 946 821 uirium
970 762 1035 822 stat
1059 795 1070 806 ·

99 865 220 927 raeque
241 843 433 926 praecipuae
454 842 714 906 trecentesimum
737 863 859 907 annum
881 842 1068 910 cumulasse.

171 929 201 991 7.
225 926 407 990 Alexander
425 947 502 990 uero
525 926 559 989 in
575 946 612 989 eo
627 926 808 1007 uolumine,
832 927 918 1010 quod
939 929 978 991 de
992 927 1069 1011 Illy·

99 1014 170 1078 rico
192 1014 299 1076 tractu
321 1011 501 1095 conposuit,
525 1010 674 1075 adfirmat
695 1009 886 1076 Dandonem
910 1012 1069 1096 quendam

100 1099 143 1162 ad
166 1097 459 1181 quingentesimum
481 1116 583 1178 usque
598 1116 719 1159 annum
741 1096 831 1160 nulla
854 1118 892 1160 ex
914 1101 1107 1181 partem-1⁰

99 1185 287 1246 nescentem
315 1180 518 1264 processisse.
564 1178 618 1244 sed
647 1180 750 1243 multo
778 1181 942 1246 liberalius
963 1181 1070 1246 Xeno-

99 1267 206 1351 phon,
235 1266 324 1330 cuius
353 1265 540 1346 περίπλους
568 1263 701 1348 legitur:
729 1265 855 1329 insulae
883 1268 969 1331 enim
998 1268 1070 1333 Lat

100 1352 241 1416 mierum
262 1371 373 1434 regem
396 1349 590 1434 octingentis
618 1348 705 1412 uitae
728 1349 822 1413 annis
844 1348 987 1416 donauit.
1033 1374 1070 1417 ae

99 1458 142 1500 ne
177 1438 268 1518 pater
301 1434 369 1497 eius
395 1453 508 1515 parum
537 1433 678 1517 benigne
712 1436 862 1517 acceptus
895 1435 1068 1513 uideretur,

100 1521 131 1585 ei
154 1539 279 1602 quoque
301 1522 463 1586 sescentos
486 1516 674 1602 adsignauit
696 1538 807 1582 annos.
1084 1527 1108 1569 15

222 1685 330 1750 XIIII.
364 1684 424 1750 Da
448 1683 718 1751 CVPIDITATE
742 1683 947 1750 GLORIAE.

167 1803 279 1870 Gloria
293 1825 370 1869 uero
388 1808 444 1867 aut
459 1803 543 1867 unde
559 1805 683 1866 oriatur
706 1806 763 1867 aut
777 1803 866 1867 cuius
882 1804 924 1869 sit
938 1804 1069 1870 habitus

101 1893 157 1954 aut
180 1911 241 1974 qua
256 1890 382 1953 ratione
404 1889 519 1952 debeat
541 1888 710 1971 conparari
732 1892 765 1952 et
781 1909 821 1952 an
844 1889 957 1953 melius
974 1911 992 1954 a
1007 1891 1068 1954 uir·

100 1978 171 2039 tute
204 1973 294 2038 uelut
321 1995 387 2038 non
415 1973 595 2038 necessaria
628 1973 819 2057 neglegatur
850 1974 990 2040 uiderint
1022 1975 1067 2057 hi,

101 2080 237 2142 quorum
259 2059 294 2122 in
310 2058 566 2142 contemplandis
582 2057 649 2121 eius
670 2058 758 2121 modi
778 2058 873 2122 rebus
897 2081 974 2123 cura
995 2061 1068 2125 teri·
1082 2068 1108 2108 ²⁰

100 2149 155 2209 tur
183 2144 361 2226 quibusque
388 2164 470 2226 quae
498 2142 673 2226 prudenter
701 2142 997 2209 animaduerterunt
1025 2145 1069 2209 fa·

102 2227 205 2294 eunde
239 2227 375 2311 contigit
406 2227 522 2310 eloqui.
582 2247 643 2310 ego
685 2226 721 2290 in
753 2226 814 2292 hoc
848 2249 943 2312 opere
974 2230 1070 2295 factis

103 2316 249 2377 auctores
278 2315 310 2376 et
332 2311 513 2376 auctoribus
541 2310 627 2375 faeta
654 2332 712 2375 sua
733 2312 865 2377 reddere
887 2317 1069 2393 contentus,

102 2399 222 2481 quanta
246 2395 404 2480 cupiditas
432 2396 500 2459 eius
529 2417 597 2460 esse
625 2397 728 2460 soleat
754 2398 892 2481 propriis
915 2400 1069 2482 exemplis

104 2484 325 2545 demonstrare
347 2480 499 2544 conabor.
1082 2491 1108 2532 2⁵

168 2569 195 2633 1.
229 2563 379 2649 Superior
406 2565 579 2629 Africanus
607 2563 696 2628 Enni
723 2568 837 2648 poetae
866 2565 1006 2664 effigiem
1034 2569 1068 2630 in

102 2650 319 2716 monumentis
341 2649 508 2716 Corneliae
530 2651 637 2734 gentis
660 2649 822 2714 conlocari
844 2651 958 2733 uolurt,
982 2651 1066 2734 quod

172 2827 185 2873 1
205 2821 320 2898 gnosius
337 2822 394 2898 A²,¹
408 2818 520 2875 oncsius
538 2818 566 2871 L
578 2820 616 2887 112
635 2817 714 2872 annis
732 2818 860 2940 Parql’o
872 2819 1020 2873 tellanicus
1032 2819 1070 2885 L,

103 2886 769 3020 telallodialiterindulte
784 2885 1069 3032 afli-quite

103 3026 146 3103 tos
167 3022 248 3086 dett,
271 3020 336 3076 000
359 3023 430 3101 Par.
452 2970 500 3090 do
524 3020 685 3102 damasthes
710 3022 769 3074 LA
791 3022 801 3089 l
822 3027 840 3100 ⁶.
862 3022 1002 3100 helenum
1024 3021 1070 3076 uel

103 3092 258 3162 pretoreum
275 3089 354 3169 codd.
373 3090 452 3146 Pleu.
471 3089 490 3143 l.
509 3106 531 3145 c.
544 3090 553 3158 ΙΙ
570 3106 604 3142 us
622 3089 653 3142 E
668 3089 779 3168 Iralml
798 3095 814 3143 8
832 3089 943 3158 rllyrrcu
961 3090 1043 3143 L¹A¹
1060 3089 1070 3162 ll

103 3166 118 3215 9
137 3158 206 3214 dant
228 3157 302 3211 dona
319 3156 391 3222 LA,
420 3157 487 3235 odd.
509 3175 537 3211 u.
552 3157 693 3236 'dandonc
715 3171 810 3226 murco
832 3157 878 3222 A‚·
895 3162 928 3212 ut
949 3158 1019 3212 Par.
1044 3165 1070 3214 et

103 3227 179 3306 Pup.
197 3225 215 3279 l.
228 3240 249 3279 e.
267 3223 288 3295 §
299 3228 350 3279 155
367 3226 377 3293 ll
397 3231 426 3278 11
445 3224 593 3279 liberamus
611 3225 682 3305 LJA
699 3226 709 3294 ΙΙ
729 3230 759 3277 12
778 3227 975 3305 nupmaoc
994 3225 1067 3296 LA,

103 3293 226 3364 perrplue
248 3306 344 3360 marco
368 3293 394 3346 A
419 3307 432 3347 e
454 3292 523 3347 Por.
546 3294 555 3361 ΙΙ
577 3292 726 3346 lam1crum
748 3293 822 3349 Par.
847 3292 883 3356 cf.
902 3292 980 3351 Plau.
999 3293 1017 3348 l.
1035 3310 1069 3361 e,

104 3363 149 3418 ubi
170 3373 228 3416 uon
250 3361 344 3414 miuus
367 3361 401 3415 de
423 3360 563 3427 scriptwa
591 3361 664 3415 ambr·
681 3360 741 3414 itur
761 3362 770 3428 ΙΙ
794 3365 825 3414 19
848 3360 935 3413 uelud
958 3361 1027 3484 Αῑλι
1048 3361 1069 3415 ii

1041 3446 1069 3484 00

103 3429 131 3484 E
144 3430 231 3484 Halm
244 3429 254 3497 l
267 3435 298 3482 21
318 3427 394 3482 anim
413 3427 632 3482 aduertereutur
685 3427 797 3496 A¹1123
816 3432 944 3481 auctores
965 3435 1002 3492 (se

103 3514 123 3553 s.
142 3499 159 3552 l.
179 3497 257 3563 add.)
269 3496 311 3563 L,
332 3492 450 3550 auctori
464 3496 500 3548 A¹
515 3496 572 3563 1126
592 3495 668 3549 ennii
682 3494 765 3548 L²A²
781 3496 852 3550 Por.
865 3496 875 3563 ΙΙ
888 3501 920 3551 ‘27
939 3495 996 3550 BR.
1015 3497 1070 3552 col·

15 3597 17 3604 ,
104 3566 208 3620 locauit
224 3579 319 3633 margo
337 3565 364 3617 A
