2606 3952
503 96 581 152 cae.
597 97 618 164 1,
636 102 739 162 §s-s.
1063 101 1106 164 59

18 239 19 256 ¹
132 269 317 315 concessam
339 268 491 312 uenerem
513 269 583 313 esse
606 248 782 317 consueuit.
819 255 959 316 ceterum
981 254 1105 316 utnon

131 335 238 399 tristis
260 354 370 398 earum
397 335 430 397 et
452 332 583 398 horrida
603 333 773 417 pudicitia,
802 335 857 398 sed
883 337 936 420 [et]
968 336 1103 401 honesto

132 419 296 485 comitatis
324 438 442 504 genere
470 422 647 502 temperata
672 421 773 500 esset,
797 455 838 468 -
862 419 1104 507 indulgentibus

133 525 275 588 namque
297 503 421 568 maritis
443 505 476 567 et
498 524 576 568 auro
599 503 781 568 abundanti.
798 508 831 568 et
844 505 947 569 multa
961 527 1104 590 purpura

131 610 210 653 usae
237 591 312 652 sunt
328 625 367 636 —
390 608 454 671 quo
480 587 617 652 formam
645 609 736 653 suam
763 589 1005 654 concinniorem
1034 591 1129 654 effi-s

133 677 259 750 carent,
288 693 414 737 summa
441 692 515 736 oum
542 672 711 757 diligentia
736 672 870 757 capillos
898 674 1004 739 cinere
1026 675 1103 738 ruti-

132 759 257 824 larunt:
279 757 363 822 nulli
385 758 472 821 enim
494 761 573 822 tuno
593 758 815 824 subsessorum
837 758 1015 824 alienorum
1038 781 1103 824 ma·

131 844 362 910 trimoniorum
384 841 468 906 oculi
483 842 720 924 metuebantur,
742 844 797 908 sed
812 843 932 926 pariter
948 846 980 908 et
995 844 1103 908 uidere

133 931 247 993 sancte
269 932 302 992 et
323 927 423 1011 aspici
446 930 558 992 mutuo
579 926 703 1010 pudore
725 928 970 997 custodiebatur.

197 1012 228 1078 6.
258 1011 416 1087 Quotiens
439 1033 516 1076 uero
538 1013 624 1077 inter
645 1013 750 1076 uirum
774 1016 807 1077 et
827 1035 959 1078 uxorem
980 1012 1103 1097 aliquid
1116 1037 1141 1078 10

130 1097 219 1182 iurgi
238 1097 474 1175 intercesserat,
490 1097 525 1160 in
541 1097 692 1162 sacellum
708 1095 785 1162 deae
801 1097 995 1181 Viriplacae,
1017 1100 1102 1182 quod

18 1229 36 1258 ,h
132 1187 183 1247 est
204 1182 239 1246 in
254 1181 396 1263 Palatio,
418 1181 594 1246 ueniebant
616 1185 649 1247 et
670 1182 716 1246 ibi
738 1183 877 1248 inuicem
899 1183 997 1248 locuti
1021 1204 1102 1266 quae

18 1269 19 1272 ’
131 1267 305 1332 uoluerant
327 1265 534 1331 contentione
557 1267 737 1332 animorum
760 1269 907 1352 deposita
927 1269 1102 1334 concordes

131 1351 388 1416 reuertebantur.
410 1351 470 1415 dea
483 1372 602 1416 nomen
616 1351 677 1417 boc
691 1373 712 1416 a
725 1352 892 1436 placandis
906 1352 985 1417 uiris
1000 1353 1103 1418 fertur

132 1435 297 1515 adsecuta,
321 1435 504 1500 ueneranda
526 1435 655 1520 quidem
678 1439 712 1500 et
732 1439 841 1502 nescio
864 1459 907 1502 an
920 1438 1101 1521 praecipuis
1116 1461 1140 1501 15

132 1525 165 1586 et
199 1520 366 1606 exquisitis
405 1520 569 1586 sacrificiis
604 1521 739 1586 colenda
772 1525 886 1606 utpote
920 1521 1101 1587 cotidianae

132 1627 170 1672 ao
199 1606 390 1672 domesticae
419 1606 508 1689 pacis
535 1609 658 1684 custos,
691 1605 727 1670 in
753 1607 825 1689 pari
852 1605 929 1691 iugo
957 1607 1101 1671 caritatis

131 1692 204 1775 ipsa
231 1691 281 1756 sui
309 1689 525 1774 appellatione
554 1690 697 1756 uirorum
724 1691 887 1756 maiestati
913 1690 1056 1756 debitum
1082 1713 1102 1755 a

132 1776 264 1840 feminis
285 1775 421 1840 reddens
443 1776 612 1840 honorem.

196 1863 225 1926 l.
258 1859 364 1924 Huius
385 1857 472 1926 modi
494 1860 579 1924 inter
602 1861 757 1944 coniuges
779 1860 988 1926 uerecundia:
1011 1860 1100 1944 quid,
1113 1882 1139 1923 ao

130 1947 218 2010 inter
240 1949 362 2010 ceteras
389 1945 641 2010 necessitudines
668 1965 778 2010 nonne
805 1948 940 2030 apparet
967 1965 1100 2010 consen-

130 2029 253 2096 tanea?
289 2051 366 2094 nam
388 2033 425 2094 ut
446 2029 581 2095 minimo
604 2028 721 2095 indicio
744 2032 916 2096 maximam
942 2032 1009 2097 uim
1033 2031 1102 2095 eius

18 2145 19 2156 ¹
131 2115 326 2202 significem,
360 2114 546 2196 aliquandiu
573 2135 634 2179 neo
665 2119 760 2198 pater
787 2136 858 2180 cunr
886 2115 953 2179 filio
980 2115 1101 2198 pubere

132 2221 193 2265 neo
216 2220 307 2264 socer
329 2221 401 2264 cum
423 2220 543 2284 genero
558 2199 738 2266 leuabatur.
772 2200 980 2264 manifestum
1001 2200 1102 2285 igitur

130 2289 181 2351 est
201 2288 328 2349 tantum
350 2284 517 2370 religionis
536 2285 688 2368 sanguini
710 2288 743 2349 et
764 2285 923 2350 adfinitati
945 2289 1101 2369 quantum
1113 2304 1139 2346 aa

130 2369 210 2455 ipsis
233 2369 282 2434 dis
309 2369 532 2434 inmortalibus
552 2371 725 2453 tributum,
747 2370 822 2454 quia
844 2371 930 2434 inter
951 2371 1014 2434 ista
1033 2373 1100 2434 tam

129 2458 243 2520 sancta
268 2454 399 2519 uincula
425 2474 491 2518 non
519 2454 623 2540 magis
650 2476 745 2539 quam
773 2455 809 2518 in
836 2454 946 2539 aliquo
975 2458 1101 2520 sacrato

130 2540 203 2605 loco
225 2538 346 2603 nudare
369 2560 402 2602 se
427 2537 548 2622 [ne]fas
572 2561 640 2604 esse
663 2539 859 2605 credebatur.

138 2637 139 2642 ’
196 2624 226 2692 8.
264 2622 459 2712 Cpnuiuium
487 2623 584 2688 etiam
607 2624 762 2688 sollemne
788 2625 925 2689 maiores
952 2625 1100 2688 institue·

200 2762 264 2864 2·et
281 2797 463 2872 amissam.
477 2793 541 2862 Dr
556 2808 656 2863 elcdd.
670 2814 736 2867 cett.
751 2810 867 2878 lanam
889 2825 924 2863 ue
942 2824 992 2864 om.
1006 2813 1032 2864 at
1045 2813 1100 2864 aad
1165 2815 1174 2824 ⁸

130 2880 202 2937 sunt.
222 2877 283 2942 Quo
296 2877 358 2932 edd.
372 2881 437 2932 cett.
451 2877 460 2944 11
474 2884 489 2930 ὁ
502 2883 557 2944 quc
570 2875 638 2943 AL,
652 2879 682 2932 et
693 2894 749 2946 quo
761 2893 856 2947 moryo
905 2879 945 2999 qr
959 2879 1099 2932 subsesso-

131 2962 176 3000 res
199 2949 226 3000 P
246 2950 271 3000 et
292 2961 359 3003 rece.
378 2945 477 3012 pocot,
503 2944 581 2999 baud
606 2945 678 2999 male
702 2947 712 3015 ΙΙ
736 2952 752 3001 9
779 2945 904 3000 custodie
925 2948 1009 3000 antur
1035 2946 1100 3004 dett.

19 3045 20 3048 ¹
130 3014 214 3069 multi
230 3015 240 3082 ΙΙ
258 3020 289 3067 10
308 3013 423 3078 Quoties
442 3011 520 3077 LA1,
539 3017 572 3066 ut
588 3027 638 3067 oca
655 3013 726 3068 Par.
750 3014 760 3081 ΙΙ
783 3020 814 3068 16
833 3015 863 3068 et
880 3012 988 3082 exquir.
1005 3027 1101 3083 margo

131 3082 171 3149 L,
189 3095 290 3149 *eexq
304 3081 343 3149 L,
369 3080 418 3135 sed
432 3097 497 3149 exq.
512 3082 568 3201 App
587 3086 618 3134 1⁷
634 3081 664 3134 in
676 3082 793 3149 pariA‚
810 3083 840 3134 in
859 3097 914 3150 quo
933 3081 995 3150 pari
1012 3082 1049 3134 L¹
1074 3085 1100 3136 et

131 3149 197 3204 dett.
221 3150 335 3227 pleriq,
362 3149 392 3202 in
413 3165 470 3220 qua
491 3165 518 3216 p.
569 3151 587 3211 ²,
617 3149 704 3218 inque
725 3167 753 3218 p.
770 3149 806 3202 B.
824 3149 891 3203 Keil
911 3154 937 3203 ct
960 3147 1060 3203 Nooolc
1083 3150 1098 3219 Η

133 3224 164 3272 18
186 3233 219 3272 ac
236 3218 348 3271 l'emrnis
366 3217 437 3284 LA,
460 3233 509 3271 em.
523 3217 549 3270 I.
567 3214 681 3272 Vossius
705 3217 715 3285 11
741 3223 774 3272 20
791 3215 960 3271 uerecundia
977 3217 1014 3270 L¹
1036 3219 1046 3285 ΙΙ
1067 3223 1100 3272 23

130 3285 306 3356 aliquamdiu
317 3286 387 3344 Por.
402 3285 490 3340 Halm
502 3287 512 3353 ll
525 3291 558 3337 24
570 3300 675 3354 genero
690 3289 717 3350 (ο
735 3286 769 3338 ia
784 3287 851 3352 ros.)
870 3283 911 3350 L,
928 3301 1031 3354 genero
1044 3287 1072 3339 A
1085 3285 1098 3355 ll

130 3360 163 3408 2⁷
180 3353 283 3422 magis]
301 3353 368 3408 odd.
387 3354 478 3408 minus
493 3367 590 3421 morpo
611 3353 637 3406 L
658 3354 668 3422 ΙΙ
691 3358 724 3406 28
741 3353 784 3407 fas
804 3352 910 3419 Aldus,
938 3352 973 3419 cs.
999 3353 1101 3409 Gelblce

129 3437 157 3489 p.
170 3426 215 3488 28,
234 3421 357 3491 Modciy
373 3422 480 3487 11317,
503 3421 583 3474 nefas
596 3422 655 3474 LA
671 3420 766 3487 Halm,
785 3421 858 3490 quod
876 3421 986 3488 defend.
1008 3422 1099 3490 Gesta,

18 3503 35 3521 ¹·
130 3488 210 3545 Sicci.
230 3490 292 3545 crit.
308 3490 340 3542 iu
356 3489 448 3546 Seuer.
464 3505 494 3556 p.
511 3491 562 3554 62,
579 3493 615 3544 63
