2606 3958
1057 45 1118 63 *κ

364 205 440 262 οΑΡ,
461 205 525 274 vu,
545 210 598 270 sc.
618 212 643 259 u.
673 206 735 260 axa.
755 212 770 273 ς
790 214 811 260 1.
832 212 856 265 a,
1025 208 1087 273 387

115 363 153 422 ut
189 359 230 421 ad
263 358 410 421 fremitus
445 359 677 422 concitatarum
709 359 896 423 contionum
930 361 1087 442 patientia

113 444 238 506 duratis
272 442 402 507 auribus
440 446 593 506 uteretur.
655 443 758 507 fertur
791 465 919 527 quoque
953 447 1000 508 ori
1038 446 1087 510 in-

112 528 207 592 sertis
241 527 386 604 calculis¹
407 528 543 591 multum
577 549 614 590 ac
648 527 701 591 diu
735 528 825 611 loqui
859 528 988 612 solitus,
1023 551 1086 612 quo

112 634 252 676 uacuum
274 612 453 695 promptius
482 615 567 676 essct
588 614 621 676 st
649 611 794 677 solutius.
840 613 1014 696 proeliatus
1038 617 1088 678 est

115 719 318 761 cumrerum
345 702 462 760 natura
490 700 523 760 et
551 696 680 779 quidem
708 699 815 762 uictor
837 698 916 761 abiit
937 698 1113 784 maligni-s

112 786 214 847 tatem
237 782 304 846 eius
332 782 590 864 pertinacissimo
621 783 720 846 animi
749 783 867 847 robore
898 785 1086 866 superando

112 868 223 950 itaque
239 868 376 930 alterum
393 865 633 930 Demosthenen
648 871 760 946 mater,
777 868 914 932 alterum
929 867 1087 932 industria

112 953 208 1016 enixa
230 955 288 1016 est.

178 1035 208 1100 2.
248 1037 355 1119 Atque
388 1039 426 1100 ut
458 1036 498 1100 ad
527 1036 735 1100 uetustiorem
768 1037 945 1101 industriae
978 1040 1086 1101 actum

113 1121 350 1204 transgrediar,
378 1120 596 1204 Pythagoras,
630 1121 900 1204 perfectissimum
928 1143 1008 1205 opus
1037 1143 1085 1185 sa·
1099 1141 1125 1180 ιο

112 1205 258 1290 pientiae
278 1228 301 1269 a
321 1207 455 1270 iuuenta
476 1206 597 1289 pariter
624 1209 657 1270 et
683 1207 787 1271 omnis
815 1206 993 1271 honestatis
1015 1227 1086 1289 par·

114 1291 850 1440 cariatarbeirtssutccrtesard
873 1292 1085 1440 itimaqt‘td

112 1463 185 1524 ture
214 1463 247 1523 et
275 1397 580 1542 alacriterpinoipit,
604 1495 642 1506 —
672 1425 856 1544 Aegyptum
886 1461 996 1544 potiit,
1029 1460 1085 1523 ubi

110 1545 228 1609 litteris
244 1545 350 1628 gentis
373 1544 439 1608 cius
461 1543 679 1626 adsuefactus,
703 1545 870 1627 praeteriti
893 1545 963 1608 aeui
980 1562 1123 1608 sacer-1⁵

112 1631 223 1693 dotum
239 1629 484 1692 commentarios
499 1631 659 1692 scrutatus
674 1629 960 1693 innumerabilium
975 1649 1084 1694 saccu-

62 1736 63 1739 ’
111 1716 218 1779 lorum
242 1713 485 1778 obseruationes
508 1714 671 1798 cognouit.
715 1713 790 1776 inde
813 1713 853 1776 ad
874 1713 989 1778 Persas
1011 1735 1085 1796 pro·

112 1800 218 1863 factus
241 1820 414 1882 magorum
429 1798 651 1862 exactissimae
674 1797 866 1883 prudentiae
889 1820 923 1862 se
945 1798 1086 1862 forman·

113 1883 190 1947 dum
224 1883 374 1967 tradidit,
408 1905 427 1947 a
455 1884 571 1966 quibus
604 1883 744 1948 siderum
778 1887 883 1948 motus
911 1904 1084 1966 cursusque

103 1969 278 2032 stellarum
316 1971 348 2032 ct
385 1968 480 2032 unius
524 1969 677 2052 cuiusque
715 1967 798 2050 uim,
840 1969 1082 2052 proprietatem,
1094 1987 1119 2027 ao

112 2053 261 2117 effoetum
290 2054 520 2138 benignissime
553 2053 811 2117 demonstratum
844 2053 942 2118 docili
977 2053 1084 2118 animo

111 2140 238 2221 sorpsit.
284 2137 414 2203 Cretam
437 2138 552 2202 deinde
581 2141 614 2202 et
636 2137 881 2203 Lacedaemona
902 2138 1083 2222 nauigauit,

112 2244 246 2307 quarum
269 2223 394 2308 legibus
417 2243 453 2288 ac
475 2223 618 2286 moribus
640 2224 795 2307 inspectis
817 2224 857 2286 ad
880 2223 1085 2307 Olympicum

106 2312 277 2372 certamen
309 2307 490 2389 descendit,
531 2329 668 2391 cumque*
705 2307 894 2391 multiplicis
932 2308 1084 2372 scientiae

179 2441 336 2519 2'auribus
362 2441 395 2494 ia
421 2457 474 2495 ros.
491 2440 538 2509 Δ,
567 2442 724 2496 actionibus
746 2443 778 2521 ,1,
787 2441 887 2508 ΟΕΓ,
913 2441 1028 2496 auribus
1053 2442 1084 2494 in

111 2510 269 2563 actionrbus
288 2509 368 2562 DE²
387 2514 412 2563 et
432 2525 494 2562 mar
512 2524 528 2562 o
546 2510 573 2562 A
590 2511 600 2577 ΙΙ
622 2511 664 2562 ori
681 2509 850 2564 Perizonius
868 2509 927 2565 coll.
951 2509 1054 2562 VIIII
1068 2515 1083 2561 1

111 2579 175 2630 iad.
194 2583 220 2631 et
236 2582 262 2642 7,
281 2581 308 2655 2:
336 2577 371 2642 cf.
391 2577 475 2655 ctiam
539 2582 569 2641 9,
585 2580 617 2642 2,
641 2577 901 2698 ore-LA'Pcril
927 2575 1083 2630 3cauculis

111 2644 1084 2782 1¹¹rausa„suarnaarirrauacuru

112 2730 229 2835 iqiiua,
246 2811 279 2819 -
296 2781 452 2859 mansurae
470 2794 521 2835 om.
538 2781 588 2845 Αἱ,
605 2781 715 2857 sappus
732 2797 767 2837 m.
781 2783 801 2834 a
817 2794 912 2849 masao
923 2779 951 2833 A
963 2780 973 2846 n
991 2751 1023 2831 '10
1040 2778 1083 2846 pr-

111 2849 245 2919 thagoras
257 2850 284 2902 L
297 2850 306 2916 ΙΙ
321 2855 350 2901 11
366 2847 513 2902 aruuenta
525 2847 593 2910 LA,
614 2849 760 2901 ruuentam
777 2847 897 2918 Wensty
908 2850 979 2901 1883
986 2861 1017 2912 p.
1030 2848 1084 2899 640

115 2920 124 2982 u
138 2918 167 2969 et
185 2916 290 2973 dolend.
316 2932 387 2970 cras.
406 2915 539 2992 Foartaob
556 2916 615 2968 III
628 2917 665 2969 25
685 2916 695 2982 ΙΙ
719 2921 750 2968 12
769 2916 954 2984 cupiditatem
973 2914 1038 2970 cert,
1058 2917 1083 2992 ct

116 2984 234 3053 Wauskp
247 2985 257 3050 ss
269 2985 409 3052 ingressus
422 2983 494 3048 LA,
513 2998 643 3036 mceusus
656 2983 756 3048 Halm,
775 2984 825 3051 qui
842 3000 904 3040 cum
922 2981 1082 3036 Foertscbco

112 3057 137 3106 et
158 3051 286 3105 Weastr'o
304 3052 396 3118 ipsum
413 3051 602 3120 Pythoporom
619 3051 853 3118 perfectissimum
876 3065 946 3118 opus
968 3049 1081 3116 sapien-

110 3121 167 3174 tiae
193 3119 333 3186 appellari
355 3133 437 3186 posse
456 3125 547 3187 putot.
580 3118 744 3173 seutentiam
765 3124 836 3174 recte
853 3118 979 3186 exposcit
999 3117 1082 3171 Gertz

110 3205 137 3257 p.
154 3191 220 3242 291.-
242 3187 433 3256 Pytbcporam
451 3193 477 3242 et
495 3206 513 3242 a
526 3188 622 3256 prima
638 3188 786 3240 iuuentute
804 3193 828 3240 et
845 3202 953 3240 summo
970 3184 1081 3264 cupidi-

111 3261 167 3336 ΨΘ
183 3256 305 3310 ‘mmmm
323 3255 568 3377 parapepplpp
588 3255 1081 3392 crrrrccrraamrcrrr

111 3338 337 3447 birbbissgddtdsii
345 3338 535 3456 b.?⁰ce'leriter
548 3365 607 3444 L’A
623 3362 711 3444 lioba
724 3391 733 3458 ΙΙ
749 3395 779 3470 Ιρ
799 3389 903 3442 litteris
922 3389 957 3452 (is
969 3390 1001 3442 ἐκ
1012 3390 1082 3469 rac.)

24 3467 26 3472 '
112 3462 150 3527 A,
168 3461 263 3532 littere
282 3461 308 3513 L
326 3461 335 3528 ΙΙ
354 3465 385 3512 16
403 3460 542 3538 scrutatos
560 3459 625 3526 ΠΙ]
647 3464 679 3535 ²².
698 3458 782 3534 sorsrt
799 3458 838 3509 Α1
856 3458 866 3524 ΙΙ
886 3456 1082 3538 lacedpmoma

111 3531 138 3582 A
155 3530 240 3596 Par,
263 3529 458 3582 lacedemoma
476 3528 503 3580 L
520 3529 530 3595 ΙΙ
547 3533 581 3580 24
598 3525 749 3592 multrphcr
772 3525 840 3577 Μ’
855 3526 865 3593 ΙΙ
882 3527 1000 3579 scrantra
1022 3541 1081 3578 ma-

16 3625 22 3636 ·
112 3598 189 3650 xima
207 3599 246 3650 A²

873 3678 929 3733 25*
