2550 3958
243 216 246 224 ,
356 163 423 223 LIB.
443 164 478 220 Η.
499 163 577 221 GAP.
597 171 621 231 e,
635 169 727 219 6-1e.
971 167 1034 231 493

132 323 224 398 Apud
246 322 366 382 eosdem
380 321 580 380 Athenienses
602 322 756 383 conuictus
772 342 788 381 a
803 326 931 399 patrono
946 323 1035 383 liber·
1054 333 1070 381 6

70 411 120 467 tus
141 408 278 483 ingratus
300 403 364 464 iure
387 406 534 466 libertatis
557 407 685 466 exuitur.

133 491 335 552 Massilienses
358 493 420 550 tres
439 491 470 549 in
486 491 591 549 eodem
607 492 851 550 manumissiones
866 490 1034 551 rescindere
1053 502 1068 550 7

69 577 263 653 permittunt,
293 575 318 635 si
348 578 395 635 ter
416 575 453 634 ab
476 593 509 634 eo
533 576 690 651 deceptum
713 576 866 635 dominum
890 594 1034 652 cognoue-

43 663 170 720 eruut.
194 664 301 736 quarto
331 660 423 719 errori
452 658 690 719 subueniendum
712 679 773 719 non
793 663 909 736 putent.
933 692 975 702 -
997 659 1035 718 Ii·

71 747 138 804 dem
160 745 275 804 nullum
298 745 414 804 aditum
436 745 468 803 in
490 762 624 804 scaenam
648 745 746 804 mimis
770 745 858 822 dant,
889 743 969 820 quod
990 763 1036 803 ar-

69 833 213 907 gumenta
246 848 349 888 eorum
381 829 492 887 maiore
520 848 554 888 ex
583 832 669 904 parte
697 833 852 905 stuprosos
881 829 1037 888 continent

71 917 163 974 actus.
180 946 222 956 -
237 913 327 990 Apud
346 913 546 973 Massilienses
569 933 586 972 a
608 914 729 974 condita
750 914 823 973 urbe
845 913 962 990 gladius
978 917 1034 988 est,

71 1017 129 1073 quo
151 999 234 1058 noxii
255 999 439 1076 iugulantur,
461 997 599 1074 robigine
620 998 680 1057 iam
695 1017 810 1077 exesus,
833 1000 885 1058 sed
900 998 989 1057 index
1003 999 1036 1057 in

33 1097 57 1136 1o
72 1083 202 1142 minimis
235 1101 356 1158 quoque
389 1083 479 1142 rebus
513 1083 612 1141 omnia
642 1083 783 1158 antiquae
812 1082 1036 1143 consuetudinis

70 1170 264 1228 monumenta
296 1167 490 1226 seruantium.
525 1199 566 1209 -
599 1165 689 1243 Apud
717 1166 836 1226 eosdem
865 1168 939 1226 duae
968 1170 1036 1226 ante

70 1255 174 1327 portas
203 1270 288 1311 arcae
315 1252 428 1322 iacent,
458 1269 518 1308 una
547 1270 606 1326 qua
628 1270 784 1311 seruorum
806 1251 843 1311 ad
866 1252 1036 1328 sepulturae

70 1337 170 1394 locum
186 1354 311 1411 corpora
325 1335 458 1411 plaustro
474 1335 671 1409 deuehuntur,
693 1336 786 1394 altera
801 1355 859 1411 qua
872 1336 1035 1394 liberorum

72 1420 135 1479 sine
157 1421 291 1495 planctu,
314 1419 448 1478 adhibito
470 1420 705 1479 necessariorum
727 1421 875 1479 conuiuio.
891 1451 929 1462 -
946 1419 1037 1494 Apud

24 1503 191 1563 ¹rseosdem
219 1522 235 1562 e
262 1505 356 1562 cicuta
383 1505 582 1578 temperatum
609 1503 728 1579 publice
756 1503 924 1564 custoditur
949 1522 1037 1562 uene·

72 1607 161 1664 num,
192 1587 271 1663 quod
295 1587 383 1646 datur
405 1589 446 1666 ei,
478 1589 530 1663 qui
552 1605 654 1647 causas
677 1588 818 1648 sescentis
843 1620 880 1630 -
904 1587 935 1646 id
957 1587 1037 1646 euim

72 1675 193 1731 senatus
214 1690 326 1731 nomen
348 1675 447 1732 est-
471 1672 620 1746 exhibuit,
643 1674 768 1748 propter
789 1691 862 1748 quas
884 1690 966 1731 mors
990 1671 1037 1730 illi

73 1757 113 1816 sit
135 1756 312 1832 expetenda.

136 1841 309 1901 Eorundem
336 1841 450 1901 intrare
478 1840 622 1917 oppidum
644 1859 711 1900 cum
733 1842 793 1901 telo
815 1841 892 1900 nulli
913 1841 1035 1917 permit·
1054 1847 1070 1896 9

24 1941 57 1981 ao
72 1927 162 2001 titur,
190 1929 370 2002 praestoque
397 1927 517 2002 estqui
539 1925 569 1984 id
592 1926 743 1986 custodiae
765 1926 861 2003 gratia
883 1930 1036 2001 acceptum

72 2011 188 2071 exituro
211 2010 327 2069 reddat.

137 2093 282 2154 Celtiberi
303 2095 387 2154 nefas
410 2113 473 2154 esse
489 2095 638 2155 ducebant
652 2094 767 2171 proelio
783 2113 945 2171 superesse,
969 2113 1035 2154 oum
1055 2101 1086 2150 11

70 2182 97 2240 is
121 2179 292 2253 occidisset,
316 2197 372 2254 pro
396 2180 479 2239 cuius
502 2180 598 2239 salute
621 2180 803 2240 deuouerant
826 2180 975 2256 spiritum.

138 2263 278 2323 Thraciae
300 2265 384 2322 natio
406 2265 521 2323 natales
542 2265 696 2324 hominum
710 2265 859 2338 flebiliter,
883 2265 1036 2340 exsequias
1057 2271 1088 2320 12

24 2363 56 2404 aa
71 2367 144 2409 uero
168 2366 234 2407 cum
256 2348 408 2408 hilaritate
431 2348 571 2407 celebrat.

136 2432 236 2509 Lycii,
261 2451 328 2492 cum
350 2433 392 2492 eis
413 2432 522 2492 incidit
535 2433 648 2508 luctus,
672 2433 848 2492 muliebrem
864 2436 977 2492 uestem
991 2432 1036 2491 in·
1057 2439 1087 2489 13

71 2520 183 2592 duunt,
206 2519 241 2575 ut
263 2517 450 2577 deformitate
472 2517 568 2576 cultus
592 2517 733 2576 commoti
755 2517 901 2577 maturius
924 2534 1036 2575 maero-

24 2611 25 2666 Ξ
71 2621 136 2662 rem
159 2601 316 2677 proiciant.

136 2685 282 2745 Indorum
311 2686 439 2744 feminae
473 2688 591 2745 mortuo
620 2686 744 2762 marito,
779 2703 846 2744 cum
874 2685 926 2744 uui
956 2702 1037 2743 more
1056 2689 1089 2738 14

24 2771 172 2848 cupatrio
195 2769 296 2845 plures
318 2771 429 2845 nuptae
458 2769 533 2842 sint,
562 2769 594 2827 in
616 2769 758 2830 iudicium
781 2770 920 2842 ueniunt,
950 2788 1039 2844 quam

72 2875 109 2914 ex
138 2855 180 2913 eis
209 2855 336 2913 maxime
365 2853 509 2912 dilexerit.
556 2853 662 2914 uictrix
690 2853 825 2931 gaudens
848 2854 983 2930 coniugis
1007 2871 1038 2914 se

24 2951 25 2990 l
71 2938 201 2997 fiammis
223 2939 395 3012 superiacit.

138 3021 174 3080 In
189 3020 292 3081 Africa
306 3021 404 3082 Cirtae
426 3021 529 3081 fanum
552 3022 745 3097 estVeneris,
767 3024 798 3082 iu
822 3023 900 3099 quod
925 3042 955 3082 se
978 3041 1039 3080 ma·
1058 3030 1090 3080 15

77 3112 184 3167 tronae
206 3105 398 3166 conferebant
420 3110 509 3182 atque
532 3107 601 3167 inde
616 3109 811 3183 procedentes
827 3110 1038 3184 adquaestum

38 3209 65 3253 as
79 3192 181 3252 dotem
202 3191 313 3250 iniuria
334 3192 466 3268 corporis
489 3193 711 3254 contrahebant.

137 3276 246 3337 Persae
269 3276 378 3337 liberos
401 3295 471 3337 suos
493 3295 553 3337 non
576 3278 659 3354 prius
682 3277 867 3352 aspiciebant
890 3295 979 3353 quam
995 3295 1038 3338 se·
1058 3285 1089 3335 16

24 3533 25 3536 ¹
141 3479 157 3527 2
176 3474 304 3528 exsuitur
322 3491 355 3530 m.
369 3476 436 3544 1116
454 3489 567 3546 scenam
579 3492 614 3530 m.
628 3479 653 3542 1,
671 3475 804 3547 schemam
822 3492 858 3529 m.
871 3477 958 3545 21124
976 3495 1039 3534 exe·

74 3541 155 3610 quias
172 3558 207 3600 m.
219 3546 239 3598 2
251 3544 260 3612 ΙΙ
274 3549 306 3599 30
324 3543 432 3598 nubtae
450 3560 484 3598 m.
497 3548 514 3596 1
527 3543 537 3611 ΙΙ
549 3549 583 3598 34
600 3543 637 3598 ad
654 3558 714 3611 ωτι,
731 3543 821 3614 suppl.
839 3545 904 3600 Mai
