2550 3958
84 163 168 222 CAP.
179 163 242 233 VII,
256 162 315 220 Mil.
327 162 406 216 Rom.
422 167 470 227 52.
481 168 505 217 8.
518 161 619 228 Vnus
631 168 704 218 1—3.
717 162 780 221 uxr.
793 167 807 228 ξ
819 170 841 222 1.
851 169 876 217 2.
888 162 977 218 VIIII.
994 163 1058 228 449

83 317 178 381 iusso
209 313 343 400 nauigio
375 314 512 378 multum
546 334 584 378 ac
621 314 676 379 diu
712 315 883 380 contrariis
917 316 1057 382 iactatus

9 431 12 436 Δ
83 401 241 466 fiuctibus
263 398 392 464 tandem
414 398 601 463 necessitati
624 399 729 464 cessit.

154 485 185 553 3.
210 488 291 568 Age,
313 482 370 548 illa
392 505 489 567 quam
505 482 693 549 execrabilis
714 483 853 549 militum
875 485 1055 551 temeritas!

84 569 168 635 fecit
190 569 276 634 enim
291 571 328 633 ut
349 569 390 632 A.
407 567 557 651 Albinus,
579 567 764 651 nobilitate,
779 568 934 653 moribus,
958 568 1057 635 hono-

84 676 161 719 rum
184 653 329 718 omnium
352 653 632 719 consummatione
654 653 734 719 ciuis
756 653 902 732 eximius,
926 657 1083 737 proptero

84 739 189 804 falsas
212 741 245 804 et
272 739 385 804 inanes
413 737 614 822 suspiciones
641 737 677 802 in
706 740 819 804 castris
846 738 887 802 ab
916 738 1058 804 exercitu

83 823 250 908 lapidibus
272 823 477 906 obrueretur,
500 822 649 907 qnodque
670 823 886 888 accessionem
909 823 1058 908 indigna·

85 909 189 973 tionis
216 928 285 973 non
312 907 441 992 recipit,
476 907 583 972 oranti
610 910 708 991 atque
734 908 916 974 obsecranti
943 908 1059 974 (lucia

86 992 248 1058 militibus
270 1012 384 1057 causae
407 991 560 1057 dicendae
582 995 723 1077 potestas
743 997 864 1078 negata
885 996 943 1058 est.

155 1076 232 1143 Eat.
250 1077 280 1141 1.
313 1076 364 1144 Ita
387 1098 427 1142 ue
450 1077 557 1141 minus
579 1077 680 1141 miror
694 1077 780 1161 apud
795 1083 920 1143 trucem
942 1080 976 1143 et
989 1098 1057 1143 sae·
1071 1101 1097 1141 ro

88 1183 169 1228 uum
191 1162 337 1226 animum
393 1161 555 1227 annibalis
576 1160 773 1227 defensionis
794 1163 903 1228 locum
925 1163 1058 1228 innoxio

88 1246 301 1332 gubernatori
323 1267 390 1312 non
412 1245 529 1328 fuisse,
553 1267 647 1330 quem
670 1269 690 1311 a
710 1246 827 1312 Petilia
849 1247 950 1313 classe
971 1246 1059 1313 Afri-

7 1447 8 1454 *
87 1331 440 1499 tttbpsittitt
454 1330 814 1481 tristabitur
827 1334 1060 1499 {litabit

88 1498 280 1565 insidiosum
302 1519 412 1564 cursus
427 1503 587 1566 rectorem
601 1500 777 1580 interemit,
798 1503 974 1584 posteaque
989 1499 1058 1565 dili-
1072 1523 1110 1574 ru⁸

88 1583 221 1669 gentius
242 1583 390 1666 inspecta
411 1584 547 1649 ueritate
569 1588 648 1649 tunc
663 1583 814 1668 absoluit,
840 1605 912 1649 cum
928 1585 995 1650 eius
1011 1586 1058 1650 in·

7 1675 8 1710 ³
89 1668 262 1734 nocentiae
284 1667 369 1732 nihil
395 1667 482 1733 ultra
510 1669 651 1752 sepulcri
672 1667 828 1734 honorem
850 1669 919 1734 dari
939 1670 1058 1753 potuit.

89 1754 193 1839 igitur
226 1753 356 1838 angusti
384 1756 480 1837 atque
509 1754 648 1818 aestuosi
675 1753 775 1818 maris
802 1753 869 1818 alto
892 1775 909 1818 e
936 1755 1059 1819 tumulo

91 1838 287 1924 speculatrix
309 1841 417 1903 statua
439 1859 535 1922 qnam
557 1838 731 1904 memoriae
752 1837 860 1903 Pelori
881 1841 949 1903 tam
965 1837 1059 1904 Puni·

7 1959 8 1968 κ
91 1943 146 1988 cae
179 1921 370 1989 temeritatis
403 1923 487 1988 ultra
523 1922 667 2009 citraque
698 1923 924 2009 nauigantium
958 1924 1058 1990 oculis
1072 1947 1098 1987 so

7 2013 8 2054 ³
92 2007 297 2074 conlocatum
317 2007 472 2073 indicium
495 2012 554 2073 est.

155 2093 184 2157 2.
206 2091 276 2157 lam
297 2092 545 2158 Atheniensium
568 2091 684 2158 ciuitas
698 2093 936 2158 aduaesaniam
960 2115 1059 2179 usque

91 2177 277 2261 temeraria,
306 2198 386 2261 quas
413 2195 439 2240 x
467 2179 634 2243 uniuersos
663 2178 875 2262 imperatores
902 2199 993 2258 suos,
1028 2182 1059 2243 et

93 2261 221 2346 quidem
253 2283 273 2325 a
306 2259 522 2344 pulcherrima
552 2262 691 2328 uictoria
723 2263 883 2328 uenientis
890 2311 900 2346 ,
930 2263 1061 2348 capitali
1089 2315 1091 2320 .

8 2387 9 2394 κ
93 2345 211 2411 iudicio
250 2349 401 2443 exceptos
440 2347 584 2430 necauit,
626 2346 712 2431 quod
750 2348 890 2413 militum
926 2369 1060 2432 corpora
1073 2369 1099 2412 as

8 2443 9 2446 ’
94 2429 229 2496 saeuitia
251 2451 349 2496 mans
372 2430 601 2515 interpellante
623 2432 804 2530 sepulturae
825 2432 977 2496 mandare
992 2454 1060 2497 non

8 2531 9 2544 ²
95 2515 292 2599 potuissent,
331 2516 572 2600 necessitatem
593 2537 748 2600 punrens,
792 2537 865 2582 cum
901 2515 1060 2581 honorare

8 2643 9 2652 κ
94 2600 246 2665 uirbutem
269 2599 407 2667 deberet.

371 2767 478 2834 VIIII.
512 2767 571 2833 Du
594 2767 780 2834 ERRORE.

157 2886 344 2951 Temeritati
366 2887 531 2971 proximus
554 2892 604 2952 est
625 2908 727 2964 error,
752 2909 846 2972 quem
868 2888 907 2952 ad
930 2887 1060 2952 modum
1073 2907 1098 2949 eo

96 2971 134 3034 ad
156 2970 347 3036 laedendum
369 2993 443 3055 par,
477 2972 525 3036 ita
553 2972 605 3037 cui
632 2972 759 3038 facilius
789 2974 860 3058 quis
887 2973 1061 3055 ignouerit,

164 3145 176 3191 1
196 3138 286 3192 multo
300 3141 338 3192 A¹
350 3140 360 3208 {l
374 3144 388 3194 7
408 3155 493 3209 quoq.
511 3141 537 3195 A
550 3141 560 3209 l
575 3146 606 3195 14
618 3141 739 3196 diuisam
751 3143 821 3196 Por.
835 3143 845 3211 ΙΙ
857 3140 979 3195 credidit
997 3143 1035 3194 Α2
1048 3143 1059 3212 ll

97 3213 128 3262 15
144 3205 340 3274 inseditiosum
353 3207 403 3276 Al
417 3213 448 3261 16
466 3208 590 3263 adsoluit
602 3210 639 3262 A¹
653 3211 663 3278 l
677 3215 709 3263 1⁷
727 3208 868 3279 sepulchri
880 3208 916 3261 A¹
932 3210 987 3278 1119
1005 3225 1063 3264 me·

97 3274 184 3329 moriri
201 3274 229 3326 A
250 3275 260 3344 ΙΙ
281 3280 315 3328 20
337 3275 412 3331 ultro
431 3276 558 3346 citroque
576 3277 757 3345 Perizonius,
783 3281 866 3340 recte,
894 3277 927 3331 ai
944 3277 1029 3343 folior
1048 3278 1061 3347 Η

8 3349 9 3352 ’
99 3342 231 3399 nnbcud.
249 3342 310 3397 uid.
328 3341 358 3395 in
377 3343 465 3398 oculis
477 3345 487 3413 ΙΙ
500 3351 532 3398 22
553 3345 717 3416 anaemaris
735 3347 771 3399 A¹
786 3346 796 3415 n
813 3351 846 3399 23
863 3343 889 3398 X
906 3358 997 3400 *sss*
1013 3346 1063 3399 im·

97 3413 240 3480 parciores
259 3410 429 3476 (uniuersos,
449 3412 524 3480 quod
546 3412 647 3467 babent
668 3413 748 3478 dett,
774 3429 843 3468 craa
861 3412 932 3482 uid.)
957 3415 994 3480 A,
1011 3427 1062 3472 om.

97 3477 238 3532 uniuersos
256 3479 349 3546 Paul
366 3479 499 3548 equidem
511 3479 538 3532 A
555 3481 565 3548 ΙΙ
583 3485 615 3534 26
633 3481 853 3550 interpellante*
870 3483 896 3550 (s
908 3497 977 3537 cros.
989 3481 1062 3550 uid.)
1117 3528 1122 3538 .

8 3547 9 3554 ’
99 3545 257 3616 sepulturae
276 3546 303 3602 A
316 3548 325 3615 l
338 3552 369 3601 81
388 3547 466 3617 parit
483 3548 547 3602 acui
564 3549 605 3600 A¹

144 3639 205 3682 vm.
217 3641 283 3682 Max
876 3641 908 3690 29
