2562 3950
615 69 630 96 .

120 123 266 199 maun.
280 140 390 210 cara,
400 139 558 199 uxorare.
572 138 680 196 osus.
694 137 803 206 carc,
813 143 868 194 nr.
882 137 1009 196 exora.
1024 139 1088 204 567

121 300 223 361 amicis
253 301 283 359 et
308 298 437 375 quadam
465 299 500 360 de
534 317 566 358 re
594 316 761 358 sermonem
788 294 968 356 habentibus
997 298 1087 372 caput

1 419 2 424 κ
121 385 216 445 erexit
237 384 499 461 interrogatusque
520 385 705 459 quapropter
725 382 756 441 id
779 381 900 441 fecisset
920 381 1086 458 respondit,

120 471 176 543 ‘ut,
200 487 266 528 cum
280 468 373 540 istud,
396 467 543 545 quidquid
565 467 736 544 disputatis,
759 471 928 543 percepero,
952 466 1088 526 moriar'.

186 553 400 612 Themistocles
422 553 616 612 maximarum
637 571 739 612 rerum
760 569 829 610 cura
852 551 1004 610 districtus
1022 569 1086 610 om·
1107 558 1141 607 15

93 638 205 698 onium
233 640 335 699 tamen
362 637 472 698 ciuium
500 655 634 711 suorum,
669 633 762 707 Cyrus
797 636 930 695 omnium
957 635 1089 694 militum

120 722 241 783 nomina
263 723 393 782 tenebat.
424 721 612 782 Mithridates
636 721 745 796 uiginti
768 721 894 779 duarum
916 720 1088 798 linguarum
1108 727 1141 776 16

120 807 258 868 notitiam
279 807 395 866 habuit.

429 951 432 958 '
513 974 567 1034 on
591 973 696 1035 ono,

186 1077 285 1155 Scipio
307 1080 338 1136 et
359 1075 478 1136 Laelius
500 1077 591 1134 animi
613 1075 837 1136 remissionibus
860 1093 928 1136 cum
950 1077 1141 1145 commu-&1

82 1177 108 1218 ro
122 1162 203 1222 niter
230 1162 468 1238 adquiescerent,
499 1162 616 1220 constat
644 1179 695 1220 eos
718 1160 836 1221 Caietae
858 1159 996 1220 litoribus
1020 1176 1090 1219 con·

121 1247 221 1324 chylia
242 1252 274 1306 et
294 1246 451 1305 umbilicos
472 1245 652 1306 lectitasse..

186 1329 329 1392 Scaeuola
351 1331 464 1406 optime
486 1330 549 1405 pila
569 1330 676 1392 lusisse
698 1329 837 1390 traditur.
866 1328 952 1390 alueo
969 1339 1123 1405 quoquae

121 1418 152 1475 et
174 1415 294 1475 calculis
317 1432 435 1474 uacasse
457 1414 577 1476 dicitur.

187 1499 322 1560 Socrates
335 1500 513 1575 interposita
526 1499 692 1558 harundine
707 1497 844 1558 cruribus
859 1496 920 1557 suis
933 1515 999 1558 eum
1010 1515 1078 1573 par·
1086 1504 1141 1548 2¹².

82 1597 108 1646 a
121 1584 199 1645 uons
221 1584 292 1643 filiis
314 1583 421 1644 reeens
444 1583 482 1642 ab
504 1583 659 1643 arsisses
681 1584 763 1642 uisus
786 1586 843 1642 ese.
1110 1561 1123 1608 ¹

209 1751 378 1824 cvrum
400 1751 466 1812 urs
488 1751 533 1811 ru
556 1750 820 1822 ancorarum
842 1750 895 1810 nu
919 1749 1010 1811 Pao-

414 1911 417 1916 ,
458 1835 753 1896 uuunrnnrous.

185 1938 317 2016 Regibus
340 1939 451 2000 exactis
472 1938 557 2015 plebs
580 1938 725 1998 dissidens
747 1957 766 1997 a
787 1937 922 2013 patribus
945 1955 1012 1996 oum
1035 1953 1077 1997 se·
1089 1942 1142 2008 9,1

122 2025 276 2098 cessisset,
300 2043 317 2082 a
339 2024 476 2084 Menenio
499 2023 637 2100 Agrippa
658 2021 695 2082 ad
717 2022 840 2082 meliors
861 2021 985 2081 consilia
1006 2038 1091 2082 reno-

79 2125 108 2166 so
122 2112 187 2168 cata
208 2111 263 2168 est.

43 2211 46 2216 ·
186 2192 271 2252 Missi
299 2211 318 2252 a
345 2191 442 2252 Cinna
468 2196 499 2252 et
525 2192 621 2251 Mario
651 2191 764 2251 milites
791 2191 830 2251 ad
857 2191 899 2250 M.
922 2190 1123 2251 Antoniumr

123 2275 317 2337 occidendum
350 2293 484 2336 sermone
511 2277 575 2336 eius
609 2275 808 2352 obstupefacti
839 2275 997 2336 destrictos
1030 2277 1091 2335 iam

123 2360 238 2438 gladios
268 2361 488 2420 continuerunt.
533 2361 641 2437 quibus
673 2360 815 2436 digressis
845 2361 879 2420 P.
902 2361 1019 2420 Annius
1041 2378 1089 2419 ex·

123 2463 192 2521 pers
216 2446 405 2506 Antonianae
428 2446 615 2521 eloquentiae
637 2445 837 2505 ministerium
858 2445 985 2520 peregit.

80 2546 109 2587 aa
186 2531 362 2590 Pisistratus
383 2533 500 2588 tantum
525 2526 583 2608 [in]
607 2529 777 2605 eloquentia
803 2529 969 2605 praestitit,
993 2531 1027 2586 ut
1048 2528 1144 2586 einxe.

13 2683 16 2688 ¹
123 2615 234 2675 Solone
267 2617 370 2674 contra
403 2613 518 2673 dicente
550 2614 748 2676 Athenienses
781 2614 899 2691 regium
931 2591 1123 2688 imperiuml

122 2701 256 2759 oratione
280 2700 360 2774 capti
381 2699 600 2775 permitterent.

185 2782 315 2844 Pericles
337 2783 531 2859 Anaxagorae
554 2783 727 2842 auditoria
749 2784 870 2842 tantum
895 2781 1006 2842 enituit
1028 2782 1122 2841 elo-2

122 2869 254 2944 quentia,
276 2871 319 2944 ut,
343 2887 410 2928 oum
433 2867 529 2928 adbuc
550 2867 668 2927 iuuenis
690 2887 707 2926 a
731 2867 860 2944 quodam
883 2883 953 2926 sene
974 2867 1006 2926 in
1022 2885 1090 2926 con-

81 2954 205 3014 actione
228 2951 348 3012 auditus
371 2955 457 3028 esset,
482 2955 555 3012 ‘noh
578 2952 730 3012 dissimilis
751 2952 811 3058 hic'
834 2952 963 3026 diceret,
987 2950 1090 3010 ‘Athe-

191 3115 288 3172 situd
305 3132 340 3170 m.
354 3120 370 3170 1
395 3117 405 3184 ΙΙ
428 3115 612 3170 4deetrictus
670 3116 830 3196 senorum]
847 3114 956 3182 pesth.
973 3130 1003 3172 a.
1021 3114 1089 3168 adol.

122 3185 237 3240 nomina
255 3183 392 3238 memoria
409 3183 613 3264 conprehendit
657 3185 696 3242 ai.
714 3183 801 3238 Halm
814 3198 828 3237 e
842 3181 913 3248 Vol,
931 3197 981 3236 nos
998 3182 1092 3236 alienu

120 3269 140 3306 u
158 3251 218 3308 cod.
236 3267 285 3305 nec
302 3251 458 3328 accusaris
475 3251 642 3305 remouimus
658 3256 749 3305 mutat
750 3267 768 3304 c
738 3251 913 3305 toliaticct'
890 3255 964 3304 tuone
976 3251 986 3319 ΙΙ
1004 3255 1019 3304 6
1038 3249 1089 3302 Mi·

122 3319 254 3374 thridatis
272 3335 306 3376 m.
319 3320 386 3388 1119
405 3317 504 3372 animis
522 3318 727 3374 remissioribus
749 3319 759 3387 ΙΙ
781 3323 812 3372 16
831 3316 890 3372 VIS
909 3315 1092 3383 ELOQVEN-

122 3385 289 3453 ulcerea,
303 3402 351 3441 cm.
360 3386 432 3440 Mai.
454 3402 493 3440 ac
510 3385 570 3440 VIS
589 3385 645 3441 SIT
662 3385 722 3440 IN?
710 3387 746 3454 ll!
761 3391 792 3440 19
810 3385 1026 3454 macneniotlaa
1045 3385 1092 3438 de-

121 3455 236 3509 strictus
254 3471 288 3508 m.
301 3457 317 3508 1
338 3453 428 3576 li²⁵
420 3471 449 3507 rn
467 3459 511 3509 ort
511 3470 558 3508 um
576 3453 785 3524 eprtaecedcne
802 3471 831 3507 m
850 3453 941 3510 deleui
953 3454 963 3523 ΙΙ
976 3458 1008 3508 29
1027 3467 1093 3509 oon-

122 3522 227 3578 tionem
242 3523 251 3592 ΙΙ
264 3528 297 3578 30
315 3525 344 3577 at
367 3521 485 3578 emensis
503 3538 538 3578 m.
550 3526 566 3576 1
