2562 3950
200 199 264 266 550
354 197 422 252 LlB.
432 197 493 252 VH.
522 196 638 264 OAP.2,
658 195 721 251 Ext.
737 201 778 252 18.
808 195 925 263 CAP.3,
940 201 1014 251 1—5.

152 363 184 414 18
266 354 382 430 Cretes,
411 375 479 416 cum
507 355 698 416 acerbissima
724 355 910 415 execratione
939 354 1079 414 aduersus
1103 373 1166 428 eos,
1266 365 1267 368 ’

201 459 276 517 quos
304 441 446 514 oderunt,
475 441 522 500 uti
548 441 670 514 uolunt,
703 442 738 500 ut
764 440 844 500 mala
871 439 1086 500 consuetudine
1118 439 1171 499 de-

200 525 349 586 lectentur
372 528 490 602 optent.

547 677 612 736 on
629 674 824 738 Asrrrm
909 625 919 644 ⁶

153 784 199 849 3,1
266 779 371 839 Seruio
387 778 485 837 Tullio
507 781 652 856 regnante
675 778 792 838 cuidam
806 778 886 853 patri
900 777 1032 838 familiae
1046 779 1079 838 in
1094 794 1195 856 agros
1266 797 1267 824 i

200 863 311 924 Sabino
341 863 518 939 praecipuae
540 861 758 940 magnitudinis
780 880 868 922 uacca
889 864 961 921 nata
983 864 1045 940 est,
1078 882 1172 939 quam
1265 843 1267 916 l

199 949 387 1008 oraculorum
410 947 569 1007 certissimi
591 949 726 1007 auctores
748 947 780 1006 in
802 947 858 1007 hoc
880 946 994 1006 editam
1008 949 1171 1023 responde-

199 1037 283 1108 runt,
313 1036 347 1092 ut
368 1032 503 1109 quisquis
526 1051 591 1091 eam
612 1031 814 1092 Auentinensi
835 1031 949 1090 Dianae
970 1031 1170 1106 immolasset,

200 1118 263 1178 ciue
284 1117 383 1193 patrie
404 1116 485 1177 orbis
507 1111 667 1192 imperium
681 1116 839 1175 obtineret.
862 1117 959 1175 laetus
973 1116 1084 1176 bouem
1099 1135 1171 1176 cum

199 1221 314 1262 summe
345 1201 536 1260 festinatione
565 1202 689 1260 Romam
720 1203 816 1260 actam
848 1201 881 1260 in
908 1199 1064 1261 Auentino
1098 1205 1171 1262 ante
1186 1219 1209 1258 ro

198 1305 280 1346 arem
296 1285 408 1344 Dianae
431 1285 596 1366 constitpit.
632 1286 668 1344 de
683 1303 742 1360 que
756 1303 789 1376 γρ
805 1284 931 1345 antistes
947 1287 1056 1345 certior
1070 1286 1172 1347 factus
1266 1287 1267 1308 ³

198 1371 374 1448 religionem
401 1370 513 1446 hospiti
540 1370 659 1444 intulit,
688 1371 830 1446 ueprius
853 1369 1008 1430 uictimam
1031 1371 1172 1430 caederet

199 1475 288 1532 quam
317 1475 348 1516 se
374 1455 502 1532 proximi
524 1455 619 1515 amnis
642 1473 717 1530 equa
740 1453 912 1528 abluisset,'
929 1473 1023 1529 eoque
1042 1456 1171 1515 alueum

201 1539 317 1600 Tiberis
339 1543 459 1616 petente
480 1558 602 1600 uaccam
623 1540 687 1615 ipse
709 1538 886 1598 imm01auit.

165 1635 181 1683 3
263 1624 363 1701 Scipio
393 1624 528 1700 superior
555 1643 592 1684 ox
614 1623 716 1684 Sicilia
748 1624 854 1699 petens
882 1622 1033 1700 Africam,
1062 1643 1132 1684 cum
1155 1641 1209 1682 ers

198 1709 368 1770 fortissimis
390 1710 542 1786 peditibus
563 1709 705 1768 Romanis
727 1709 931 1768 trecentorum
953 1708 1089 1785 equitum
1112 1729 1171 1770 nu·

197 1814 313 1855 merum
342 1795 481 1870 conplere
510 1794 616 1868 uellet,
646 1812 682 1852 ex
703 1793 749 1852 his
771 1792 945 1866 iuuenibus,
968 1812 1043 1868 quos
1066 1812 1171 1854 secum

197 1881 262 1938 tota
284 1899 319 1939 ex
342 1879 444 1939 Sicilia
465 1878 667 1939 nobilissimos
690 1880 720 1936 et
742 1877 947 1950 diuitissimos,
970 1878 1021 1937 sed
1043 1877 1170 1940 inermis

196 1964 340 2037 habebat,
369 1965 520 2024 trecentos
550 1964 685 2039 speciosa
715 1979 797 2021 arma
818 1963 850 2022 et
872 1962 981 2022 electos
1004 1981 1096 2039 equos
1121 1984 1170 2024 ex·

197 2049 298 2124 pedire
320 2048 408 2108 iussit
430 2049 512 2108 uelut
534 2067 584 2108 eos
606 2047 748 2107 continuo
763 2064 863 2107 secum
878 2046 915 2105 ad
931 2047 1169 2124 oppugnandam
1183 2066 1208 2106 eo

198 2130 412 2208 Carthaginem
440 2135 609 2193 erecturus.
653 2132 799 2207 quicum
831 2131 956 2207 imperio
985 2132 1168 2212 paruissent,
1266 2197 1267 2204 χ

197 2217 350 2276 remittere
373 2235 404 2276 ee
427 2218 469 2276 eis
493 2217 591 2293 Scipio
614 2236 681 2276 eam
697 2215 918 2292 expeditionem
933 2215 1018 2292 dixit,
1041 2217 1067 2276 si
1081 2236 1169 2278 arma
1266 2223 1267 2304 l

198 2304 229 2360 et
257 2319 347 2376 equos
375 2301 522 2362 militibus
543 2303 605 2362 suis
629 2302 698 2361 dere
721 2300 899 2360 uohiissent.
943 2300 1044 2378 rapuit
1065 2301 1169 2362 condi·

196 2387 310 2446 tionem
332 2385 450 2446 inbellis
472 2387 615 2447 iuuentus
635 2387 897 2461 instrumentoque
920 2403 974 2445 suo
996 2387 1108 2446 nostris
1132 2388 1168 2448 li·

196 2470 270 2531 bens
293 2472 389 2531 cessit.
1182 2485 1207 2528 as

162 2566 180 2614 4
262 2555 296 2626 Q.
309 2557 420 2616 Fabius
434 2555 533 2614 Labeo
557 2555 668 2616 arbiter
689 2573 706 2613 a
728 2557 832 2615 senatu
852 2554 959 2616 finium
981 2555 1166 2616 constituen-

198 2641 308 2704 dorum,
332 2641 417 2700 inter
432 2639 565 2699 Nolanos
593 2641 624 2699 et
646 2639 861 2716 Neapolitanos
891 2640 978 2700 datus
1001 2641 1166 2714 separatim

195 2731 332 2800 utrosque
346 2727 459 2787 mermi
474 2726 509 2783 ut
524 2724 633 2784 omissa
648 2724 813 2800 cupiditate
827 2725 945 2801 regredi
961 2724 1056 2802 magis
1073 2745 1166 2802 quam

195 2811 337 2888 progredi
364 2810 500 2869 mellent.
545 2808 638 2884 idque
671 2827 738 2868 cum
770 2810 898 2884 utreque
929 2827 1000 2885 pars
1033 2809 1165 2887 fecisset,

196 2896 369 2956 constitutis
401 2894 512 2954 finibus
545 2894 625 2970 quod
655 2894 687 2953 in
713 2893 811 2954 medio
840 2893 950 2970 reliqui
978 2893 1036 2954 soli
1064 2894 1203 2956 fuereteo

163 2999 168 3011 ·
198 2981 310 3056 populo
332 2981 467 3040 Romano
489 2978 682 3039 adiudicauit.

164 3074 180 3122 5
261 3065 302 3124 M.
331 3065 482 3125 Antonius
511 3063 622 3123 idcirco
655 3063 753 3122 aiebat
784 3063 900 3122 nullam
934 3063 1100 3123 orationem
1135 3083 1167 3126 se

264 3243 487 3300 reiteranti.
506 3257 555 3298 om.
574 3243 631 3298 cod.
643 3243 740 3309 Helm,
759 3242 807 3297 eod
823 3242 924 3298 habeut
934 3248 1001 3298 onte
1011 3242 1032 3314 ,d
1042 3247 1070 3312 8,
1089 3245 1167 3300 uode

196 3310 250 3362 buc
267 3311 429 3378 transposui
445 3312 455 3378 ΙΙ
475 3316 505 3364 13
524 3327 610 3379 quam
628 3327 657 3365 se
676 3311 708 3365 ic
724 3326 780 3364 ros.
798 3309 987 3378 m01lemnie
1044 3319 1165 3368 ue-2l

197 3374 323 3452 imperio
356 3392 387 3428 er
403 3378 470 3431 baec
487 3379 581 3432 omnio
598 3380 631 3433 irc
647 3395 713 3441 roa,
733 3377 780 3432 sed
798 3386 860 3435 m.1
879 3379 889 3446 ΙΙ
908 3383 938 3432 17
957 3377 991 3432 iis
1005 3327 1119 3448 ldclmll
1135 3387 1167 3436 19
1266 3407 1267 3438 l

199 3393 392 3514 expedimluss
409 3443 510 3499 labeeo
523 3447 533 3513 ΙΙ
546 3451 579 3500 28
596 3447 730 3513 utrosque
748 3445 857 3500 monuit
873 3461 925 3513 sup
945 3447 963 3501 t.
979 3446 1086 3515 (tow,
1106 3465 1167 3503 mo-

198 3505 262 3582 nuit
278 3506 377 3586 Halm,
396 3523 447 3564 om.
465 3512 524 3570 cod.
542 3513 552 3579 ΙΙ
574 3513 664 3582 magis
682 3513 749 3581 cod,
767 3509 796 3568 rb
816 3514 862 3581 (π
874 3462 969 3581 modo)
988 3515 1051 3582 agri
1063 3516 1168 3583 proba·
1266 3521 1267 3538 ¹

198 3570 291 3624 brieter
309 3585 378 3626 com.
392 3574 489 3629 Gertz·
