2606 3952
455 173 521 242 Cap.
541 172 593 241 VI,
613 173 628 233 1
648 178 755 232 10-1a.
1048 174 1088 240 81

117 329 239 409 minae,
257 347 348 410 quae,
364 345 437 391 cum
451 347 540 391 more
555 325 661 410 patrio
674 326 844 410 conplures
855 325 958 390 eidem
969 329 1089 410 nuptae

119 435 190 478 esse
213 412 353 493 soleant,
383 413 509 476 mortuo
539 411 655 476 marito
677 411 713 475 in
736 415 899 476 certarnen
920 411 1089 476 iudicium·

120 520 182 582 que
204 495 357 576 ueniunt,
380 517 475 580 quam
497 517 536 560 ex
558 495 608 560 his
631 497 768 561 maxime
784 495 940 561 dilexerit.
973 491 1091 560 uictriir

119 581 237 670 gaudio
253 580 405 646 exultans
421 579 620 664 deductaque
636 600 656 643 a
673 581 863 646 necessariis
875 580 996 645 laetum
1013 601 1090 664 prae

119 688 153 734 ae
174 666 352 731 ferentibus
380 665 504 730 uultum
528 666 675 750 coniugis
697 689 730 732 se
753 666 889 731 flammis
919 665 1116 748 superiacita

121 757 250 817 etcum
273 771 310 814 eo
332 754 497 833 tamquam
518 751 705 817 felicissima
727 755 899 816 crematur:
922 753 1090 832 superatae

124 859 197 902 cum
219 834 354 900 tristitia
376 838 408 898 et
430 855 572 900 maerore
594 835 630 899 in
652 838 721 902 uita
736 838 915 901 remanent.
937 833 1091 917 protrahe

121 924 157 986 in
179 920 321 986 medium
342 918 535 984 Cimbricam
558 920 731 1000 audaciam,
756 921 845 987 adice
866 918 1092 986 Celtibericam

124 1005 232 1089 fidem,
255 1006 356 1089 iunge
378 1004 555 1068 animosam
570 1003 726 1072 Thraciae
741 1006 952 1089 ’spotentiam
966 1004 1092 1088 sapien·

122 1093 218 1172 tiam,
246 1090 380 1154 adnecte
403 1088 574 1174 Lyciorum
601 1091 636 1154 in
664 1092 802 1156 luctibus
824 1088 1001 1155 abiciendis
1030 1088 1091 1154 cal·
1106 1115 1132 1154 ro

123 1175 186 1240 lide
216 1175 394 1260 quaesitam
422 1175 595 1258 rationem,
623 1175 735 1241 Indico
765 1181 875 1240 tamen
902 1194 981 1260 rogo
1009 1172 1093 1237 nihil

123 1281 234 1326 eorum
266 1259 443 1344 praeferes,
481 1281 576 1344 quem
609 1264 728 1327 uxoria
760 1261 862 1343 pietas
897 1261 931 1324 in
964 1258 1093 1323 modum

123 1345 261 1432 genialis
283 1344 348 1408 tori
369 1343 568 1429 propinquae
591 1347 704 1410 mortis
726 1366 837 1411 secura
860 1343 1056 1409 conscendit.

192 1429 241 1494 15.
266 1427 326 1493 Oui
343 1429 465 1512 gloriae
478 1429 672 1494 Punicarum
688 1430 893 1513 feminarum,
910 1432 946 1492 ut
961 1449 1000 1491 ex
1015 1449 1092 1492 con·

124 1514 293 1600 paratione
308 1515 434 1597 turpius
452 1517 620 1597 appareat,
644 1514 778 1579 dedecus
794 1514 998 1578 subnectam:
1027 1512 1092 1577 Sic·
1108 1533 1133 1574 ra

125 1619 181 1665 cae
205 1599 292 1662 enim
314 1597 427 1663 fanum
449 1604 498 1662 est
520 1598 672 1681 Veneris,
705 1601 739 1663 in
763 1598 849 1684 quod
870 1620 903 1663 se
926 1599 1094 1662 matronae

126 1683 339 1750 conferebant
372 1687 468 1766 atque
499 1683 575 1748 inde
607 1684 818 1767 procedentes
847 1683 887 1747 ad
915 1685 1093 1766 quaestum,

126 1770 211 1834 dotis
239 1767 380 1852 corporis
407 1767 525 1832 iniuria
553 1769 805 1849 contrahebant,
834 1767 973 1831 honeste
999 1765 1095 1830 nimi-

15 1863 16 1920 ]
127 1876 199 1919 rum
222 1857 289 1917 tem
313 1851 486 1917 inhonesto
510 1853 639 1918 uinculo
663 1853 815 1939 coniugia
837 1853 1012 1917 iuncturae.

193 1939 241 2003 16.
265 1935 351 2002 Nam
373 1935 543 2001 Persarum
572 1939 743 2003 admodum
771 1936 937 2022 probabile
967 1935 1093 2000 institu·
1108 1959 1134 1998 ao

14 2069 15 2098 2
125 2029 195 2088 tum
219 2022 297 2106 fuit,
322 2022 409 2108 quod
432 2022 548 2086 liberos
575 2045 648 2088 suos
678 2045 745 2088 non
772 2024 861 2107 prius
891 2020 1092 2105 aspiciebant

14 2901 15 2904 ’
130 2885 304 2940 colentium?
331 2901 381 2941 cos
404 2887 472 2943 ibid.
518 2927 522 2937 .
541 2889 585 2943 59.

57 2113 61 2120 ’
129 2128 227 2190 quom
249 2108 420 2190 septimum
444 2123 565 2172 annum
580 2108 776 2205 inplessem,
799 2129 862 2192 quo
884 2105 1094 2190 paruulorum

14 2203 16 2224 ¹
129 2193 336 2257 amissionem
359 2193 510 2276 aequiore
533 2214 641 2257 animo
664 2194 869 2257 sustinerent.

197 2417 209 2464 1
228 2411 326 2490 plures
344 2411 412 2466 Por.
426 2413 436 2480 ΙΙ
448 2411 523 2465 idem
542 2413 588 2477 A',
606 2412 709 2490 addi.
729 2413 758 2466 P.
778 2412 826 2465 uni
843 2427 937 2533 morpo
955 2411 1033 2489 Alta
1053 2409 1092 2462 eie

127 2481 207 2548 Par,
225 2495 260 2532 ns
279 2477 367 2534 Halm
414 2484 431 2532 4
447 2494 516 2548 prae
535 2495 565 2534 se
582 2479 738 2533 ferentibus
754 2494 804 2535 cos
821 2480 854 2534 in
872 2478 903 2534 F
916 2479 1010 2534 ecketc.
1028 2492 1095 2531 oon.

128 2551 200 2602 1886
215 2561 243 2624 p.
261 2549 303 2600 59.
334 2545 370 2612 cf.
412 2550 444 2612 8,
457 2547 492 2612 2‚·
509 2547 584 2613 Hs,
602 2551 635 2612 7;
652 2547 730 2601 IIII
743 2551 760 2601 5
772 2548 819 2613 in;
842 2546 912 2613 VII,
929 2550 956 2611 8,
972 2549 998 2623 9,
1016 2559 1098 2622 prac-

128 2615 285 2670 ferentrbus
304 2613 358 2668 LA
376 2613 463 2670 Halm
476 2615 514 2682 115
533 2615 691 2683 superiacet
708 2616 756 2684 A¹,
775 2614 885 2668 ataid.
903 2615 913 2682 ΙΙ
931 2619 945 2667 7
963 2615 1097 2666 tnstrtrae

129 2697 257 2737 maerore
280 2681 318 2747 L,
345 2683 462 2737 tristitia
489 2683 518 2735 et
539 2696 649 2752 merore
673 2683 738 2749 (litt.
757 2684 787 2736 et
809 2696 887 2753 mero
909 2683 942 2735 io
959 2682 1025 2747 rus.)
1044 2681 1094 2748 All

128 2749 836 2886 111111111111111111111111·
855 2749 1101 2871 thaath:

129 2954 239 3032 mauult
258 2951 395 3034 Thraciae
412 2969 488 3023 popu
503 2953 509 2963 '
525 2884 696 3031 emollierit
709 2885 856 3008 ὥῖτξῇἶο
858 2884 975 3030 {inlidi
989 2885 1058 3020 ,11er
1056 2885 1100 3018 lii:

131 3037 237 3076 crorum
251 3025 369 3086 (morum
381 3039 413 3075 an
424 3024 493 3086 raa.)
503 3022 540 3090 A,
559 3021 712 3089 lyricorum
725 3022 762 3076 L¹
776 3023 780 3089 1
801 3027 831 3075 11
843 3036 943 3074 nxona
955 3020 1019 3078 dett.
1031 3033 1101 3074 nora·

131 3089 216 3155 culli,
235 3105 307 3142 uxor
318 3089 397 3155 LA¹,
415 3089 502 3167 uxorii
523 3090 582 3144 sine
598 3090 659 3144 ulla
670 3091 736 3157 raa.)
748 3090 796 3153 A,
814 3089 908 3142 uxoris
920 3088 984 3165 dett.
1000 3087 1100 3156 pleriq.

132 3159 189 3278 11913
207 3157 270 3211 torti
289 3158 349 3278 ΔΙᾸΙ
364 3163 395 3211 14
413 3173 490 3211 curus
554 3163 579 3211 et
596 3175 629 3210 us
647 3174 681 3212 m.
698 3160 718 3211 2
735 3158 801 3215 odd.
813 3158 858 3224 Al
877 3161 908 3210 15
927 3171 1017 3210 siccae
1030 3155 1057 3208 L
1075 3157 1101 3208 et
1157 3207 1159 3212 .

152 3229 197 3280 ott.
210 3240 278 3293 quoe
289 3225 322 3280 oi
343 3227 354 3279 ι’
371 3240 457 3286 orna,
477 3225 563 3280 cirtae
575 3226 608 3279 ia
619 3241 675 3282 ras.
686 3227 714 3279 A
727 3241 740 3278 e
755 3227 821 3279 Por.
866 3224 936 3290 olm,
954 3223 1030 3291 apud
1048 3222 1100 3276 cir·

131 3294 225 3348 tenses
243 3293 330 3361 Nep,
348 3298 378 3347 at
395 3309 421 3347 rc.
435 3293 472 3348 N.
488 3294 520 3364 Q.
538 3294 636 3361 111511
655 3299 685 3347 17
704 3293 741 3346 ad
759 3293 830 3359 LP,
854 3308 922 3349 erun
940 3292 973 3345 c'n
990 3293 1033 3358 A,
1049 3305 1101 3347 om.

132 3361 198 3416 dett.
217 3367 242 3416 et
260 3363 330 3416 Par.
343 3361 353 3430 ΙΙ
367 3366 399 3438 18
418 3361 491 3415 dotis
509 3361 582 3428 LA,
602 3360 682 3415 dotes
702 3363 738 3425 Γ,
761 3361 857 3416 dotem
873 3360 944 3426 Nep.
962 3373 1057 3429 marpo
1074 3358 1101 3410 A

133 3445 147 3506 c
164 3430 243 3507 Bur,
260 3429 348 3485 Halm
365 3429 498 3482 iniuriam
557 3445 620 3483 rum
640 3433 712 3483 recte
729 3427 861 3483 Fcertaclr
878 3428 900 3480 I
913 3429 1016 3549 Ioppe
1039 3441 1103 3480 con·

132 3514 203 3566 rugo
219 3497 352 3551 iunctura
369 3499 408 3551 Α*
429 3498 439 3566 l
460 3503 493 3552 20
528 3513 574 3550 am
591 3499 631 3551 A¹
648 3497 657 3566 ΙΙ
675 3502 707 3549 22
745 3497 783 3551 ua
801 3512 823 3550 c.
842 3497 860 3554 l.
878 3496 906 3549 A
924 3511 938 3550 c
982 3512 1032 3562 aa,
1050 3509 1104 3550 om.

24 3571 35 3580 '
133 3564 174 3630 L,
191 3565 239 3619 aed
257 3565 323 3619 odd.
342 3577 436 3634 mereo
454 3565 481 3618 L
497 3565 509 3634 ll
525 3571 558 3620 23
576 3565 708 3631 aequiore
754 3565 772 3633 ¹,
791 3563 945 3634 aequiore*
961 3565 989 3617 A

188 3661 248 3704 Van.
265 3661 330 3704 Max.
926 3655 941 3702 6
