2562 3950
301 163 470 244 ulu'vuu.
488 187 565 245 cAP.
579 196 603 258 1,
616 195 692 245 a-o.
710 189 773 244 uxu
787 195 861 245 1-r.
1001 190 1065 256 575
1145 181 1150 192 ’

91 347 158 423 bat,
182 346 327 406 demissas
349 346 540 408 lacunaribus
562 366 665 409 aureas
688 366 812 408 coronas
833 347 920 408 uelut
941 347 1065 409 caelesti

92 432 192 509 capite
213 431 385 507 recipiebat.

161 515 274 575 Domus
297 514 459 576 Curionum
482 518 524 576 ita
546 515 750 595 degenerauit,
772 519 808 575 ut
828 515 890 575 HS.
913 514 965 575 DC
987 517 1101 576 aeriae

97 599 191 660 alieni
212 600 346 678 baberet,
369 604 555 661 contractum
577 603 691 661 famosa
712 601 834 660 iniuria.

67 701 82 743 s
164 683 197 747 P.
215 679 316 745 Clodii
334 685 477 746 iudicium
498 690 611 762 quanta
632 686 750 746 luxuria
772 689 803 745 et
823 683 950 745 libidine
972 683 1100 744 abun-'1

97 769 198 829 dauitl
244 771 276 829 in
305 789 381 847 quo,
414 774 450 830 ut
476 789 584 831 nocens
612 789 680 830 reus
709 771 928 842 absolueretur,
962 771 1065 828 noctes

94 856 305 944 matronarum
334 873 442 932 magna
470 874 587 915 summa
615 857 731 931 emptae
753 855 902 932 iudicibus
925 855 1065 930 erogatae

96 941 177 999 sunt.

163 1021 314 1084 Gemellus
343 1023 521 1084 tribunicius
548 1024 648 1083 uiator
677 1023 860 1100 flagitiosum
893 1021 1101 1084 conuiuium8
1137 1079 1140 1087 ,

57 1126 84 1166 ro
97 1107 221 1167 Metello
238 1113 269 1168 et
284 1107 416 1185 Scipioni
433 1108 603 1168 consulibus
619 1127 652 1168 ac
668 1109 797 1168 tribunis
812 1108 855 1184 pl.
872 1106 1063 1183 conparauit:

96 1192 236 1269 lupanari
258 1195 338 1252 enim
360 1192 441 1252 domi
463 1211 534 1252 suae
555 1193 698 1252 instituto
719 1193 854 1252 Muniam
877 1196 908 1252 et
929 1191 1065 1251 Flauiam

96 1280 250 1337 matronas
273 1281 304 1337 et
323 1277 456 1337 nobilem
478 1295 604 1353 puerum
628 1276 822 1338 Sabmniuum
845 1277 1012 1354 prostituit.

66 1424 68 1430 ,
164 1361 294 1421 Catilina
322 1380 422 1420 amore
444 1361 581 1422 Aureliae
609 1360 767 1422 Orestillae
794 1367 964 1439 correptus,
998 1371 1102 1420 cume

97 1464 193 1504 unum
220 1445 457 1521 inpedimentum
484 1447 642 1522 quominus
665 1446 779 1523 nuptiis
801 1447 999 1522 iungerentur
1019 1444 1064 1502 ui·

60 1548 86 1589 15
101 1530 186 1589 deret
216 1529 312 1589 filium
344 1549 446 1605 suum,
479 1549 596 1590 ueneno
625 1531 749 1590 sustulit
775 1531 971 1606 protinusque
999 1547 1065 1588 eam

100 1615 187 1673 duxit
208 1633 342 1674 uxorem.

164 1697 314 1775 Campana
335 1700 453 1758 luxuria
473 1701 559 1758 tanta
573 1699 640 1773 fuit,
663 1701 698 1758 ut
712 1699 858 1759 inuictum
874 1699 963 1758 armis
978 1690 1120 1792 Han-1⁶1²*

99 1783 232 1843 nibalem
253 1784 290 1842 ad
313 1802 449 1843 somnum
472 1785 645 1844 deliciarum
666 1784 840 1843 resoluerat.

164 1867 405 1930 Volsiniensium·
420 1869 492 1929 urbs
508 1872 598 1944 caput
612 1869 752 1927 Etruriae
767 1869 798 1927 in
813 1870 931 1929 tuntum
947 1867 1066 1925 luxuria
1083 1863 1100 1910 2

61 1973 88 2012 ao
102 1951 245 2028 deperiit,
280 1957 316 2013 ut
343 1971 496 2014 seruorum
525 1971 556 2013 se
583 1953 841 2030 inpotentissimae
869 1952 1066 2012 dominationi

101 2037 271 2098 subiecerit.
342 2065 345 2072 ¹

165 2122 347 2182 Antiochum
370 2122 474 2200 Syriae
501 2141 603 2199 regem
631 2122 766 2182 imitatus
787 2121 820 2180 in
841 2121 960 2181 luxuria
981 2117 1098 2181 exer-4

101 2207 178 2266 citus
199 2225 309 2283 magna
331 2210 466 2283 exparte
488 2225 594 2280 aureos
617 2207 716 2266 clauos
741 2205 868 2281 crepidis
884 2206 1011 2266 subiecit
1034 2210 1064 2264 et

102 2293 241 2366 argentea
266 2310 339 2351 uasa
366 2292 403 2350 ad
425 2310 514 2351 usum
537 2292 653 2358 culinae
676 2291 850 2366 conparauit
872 2292 903 2350 et
924 2291 1062 2351 tabarna-

64 2391 89 2433 au
102 2374 166 2434 cula
187 2375 344 2439 textilibus
366 2375 473 2452 sigillis
494 2376 664 2436 adornauit.

163 2459 350 2520 Ptolemaeus
365 2461 504 2536 Physcon
525 2478 656 2520 sororem
670 2463 744 2519 natu
757 2459 899 2518 maiorem
915 2459 1064 2518 communi
1083 2453 1102 2503 ὅ

101 2543 186 2603 fratri
213 2548 338 2620 nuptam
366 2545 422 2605 sibi
451 2546 562 2605 nubere
588 2545 697 2620 coegit.
741 2546 846 2620 postea
868 2543 977 2603 deinde
1000 2542 1063 2602 filia

102 2631 235 2704 stuprata
255 2630 351 2705 ipsam
373 2629 487 2689 dimisit
508 2647 541 2688 ac
563 2629 694 2705 puellam
717 2629 812 2688 duxit.

164 2714 307 2790 Aegyptii
328 2715 419 2774 ductu
434 2709 572 2773 Arcbelai
594 2712 737 2773 aduersus
752 2713 789 2772 A.
805 2712 966 2773 Gabinium
986 2731 1062 2772 moe·
1082 2707 1100 2754 ⁶

65 2797 188 2857 sonibus
216 2799 299 2858 urbis
327 2799 451 2874 egressi,
482 2817 548 2858 cum
571 2801 669 2858 castra
691 2797 770 2857 uallo
792 2803 881 2873 atque
903 2797 982 2857 fossa
1003 2797 1064 2857 cin-

101 2901 170 2958 gere
193 2883 373 2956 iuberentur‚
397 2883 658 2942 subclamauerunt
678 2885 712 2943 ut
733 2881 763 2939 id
786 2884 860 2958 'opus
881 2882 1001 2957 publica
1015 2899 1064 2962 pe·

104 2967 189 3025 cunia
210 2967 378 3027 faciendum
401 2968 555 3028 locaretur.
779 2959 782 2968 ⁴

164 3049 264 3127 Cyprii
286 3054 405 3130 reginas
427 3072 494 3113 suas
516 3052 677 3112 mulierum
699 3051 872 3127 corporibus
894 3051 979 3110 uelut
994 3044 1098 3128 gra-⁷

6 3209 7 3212 Ἴ
103 3135 187 3196 dibus
209 3138 379 3212 instructis,
403 3156 461 3214 quo
483 3137 604 3198 mollius
626 3137 756 3214 uestigia
776 3137 885 3213 pedum
907 3138 1067 3214 ponerent,

67 3237 91 3278 aa
104 3239 204 3281 currus
226 3222 423 3283 conscendere
443 3223 646 3298 patiebantur.

169 3325 182 3372 1
202 3318 332 3373 dimissas
348 3320 359 3389 ll
376 3326 392 3374 3
410 3317 456 3373 Hs
474 3318 522 3373 DC
540 3319 573 3372 ia
589 3335 645 3374 rua.
663 3319 673 3386 l
692 3323 720 3372 11
741 3317 837 3372 domui
855 3315 940 3386 Motu
955 3322 986 3370 14
1002 3315 1064 3369 iun·

103 3387 235 3456 gerentur
253 3403 266 3442 e
287 3386 349 3442 Vol.
369 3387 474 3453 (ἔθηκ’,
492 3387 658 3456 iungeretur
675 3386 732 3442 cod.
750 3387 838 3440 Halm
854 3386 864 3454 ΙΙ
887 3390 918 3439 18
937 3382 1061 3437 delicias·

103 3469 155 3523 que
172 3471 208 3509 m.
221 3457 249 3522 2,
268 3456 359 3510 amoto
376 3472 416 3510 ou
432 3460 502 3510 recte
513 3453 525 3523 ll
537 3454 692 3507 resoluerat
724 3454 855 3508 auocaret
872 3469 908 3510 m.
919 3455 939 3507 2
951 3468 964 3506 o
977 3450 1037 3505 Vol.
1051 3452 1060 3520 ΙΙ

102 3528 140 3644 Ξῖ
150 3523 520 3648 adusgm-taberuacnlu
539 3535 589 3576 otu.
608 3521 673 3576 Mai
724 3526 756 3575 26
774 3522 924 3590 phynyoon
943 3521 952 3590 A
974 3527 1006 3576 27
1025 3536 1065 3576 on

141 3606 158 3643 a
174 3606 233 3646 erus
654 3611 658 3620 ·
921 3621 927 3631 ·
