2562 3950
212 131 277 196 520
367 127 437 183 urs.
446 128 508 183 1111.
527 127 706 197 cannae.
725 127 853 186 mara
872 126 988 196 cuna,
1009 135 1101 188 1-3.

213 293 244 347 et
266 287 304 346 ob
325 287 381 347 hoc
394 285 554 364 perductus
576 287 616 346 ad
631 286 800 347 Antonium
825 285 907 346 ‘iube
927 289 990 346 me'
1016 288 1139 364 inquit
1164 289 1212 346 ‘nd

211 371 331 432 Luculli
360 389 466 446 corpus
494 369 616 431 ductum
645 371 754 432 occidi:
787 389 885 447 neque
911 371 994 430 enim
1018 371 1133 434 debeo
1158 374 1212 432 illo

212 456 372 532 absumpto
395 457 577 530 superesse'.

178 549 195 596 a
276 540 321 600 Ti.
345 537 465 600 Coelius
491 539 529 599 ab
553 537 679 600 Octauio
707 557 768 600 cos.
790 539 962 600 Placentiae
983 542 1210 617 praepositus,

212 628 315 702 captus
338 644 357 683 a
379 623 530 685 cassianis
551 623 699 706 militibus
720 624 811 700 petiit
831 643 850 682 a
869 624 905 689 L.
928 623 1087 686 Petronio
1115 631 1159 686 ut
1182 633 1227 684 sci

211 710 367 771 occideret.
411 709 463 785 qui
495 709 605 768 frustra
625 711 765 785 rogatum
797 712 831 769 ut
858 709 991 783 uiueret,
1021 729 1108 769 mox
1142 729 1212 771 oum

213 795 423 864 interemisset,
445 811 531 852 suam
552 793 580 851 ei
602 795 730 852 mortem
752 793 860 852 iunxit.

178 885 195 934 o
278 877 400 938 Seruius
422 877 579 938 Terentius
600 876 690 936 Bruti
712 878 838 950 amicus,
868 895 935 936 omn
956 877 996 936 ad
1021 897 1103 938 eum
1131 880 1210 940 occi·

214 962 345 1022 dandum
372 963 483 1022 Furius
510 961 549 1022 ab
572 961 705 1022 Antonio
731 963 842 1020 missus
868 965 963 1038 esset,
994 961 1148 1023 Brutum
1179 981 1209 1022 se

213 1065 278 1106 esse
306 1047 460 1106 simulauit
482 1050 511 1105 et
538 1063 647 1122 corpus
675 1063 761 1105 snum
790 1046 1002 1106 trucidandum
1034 1049 1206 1123 equitibus
1218 1061 1234 1098 u

214 1130 326 1191 obiecit
347 1130 544 1208 cognitusque
565 1150 583 1189 a
603 1131 696 1190 Furio
718 1131 796 1190 uixit
817 1130 939 1190 inuitus.

160 1220 215 1264 axa
279 1215 397 1274 Damon
424 1217 455 1275 et
483 1214 620 1274 Pinthiae
648 1214 842 1291 Pythagorici
869 1217 933 1274 tam
960 1213 1074 1275 fideles
1108 1217 1206 1278 amici

180 1277 350 1377 lfuemnt,
378 1302 430 1377 nt,
459 1317 527 1358 cum
557 1300 685 1358 alterum
713 1317 749 1358 ex
775 1299 822 1358 his
844 1298 1008 1375 Dionysius
1040 1304 1204 1377 tyrannus

213 1383 380 1444 interficere
413 1383 507 1443 uellet
539 1387 628 1460 atque
656 1384 682 1443 is
710 1384 830 1458 tempus
858 1383 895 1442 ab
923 1402 957 1442 eo
980 1384 1073 1458 prins
1106 1405 1203 1463 quam

91 1539 94 1545 ,
212 1470 337 1545 periret,
360 1471 396 1528 nt
417 1467 538 1527 domum
559 1467 712 1544 profectus
733 1485 782 1526 res
804 1485 873 1528 snas
895 1465 1072 1544 ordinaret,
1098 1471 1230 1548 impes

212 1556 334 1626 massot,
357 1553 485 1614 alterum
506 1552 613 1611 uadem
635 1570 688 1629 pro
711 1569 748 1624 se,
764 1552 800 1612 de
821 1551 922 1612 reditu
943 1551 1008 1612 eius
1032 1553 1112 1613 dare
1137 1574 1202 1616 nou

213 1637 378 1697 dubitaret.
428 1637 689 1713 adpropinquante
721 1636 783 1713 die,
817 1655 887 1697 cum
919 1635 970 1696 ille
1002 1642 1199 1715 moraretur,

213 1722 350 1782 Pinthiae
379 1719 417 1780 ad
441 1739 571 1796 poenam
598 1721 667 1780 duci
696 1721 795 1780 iussus
825 1723 886 1798 est,
919 1739 986 1780 curn
1008 1720 1120 1783 subito
1146 1725 1200 1784 ille

211 1825 349 1867 reuersus
371 1807 404 1865 in
425 1805 654 1866 admirationem
676 1806 811 1882 conpulit
832 1804 1023 1881 Dionysium.
1072 1810 1198 1884 suppli·

213 1891 293 1951 oium
314 1892 418 1967 itaquo
440 1890 483 1950 eis
504 1890 629 1953 remisit.
1207 1906 1226 1946 a

180 1984 196 2033 2
281 1975 448 2034 Alexander
470 1975 565 2034 uictor
586 1973 686 2048 Darii,
715 1992 783 2033 cum
805 1975 932 2034 matrem
954 1972 1020 2034 eius
1044 1977 1195 2054 cepisset,

214 2058 252 2118 ad
274 2058 429 2119 uisendam
451 2077 517 2118 earn
542 2077 609 2119 oum
631 2057 851 2134 Hephaestione
872 2057 964 2122 uenit.
998 2076 1080 2133 qnae
1104 2061 1194 2139 igno·

213 2161 284 2203 rans
305 2145 373 2202 uter
387 2141 556 2204 Alexander
578 2146 658 2204 essct
670 2142 902 2219 Hephaestionis
918 2158 949 2201 se
963 2141 1097 2218 pedibus
1123 2147 1194 2206 sub·

213 2229 294 2286 iecit.
325 2226 478 2287 admonita
500 2227 608 2287 deinde
630 2227 724 2286 alium
746 2245 809 2288 essa
830 2245 933 2305 regem
954 2225 1136 2291 Alexandro
1162 2249 1193 2290 se

213 2330 355 2372 excusare
377 2313 484 2390 coepit.
506 2315 571 2372 tum
592 2312 644 2372 ille
661 2313 704 2371 ‘et
724 2311 783 2372 hic’
798 2312 898 2388 inquit
913 2311 1102 2372 ‘Alexander
1120 2317 1191 2376 est’.
1203 2329 1224 2369 n
1249 2305 1250 2326 ¹

502 2514 557 2573 DE
578 2507 891 2574 LIBERALITATE.

163 2637 214 2705 8‚1
281 2631 392 2693 Fabius
406 2631 552 2693 Maximus
575 2632 710 2708 captiuos
728 2631 766 2691 ab
780 2631 950 2692 Hannibale
963 2631 1188 2714 redempturus

216 2738 284 2779 curn
318 2721 453 2778 senatum
485 2715 522 2776 de
553 2715 700 2776 mittenda
730 2717 856 2793 pecunia
889 2715 1024 2776 dubitare
1057 2717 1186 2798 uideret,

214 2804 351 2876 fundum,
368 2821 456 2879 quem
470 2803 593 2861 unicum
608 2800 746 2876 habebat,
762 2801 899 2861 uendidit
916 2802 1036 2876 eiusque
1050 2804 1185 2876 pretium

213 2887 377 2949 Hannibali
398 2887 577 2946 numerauit.
1196 2901 1220 2942 aa

180 2983 197 3032 3
279 2970 316 3044 Q.
333 2970 492 3032 Considius
514 2973 584 3045 post
599 2967 746 3031 Catilinae
768 2969 909 3044 furorem,
933 2987 1000 3029 cum
1022 2970 1136 3033 centies
1152 2977 1183 3034 et

283 3173 298 3224 2
316 3167 444 3223 lucillum
461 3183 497 3223 m.
509 3171 526 3222 1
539 3167 549 3235 ΙΙ
566 3170 582 3220 5
599 3165 682 3222 immo
700 3182 718 3220 a
735 3165 868 3222 Cinnanis
885 3163 959 3222 Mai.
982 3165 1018 3232 cf.
1035 3164 1095 3224 Vol.
1108 3167 1118 3234 l
1130 3185 1181 3237 pe·

213 3237 251 3291 tit
273 3239 282 3304 l
303 3242 319 3291 6
337 3237 406 3304 quin
422 3237 528 3289 frustra
548 3236 558 3303 ΙΙ
581 3249 613 3288 ro
634 3236 712 3288 atum
730 3233 802 3300 Mai,
820 3249 921 3302 rogare
939 3233 1007 3299 cod„
1023 3248 1064 3288 on
1080 3249 1180 3304 rogare

215 3304 329 3372 coepit?
353 3303 364 3370 l
388 3307 404 3357 8
422 3302 516 3356 seuius
534 3305 598 3356 m.1
614 3251 633 3370 ᾗ
657 3307 689 3356 10
706 3301 871 3356 simulatum
890 3302 901 3369 ΙΙ
918 3306 948 3355 11
967 3300 1034 3367 fort.
1052 3316 1084 3354 co
1108 3303 1178 3379 stus

216 3385 283 3422 uero
303 3368 405 3422 Gertz·
443 3373 474 3422 16
492 3367 626 3424 scribenti.
644 3368 705 3423 oid.
725 3368 798 3422 alter
815 3369 919 3423 uadem
939 3383 968 3422 ee
986 3382 1038 3437 pro
1056 3383 1086 3423 re
1116 3370 1147 3424 tu
1165 3387 1180 3426 c

218 3434 290 3496 Vct,
306 3435 378 3498 'sort
397 3436 470 3488 ater
486 3439 587 3489 uadem
604 3451 657 3503 pro
675 3451 709 3490 eo
727 3451 755 3488 se
774 3435 809 3490 de
828 3437 886 3490 red.
905 3435 992 3490 Halm
1016 3437 1026 3503 ΙΙ
1050 3440 1081 3488 21
1101 3435 1179 3494 darei

215 3515 250 3554 m.
265 3499 351 3565 21122
370 3499 520 3567 ephesione
538 3507 563 3558 et
581 3508 614 3556 23
632 3502 791 3571 ephesionia
804 3505 813 3572 l
826 3510 860 3559 30
878 3502 1010 3559 annibale
1028 3507 1092 3562 m.1
