2562 3950
224 132 288 198 560
378 130 446 188 me.
456 129 529 186 vm.
549 128 627 185 cer.
642 135 666 197 1,
677 128 892 188 euroin-13.
910 129 1018 185 eamn.
1040 137 1125 187 1-e.
1252 18 1275 150 1

175 295 205 344 11
288 286 385 362 Ootte,
414 308 432 347 a
458 289 492 347 P.
516 287 656 364 Scipione
677 286 847 348 Aemiliano
875 289 955 365 apud
985 285 1130 366 [indices
1158 287 1211 370 ad]

224 373 369 450 populum
396 375 566 450 accusatus,
595 371 706 448 septies
728 372 821 432 dilato
843 372 954 433 indicio
977 376 1098 434 octauo
1122 375 1208 436 abso

223 458 307 517 lutus
330 462 386 533 est,
408 477 447 518 ne
468 457 623 518 uideretur
643 457 773 532 populus
797 457 936 517 damnato
953 456 1051 518 Cotta
1074 478 1145 520 non
1165 462 1209 519 in·
1273 465 1275 474 ’

225 543 336 602 dicium
356 561 445 604 suum
467 545 601 615 secutus,
624 541 676 601 sed
698 542 865 602 mansuetis
887 543 1122 605 auctoritatem.
1274 541 1275 550 ’

175 633 207 682 12
290 625 423 687 Calidius
446 626 642 688 Bononiensis
671 625 704 686 in
730 626 865 687 cubiculo
894 627 996 686 mariti
1026 631 1134 688 noctu
1161 629 1225 689 de⁵

224 730 360 788 prensus,
383 730 451 772 curn
474 713 512 772 ob
534 711 566 770 id
588 710 728 770 adulterii
743 711 855 771 diceret
870 729 1000 791 cansam,
1025 711 1206 772 adfirmauit

226 815 257 856 se
280 797 318 856 ob
342 815 473 876 amorem
494 796 582 872 pueri
604 795 667 856 eius
689 813 724 855 eo
747 815 811 856 esse
832 796 1022 872 perductum.
1048 799 1204 859 confessio
1273 857 1275 870 ,

225 881 362 956 quamuis
384 880 460 942 falsa
481 880 595 957 profuit
615 880 732 939 iuueni:
756 899 826 940 nam
848 880 1004 940 absolutus
1029 885 1090 941 est.

175 973 207 1023 13
289 964 365 1025 (lum
386 965 540 1041 parricidii
562 982 680 1025 causam
703 964 762 1024 duo
778 963 872 1024 Caelii
886 965 1020 1025 dicerent
1036 968 1202 1042 splendido

225 1050 403 1111 Tarracinae
424 1050 489 1127 loeo
511 1049 589 1122 nati,
614 1049 695 1127 quod
716 1052 800 1124 peter
822 1068 923 1109 eorum
946 1048 1070 1111 Caelius
1094 1053 1132 1112 in
1155 1065 1233 1114 ori-10

224 1134 324 1194 biculo
348 1137 513 1211 quiescens,
537 1134 607 1194 filiis
628 1135 661 1194 in
683 1133 779 1194 altero
801 1134 979 1196 cubantibus
1002 1136 1104 1209 laeto,
1137 1143 1202 1198 erat

225 1219 355 1295 occisus,
383 1223 545 1296 postquam
571 1219 727 1296 cognitum
755 1222 802 1278 est
828 1219 897 1279 illos
920 1222 1025 1295 aperto
1048 1223 1136 1282 ostio
1158 1224 1200 1282 in-

223 1307 330 1364 uentos
352 1321 415 1364 esse
438 1304 629 1376 dormientes,
653 1303 783 1363 absoluti
804 1299 886 1363 sunt.

173 1400 257 1442 namn.
289 1388 325 1448 L.
350 1389 450 1464 Scipio
476 1391 546 1465 post
573 1387 825 1464 speciosissimum
851 1389 1039 1464 triumphum
1064 1389 1103 1449 de
1129 1410 1200 1468 rege

190 1457 203 1502 ¹
223 1473 372 1534 Antiocho
396 1475 528 1550 ductum,
550 1472 675 1548 perinde
697 1490 730 1531 ac
744 1473 899 1548 pecuniam
914 1473 952 1533 ab
967 1492 1002 1533 eo
1017 1477 1197 1551 accepisset,
1210 1487 1228 1527 1⁵

224 1558 382 1618 damnatus
405 1561 459 1618 est.

189 1649 205 1698 ‘2
287 1640 321 1702 C.
345 1642 503 1720 Decianus,
526 1660 598 1702 oum·
615 1642 650 1701 P.
672 1641 798 1700 Furium
819 1660 874 1718 pro
895 1642 1003 1703 rostris
1026 1647 1195 1718 accusaret,

223 1745 312 1787 ausus
335 1728 370 1787 de
392 1729 488 1786 morte
512 1725 665 1786 Saturnini
688 1727 773 1802 queri
793 1727 918 1803 punitus
941 1729 998 1787 est.

191 1819 207 1868 3
289 1811 358 1872 Ser.
380 1811 479 1871 Titius
501 1811 548 1871 uir
569 1811 680 1887 populo
703 1815 816 1887 gratus,
841 1811 920 1887 quod
938 1811 1100 1872 Saturnini
1122 1815 1196 1874 ime·

100 1927 103 1933 ·
222 1897 324 1974 ginem
347 1897 427 1956 domi
449 1914 519 1957 snae
540 1895 695 1969 habuerat,
718 1912 878 1972 oppressus
899 1898 956 1958 est.
1207 1912 1228 1952 se

188 1986 205 2035 4
288 1975 414 2041 Claudia
429 1981 520 2057 Appii
542 1999 626 2041 soror
647 2000 664 2039 a
685 1980 765 2040 ludis
787 1982 939 2042 reuertens
962 1981 1086 2040 domum
1111 1987 1194 2059 opta·

222 2064 269 2123 uit
290 2069 324 2124 ut
345 2065 438 2124 freter
460 2084 532 2124 suus
553 2066 751 2124 reuiuesceret
774 2065 951 2141 saepiusque
972 2066 1080 2126 consul
1095 2067 1194 2128 faetus

223 2167 363 2225 magnam
389 2148 472 2209 urbis
501 2149 700 2226 frequentiam
728 2149 887 2210 minueret.
932 2149 971 2210 ob
999 2149 1031 2209 id
1052 2157 1195 2213 accusate
1267 2197 1273 2214 .

223 2233 422 2308 damnataque
445 2237 500 2294 est.

188 2325 204 2374 5
284 2319 324 2376 Μ.
337 2318 488 2395 Mundius,
513 2317 567 2378 Gn.
583 2318 709 2392 Lollius,
731 2318 768 2377 1..
781 2318 901 2379 Sextius
922 2319 1086 2395 triumuiri,
1110 2323 1193 2397 qnod
1205 2335 1225 2376 u

221 2403 259 2462 ad
280 2402 452 2463 incendium
474 2404 506 2462 in
528 2403 681 2463 sacrauia
703 2406 802 2463 ortum
817 2403 1055 2480 extinguendum
1070 2407 1193 2466 tardius

213 2491 374 2565 uenerant,
398 2508 415 2548 a
436 2489 567 2548 tribunis
589 2488 630 2564 pl.
654 2488 789 2547 damnati
812 2491 891 2548 sunt.
1270 2493 1271 2506 ¹

189 2579 204 2627 6
284 2574 318 2635 P.
342 2573 460 2633 Acilius
484 2572 624 2632 triumuir
647 2592 665 2631 a
685 2572 719 2631 P.
736 2573 834 2633 Acilio
858 2573 978 2633 tribuno
1000 2574 1043 2648 pl.
1068 2573 1191 2636 damna-
1269 2625 1270 2651 ,

222 2661 271 2718 tus
295 2660 350 2735 est,
374 2658 453 2735 quod
475 2658 595 2735 uigilias
616 2657 731 2717 tardius
753 2657 948 2718 circumierat.

188 2750 202 2797 ‘1
286 2743 327 2802 M.
355 2742 504 2802 Aemilius
532 2742 659 2802 Porcina
692 2762 709 2801 a
735 2742 770 2806 1..
800 2741 902 2802 Cassio
928 2742 1025 2802 multa
1052 2743 1189 2806 adfectus
1202 2759 1224 2800 eo
1268 2736 1269 2792 l

221 2833 272 2899 cst,
296 2828 375 2904 quod
398 2827 488 2886 nimis
510 2827 637 2887 sublime
659 2827 763 2886 uillam
785 2845 870 2886 snam
892 2829 1089 2887 exstruxerat.

188 2918 204 2966 8
288 2912 415 2983 Quidam
442 2913 527 2987 pueri
556 2911 601 2972 sui
622 2912 715 2972 nimio
745 2930 844 2972 amoro
866 2914 1033 2988 correptus,
1062 2917 1188 2991 rogatus

291 3116 302 3162 l
323 3109 430 3164 iudices
448 3108 485 3162 ad
502 3108 613 3177 inclusi,
649 3111 705 3165 uod
789 3113 820 3163 ot
838 3109 948 3165 emar.
971 3114 1007 3176 cf.
1020 3108 1091 3178 Vae,
1110 3112 1186 3180 apud

221 3177 328 3231 iudices
352 3177 500 3232 delendum
523 3192 592 3232 oenc.
647 3177 703 3232 αῐηι
732 3179 880 3246 [esuum
902 3192 962 3244 om,
984 3177 1077 3246 suppl.
1103 3178 1186 3234 Gertz
1265 3209 1266 3215 .

216 3261 248 3313 p.
260 3245 337 3312 2901
352 3250 383 3300 10
400 3244 506 3299 coelius
524 3245 646 3314 (dolel.)
659 3246 714 3314 122
733 3243 914 3300 reuiuisceret
930 3249 994 3300 Μ
1005 3247 1015 3314 1
1028 3252 1061 3300 23
1078 3246 1185 3303 minne-

221 3314 267 3367 rat
282 3316 349 3367 m.1
371 3315 381 3381 1
402 3317 436 3366 25
453 3311 578 3366 Muluius
595 3318 634 3368 est
650 3328 696 3381 cp.
718 3311 788 3379 Vol,
815 3329 855 3368 aa
871 3311 1050 3367 Mendicius?
1073 3313 1181 3384 Haloti

220 3380 347 3433 sextilius
365 3380 431 3438 add.
449 3394 536 3449 marc.
553 3381 613 3438 cod.
630 3382 640 3450 11
657 3386 689 3435 27
708 3386 735 3435 et
751 3387 785 3435 28
802 3383 838 3435 tr.
855 3382 894 3451 pl.
915 3382 925 3449 1
946 3385 979 3436 28
996 3380 1026 3438 P.
1045 3379 1182 3436 Villius-

221 3461 238 3497 a
255 3445 285 3499 P.
303 3447 417 3512 Aquilio
439 3447 501 3500 Vct.
513 3450 525 3514 11
537 3454 569 3501 29
587 3448 784 3502 circumierant
796 3449 805 3517 11
819 3455 850 3502 31
870 3451 913 3502 est
929 3447 994 3503 cdd.
1006 3448 1116 3517 Gestat
1134 3465 1181 3504 om.
1261 3465 1264 3506 l

221 3511 279 3564 cod.
299 3510 385 3563 Halm
398 3514 408 3577 1
421 3512 540 3566 sublime
557 3528 617 3580 coe,
634 3516 782 3569 sublimem
800 3515 962 3588 compilatos
975 3517 984 3584 1
998 3518 1182 3572 exeuuxerat
