2604 3960
213 175 274 239 178
626 169 691 226 nia.
710 169 771 228 1111.

211 327 306 390 beros
329 326 439 388 natam
461 321 725 418 nobilissimoque
746 321 854 406 gentis
884 322 951 386 eius
972 320 1106 419 Indibili
1129 322 1183 388 de-

211 430 362 558 sopp
371 408 573 558 111111
585 409 773 555 limbi
797 410 967 556 1111
985 406 1183 556 allati}

210 498 261 644 lii
283 516 418 644 illatum
441 514 531 654 erat,l
553 512 702 640 siimriiaii
718 513 801 644 dorii
826 513 984 639 adiecit.p
1017 596 1058 640 ua
1081 514 1183 641 cinti-

186 663 324 728 enentia
346 684 384 728 ac
405 659 625 726 munificentia
647 658 795 723 Indibilis
822 658 983 742 obligatus
1033 660 1183 726 eltibero

209 769 282 813 rum
305 747 428 812 animos
443 745 597 810 Romanis
613 743 803 828 adplicando
819 744 941 809 meritis
957 745 1024 808 eius
1040 745 1183 811 debitam

210 833 347 918 gratiam
369 831 488 896 retulit.

274 933 305 996 2.
334 931 456 998 Verum
471 932 508 994 ut
529 930 624 994 huius
646 930 709 993 uiri
725 928 941 994 abstinentiae
956 929 1048 994 testis
1064 928 1183 1014 Hispa-

210 1018 275 1101 nia,
297 1018 343 1080 ita
365 1015 408 1080 M.
426 1013 558 1080 Catonis
574 1013 701 1098 Epiros,
718 1014 852 1094 Achaia,
874 1013 1029 1096 Cyclades
1043 1012 1180 1100 insulae,

173 1117 198 1158 10
212 1100 374 1165 maritima
401 1120 475 1182 pars
498 1099 610 1182 Asiae,
632 1098 800 1183 prouincia
822 1096 956 1182 Cypros.
1000 1098 1085 1162 unde
1108 1120 1183 1163 cum

209 1183 366 1271 pecuniae
395 1183 609 1266 deportandae
641 1183 856 1247 ministerium
891 1183 1078 1263 sustineret,
1110 1186 1181 1247 tam

210 1289 359 1332 auersum
382 1270 525 1331 animum
548 1266 588 1332 ab
611 1267 699 1331 omni
721 1287 838 1332 uenere
860 1288 955 1350 quam
977 1268 1103 1332 alucro
1123 1266 1182 1332 ha-

210 1353 280 1416 buit
310 1352 344 1416 in
377 1352 517 1417 maxima
547 1352 713 1435 utriusque
746 1352 1014 1435 intemperantiae
1047 1353 1183 1416 materia

210 1438 371 1502 uersatus:
394 1459 469 1502 nam
493 1440 525 1502 et
545 1437 653 1521 regiae
669 1435 800 1501 diuitiae
815 1439 975 1519 potestate
990 1437 1091 1521 ipsius
1106 1458 1182 1501 con-

172 1520 375 1586 retinebatur
408 1526 440 1586 et
471 1522 688 1586 fertilissimae
726 1520 912 1584 deliciarum
944 1523 994 1585 tot
1026 1521 1181 1586 Graeciae

211 1606 305 1672 urbes
319 1607 499 1673 necessaria
514 1608 615 1671 totins
630 1605 850 1691 nauigationis
866 1604 1062 1670 deuerticula
1077 1610 1178 1671 erant.

210 1693 306 1776 atque
327 1692 360 1756 id
374 1691 539 1757 Munatius
554 1690 659 1755 Rufus
676 1689 851 1774 Cypriacae
868 1690 1081 1773 expeditionis
1096 1691 1180 1755 fidus

211 1797 316 1840 comes
339 1776 467 1859 scriptis
488 1776 554 1839 suis
575 1773 747 1858 significat.
775 1773 863 1838 cuius
879 1775 1099 1840 testimonium
1113 1796 1180 1839 non

210 1861 402 1943 amplector:
424 1859 538 1943 propio
561 1861 647 1922 enim
670 1862 860 1944 argumento
882 1859 952 1923 laus
974 1860 1037 1923 ista
1050 1859 1178 1943 nititur,

171 1962 197 2002 2⁰
211 1944 362 2092 quonian&
385 1965 423 2007 ex
446 1942 558 2008 eodem
574 1946 707 2008 naturae
729 1946 821 2007 utero
838 1945 871 2007 et
886 1943 1086 2008 continentia
1101 1948 1180 2010 nata

210 2035 259 2094 est
282 2031 315 2092 et
365 2030 427 2092 ato.

272 2129 303 2193 3.
327 2115 471 2192 Drusum
486 2128 584 2192 etiam
600 2127 839 2210 Germanicum,
860 2129 1008 2194 eximiam
1024 2128 1177 2196 Claudiae

208 2211 350 2277 familiae
372 2211 523 2309 gloriam,
530 2212 715 2296 patriaeque
744 2235 852 2278 rarum
879 2218 1118 2298 ornamentum,
1147 2222 1179 2281 et

210 2295 294 2380 quod
316 2317 411 2379 super
438 2316 547 2360 omnia
569 2300 631 2376 est,
662 2317 793 2380 operum
821 2318 950 2362 suorum
977 2320 1036 2382 pro
1064 2299 1178 2365 habitu
1280 2299 1281 2354 ἶ

173 2401 198 2440 as
212 2380 327 2446 aetatis
354 2381 575 2464 magnitudine
603 2382 719 2447 uitrico
746 2383 868 2466 pariter
890 2405 927 2448 ac
951 2382 1045 2448 fratri
1067 2385 1179 2470 Augu·
1280 2403 1281 2410 ¹

209 2465 267 2530 stis
296 2465 418 2528 duobus
447 2466 494 2530 rei
521 2466 667 2549 publicae
696 2467 815 2533 diuinis
844 2468 945 2532 oculis
973 2467 1106 2534 mirifice
1128 2491 1177 2534 re·

210 2548 437 2634 spondentem,
466 2550 612 2616 constitit
640 2573 733 2616 usum
761 2552 888 2616 ueneris
916 2553 1003 2616 intra
1030 2554 1178 2639 coniugis
1280 2605 1281 2622 i

210 2634 377 2700 caritatem
399 2633 542 2701 clausum
556 2636 707 2701 tenuisse.
737 2636 881 2700 Antonia
896 2658 1031 2720 quoque,
1055 2637 1178 2704 femina
1280 2687 1281 2692 η

209 2719 356 2784 laudibus
377 2719 503 2785 uirilem
517 2719 659 2785 familiae
675 2741 750 2786 suae
765 2721 945 2786 claritatem
959 2743 1176 2808 supergressa,

171 2823 196 2864 eo
210 2825 351 2871 amorem
372 2804 481 2870 mariti
503 2805 634 2890 egregia
654 2804 716 2870 fide
730 2806 895 2889 pensanit,
919 2827 1000 2889 quae
1021 2810 1096 2891 post
1111 2808 1179 2873 eius
1280 2897 1281 2904 ἵ

278 3013 290 3060 1
314 3007 433 3062 anesin
453 3007 505 3073 11,
537 3006 655 3061 indeuili
681 3009 752 3062 Par.
771 3009 790 3130 p
811 3008 973 3076 asponam
996 3009 1079 3075 nn,
1101 3009 1122 3068 1,
1146 3010 1178 3070 P.
1280 2995 1281 3014 ¹

209 3074 258 3128 des
280 3089 377 3128 oneam
393 3091 455 3129 mur
473 3089 488 3128 o
505 3076 533 3127 A
550 3076 560 3143 11
578 3081 593 3128 2
611 3089 712 3142 sponso
732 3076 770 3142 (se
807 3093 827 3129 n
843 3092 879 3132 m.
897 3081 913 3129 1
931 3092 953 3132 s.
971 3077 988 3131 l.
1018 3077 1045 3130 L
1061 3079 1071 3146 11
1088 3083 1103 3131 'l
1121 3079 1178 3131 ret—

208 3089 374 3197 reiterans
386 3143 396 3212 11
408 3147 424 3196 8
436 3091 610 3198 aistinentia
621 3143 681 3221 (sio)
692 3143 772 3196 testis
785 3143 814 3196 in
826 3143 956 3212 hispania
1008 3146 1018 3222 11
1038 3151 1068 3198 12
1080 3143 1179 3198 homni

209 3209 269 3275 (sed
285 3208 305 3262 h
322 3211 402 3276 eras)
420 3209 448 3264 L
471 3210 481 3278 11
506 3215 538 3263 13
556 3212 692 3264 materiae
710 3212 746 3264 Α1
771 3212 781 3279 11
807 3217 837 3265 11
859 3211 903 3265 tot
923 3211 1051 3281 graetrae
1067 3211 1111 3279 L,
1133 3215 1179 3266 tot

209 3275 338 3343 graeciae
357 3277 418 3345 (sic)
431 3277 485 3343 ΔΙ,
504 3277 558 3330 1ο1Ι
576 3275 710 3346 graecia*
721 3278 769 3344 A’,
787 3278 851 3332 tot*
868 3278 997 3348 graeciae
1009 3280 1056 3345 11³,
1076 3278 1101 3331 l'.
1116 3280 1178 3334 tota

208 3356 303 3412 urerpo
320 3344 361 3409 A,
379 3342 444 3409 fort.
462 3346 506 3399 tot
522 3363 540 3412 p
559 3345 700 3415 graeciam
718 3345 817 3410 Halm,
837 3351 867 3402 ct
884 3362 933 3402 aec
949 3362 1053 3402 rasura
1069 3351 1128 3400 arat
1145 3347 1179 3400 iu

208 3409 246 3462 Αί
261 3415 324 3476 post
345 3411 402 3477 tot,
425 3427 475 3468 uec
492 3417 612 3468 eatrerao
629 3413 686 3474 loco
703 3429 745 3482 m,
763 3414 810 3468 aad
829 3430 843 3469 e
862 3430 931 3469 erus.
956 3416 966 3483 11
991 3419 1023 3469 11
1046 3413 1177 3482 cypriace

209 3475 237 3530 L
249 3477 258 3544 11
276 3483 308 3531 11
326 3477 460 3545 Augustis
478 3479 610 3549 Pipleida,
629 3483 749 3549 augusto
767 3481 826 3535 LA
845 3483 855 3549 11
872 3488 904 3536 26
923 3483 1033 3536 duobus
1051 3480 1112 3549 regi
1128 3481 1177 3547 Αἱ,

211 3543 413 3598 duobuseasf
434 3546 458 3612 11
477 3547 508 3601 iu
525 3551 590 3616 raa.)
609 3549 636 3602 L
