2606 3952
194 175 235 242 86
628 170 695 226 nra.
715 171 749 226 11.

194 326 395 392 consulatum
417 324 577 410 deponere
600 323 719 411 coegit,
749 325 835 409 quod
858 327 963 389 castra
988 324 1055 388 cius
1076 324 1163 390 idom

194 411 304 477 hostes
327 409 543 476 obsederant?
565 408 736 495 indignum
759 410 844 473 enim
866 409 1005 474 maximo
1026 408 1162 494 imperio

195 496 332 562 eredidit
353 517 447 580 quem
470 515 538 560 non
560 494 759 578 enauimus,
788 493 951 558 confossa
978 492 1163 580 uallumque

193 585 299 647 tutum
327 581 548 664 praestiterat,
578 580 692 664 cuique
719 578 932 644 uerecundiae
959 599 1027 644 non
1055 578 1163 644 fuerat

167 684 284 732 sarma
304 664 452 731 Romana
473 668 563 729 metu
584 664 710 747 trepida
732 663 848 728 clausis
868 663 971 748 portis
993 665 1162 730 contineri.

194 772 272 838 ergo
297 749 551 835 imperiosissimi
572 755 625 809 XII
647 749 765 828 fasces,
799 769 899 832 penes
925 769 1004 832 qnos
1032 752 1162 814 senatus

193 840 226 902 et
248 835 404 920 equestris
427 834 549 900 ordinis
571 836 605 899 et
626 834 794 898 uniuersae
809 833 912 917 plebis
927 853 1088 898 summum
1111 833 1163 898 de·

193 942 250 987 cus
273 924 357 1002 erat,
390 940 589 1004 quorumque
610 922 692 984 nutu
714 917 842 983 Latium
865 939 903 982 ac
924 918 1026 982 totins
1047 917 1163 984 ltaliae

192 1005 280 1071 uires
301 1005 507 1090 regebantur,
531 1005 656 1069 contusi
678 1006 776 1088 atqwe
797 993 893 1067 fracti
914 1002 1105 1068 dictatoriae
1127 1023 1162 1068 sa

154 1107 180 1148 10
194 1090 466 1156 animaduersioni
493 1089 751 1154 substrauerunt:
781 1109 833 1166 ac,
865 1109 907 1152 ne
939 1087 1045 1153 inulta
1076 1088 1163 1154 foret

192 1176 280 1239 laesa
295 1174 400 1260 gloria
414 1173 571 1251 militaris,
595 1173 707 1238 consul
721 1172 831 1238 delicti
846 1173 953 1237 omnis
967 1171 1087 1238 uindex
1102 1194 1161 1256 pu·

191 1260 281 1324 nitus
296 1263 354 1326 est.
397 1257 460 1340 his,
483 1263 521 1323 ut
542 1258 589 1322 ita
607 1258 721 1336 dicam,
746 1257 891 1343 piaculis,
913 1256 1012 1339 Mars,
1034 1257 1161 1342 imperii

192 1343 296 1409 nostri
313 1347 414 1427 pater,
437 1343 493 1408 ubi
515 1343 623 1427 aliqua
637 1364 676 1407 ex
691 1347 783 1427 parte
806 1344 913 1441 atuis
935 1342 1087 1426 auspiciis
1098 1343 1163 1440 ‘de-

155 1427 1163 1598 ,⁵=ttttdttttttttttutttttttlttatfflllt

191 1597 332 1665 miniosa
354 1597 524 1664 consulum
546 1597 735 1663 eiuratione.

255 1683 285 1748 8.
324 1683 477 1748 Eiusdem
520 1682 641 1747 ordinis
683 1681 769 1768 qnod
810 1682 965 1766 sequitur.
1009 1681 1057 1746 Pa
1079 1682 1159 1746 irius

192 1766 341 1846 dictator,
376 1789 448 1834 cum
481 1767 633 1832 aduersus
667 1767 837 1852 imperium
871 1768 938 1831 eius
973 1764 1012 1842 Q.
1069 1766 1161 1831 abins

192 1849 362 1918 Rullianus
402 1852 555 1937 magister
591 1853 735 1936 equitum
777 1852 952 1916 exercitum
988 1851 1023 1916 in
1056 1851 1160 1916 aciem

154 1936 369 2016 seduxisset,
392 1958 583 2022 quamquam
606 1937 688 2001 fusis
710 1934 909 2002 Samnitibus
930 1937 965 2001 in
989 1938 1092 2000 castra
1113 1957 1163 2000 re·

192 2021 304 2104 dierat,
326 2024 436 2086 tamen
450 2043 554 2107 neque
575 2023 696 2086 uirtute
719 2023 786 2086 cius
808 2043 912 2105 neque
935 2041 1084 2086 successu
1106 2042 1162 2086 ne·

192 2127 254 2189 que
276 2107 446 2171 nobilitato
461 2110 569 2172 motus
589 2107 700 2193 uirgas
721 2106 864 2191 expediri
887 2127 1024 2189 eumque
1044 2104 1161 2170 nudari

191 2191 296 2255 iussit.
340 2211 359 2254 o
386 2191 602 2274 spectaculum
635 2191 839 2256 admirabile!
870 2195 903 2255 et
930 2189 1098 2255 Rullianus
1129 2193 1162 2256 ct

192 2276 348 2360 magister
374 2277 519 2361 equitum
540 2280 573 2342 et
599 2277 704 2341 uictor
725 2276 825 2341 scissa
847 2279 935 2340 ueste
958 2275 1161 2360 spoliatoque

154 2374 179 2415 2⁶
193 2380 323 2444 corpore
346 2360 496 2426 lictorum
517 2382 551 2426 se
572 2361 760 2426 uerberibus
775 2360 979 2426 lacerandum
999 2361 1161 2446 praebuit,

191 2453 228 2509 ut
241 2447 277 2510 in
289 2445 357 2510 acic
373 2450 582 2529 exceptorum
594 2446 764 2510 uulnerum
775 2445 906 2512 nodosis
920 2445 1037 2511 ictibus
1050 2466 1161 2511 cruore

192 2533 347 2594 renouato
370 2530 586 2609 uictoriarum,
609 2551 688 2615 quas
710 2530 804 2596 modo
826 2530 1076 2614 speciosissimas
1092 2534 1161 2597 erat

192 2614 343 2699 adeptus,
371 2615 483 2679 titulos
515 2618 726 2698 respergeret.
769 2616 919 2700 precibus
950 2615 1064 2680 deinde
1095 2616 1161 2680 suis

192 2700 350 2765 exercitus
378 2700 579 2765 occasionem
607 2699 709 2765 Fabio
739 2699 949 2798 confugiendi
980 2701 1014 2763 in
1047 2700 1160 2765 urbem

153 2797 179 2839 ³0
193 2784 289 2866 dedit,
313 2784 368 2849 ubi
383 2783 505 2849 frustra
520 2787 652 2850 senatus
667 2785 821 2850 auxilium
843 2784 1035 2868 mplorauit:
1059 2783 1162 2849 nihilo

102 2918 103 2924 1
192 2870 298 2940 minus
310 2869 396 2935 enim
411 2868 559 2953 Papirius
582 2871 617 2934 in
633 2869 791 2956 exigenda
805 2891 909 2955 poena
930 2870 1160 2954 perseuerauit.

190 2956 301 3040 itaque
329 2957 458 3020 coactus
487 2958 535 3020 est
563 2958 655 3039 pater
683 2954 750 3019 eius
777 2960 850 3040 post
878 2954 1070 3019 dictaturam
1098 2957 1162 3018 ter·

191 3041 337 3124 tiumque
361 3039 563 3106 consulatum
585 3061 654 3104 rem
676 3039 716 3104 ad
731 3041 885 3123 populum
900 3040 1055 3103 deuocare
1075 3039 1162 3104 auxi·

191 3123 335 3209 liumque
356 3124 561 3190 tribunorum
582 3124 671 3207 plebi
699 3125 833 3209 supplex
859 3144 917 3207 pro
944 3122 1012 3188 filio
1040 3126 1161 3207 petere.

260 3297 277 3345 4
294 3292 414 3346 tutius*
426 3293 466 3358 L,
485 3291 567 3347 tutti*
585 3295 651 3372 (qua
671 3307 738 3348 eros.
750 3292 822 3358 uid.)
834 3292 861 3344 A
874 3293 887 3370 ll
899 3297 928 3369 ¹..¹
946 3291 1023 3347 laesa
1043 3291 1085 3358 0²,
1104 3291 1163 3346 leta

193 3358 233 3424 L,
257 3358 337 3438 laeta
351 3362 378 3412 A
402 3362 412 3428 [1
436 3367 468 3414 12
493 3360 696 3429 piacul1L¹A1
720 3363 729 3438 u
755 3366 786 3413 13
810 3362 937 3437 ansp1t11s
955 3361 982 3413 A
1006 3361 1015 3428 ΙΙ
1041 3366 1072 3415 15
1094 3361 1163 3414 nata

195 3425 255 3479 LA
272 3424 282 3493 ΙΙ
299 3425 452 3496 filrornmq:
470 3430 510 3482 Αι
526 3431 536 3497 ΙΙ
554 3433 586 3482 16
605 3428 784 3482 seiunctione
804 3429 824 3494 (r
841 3443 908 3486 eros.
920 3428 992 3494 uid.)
1005 3429 1045 3494 A,
1064 3443 1164 3482 cunra-

192 3493 271 3546 tione
290 3491 317 3545 L
340 3495 350 3561 11
377 3499 407 3546 19
429 3501 505 3549 1123
527 3494 676 3550 rutilianus
698 3495 757 3549 LA
776 3494 865 3562 Pcr.²,
889 3495 956 3553 cdd.
978 3513 1005 3548 u.
1027 3493 1164 3550 rullianus
1269 3563 1288 3572 ..

193 3574 290 3630 maroc
307 3562 335 3614 A
353 3576 367 3614 e
384 3560 453 3619 Por.
467 3563 476 3629 l
490 3567 520 3617 31
539 3563 665 3631 papirius
683 3565 708 3627 (r
725 3564 758 3617 ia
776 3562 873 3620 litarat
891 3563 919 3616 A
1022 3621 1024 3624 ,

145 3843 287 3906 Α
