2608 3952
206 119 271 183 320
619 114 687 168 ne.
706 112 767 170 vn.

208 270 271 334 dici
286 269 403 335 debent
425 269 519 348 bona,
543 288 634 352 quae,
651 270 688 332 ut
702 266 898 331 inflictorum
914 266 1073 332 malorum
1089 290 1177 332 ama·
1269 345 1272 351 Ι
1288 325 1289 332 ,

207 353 350 418 ritudine
372 352 563 419 desiderium
586 353 636 418 sui
659 352 839 436 duplicent,
861 376 943 416 *a*
1285 333 1289 380 l

615 594 767 604 ..——--

436 760 606 834 LIBER
650 757 942 834 SEPTIMVS.

487 943 514 1007 Ι.
543 942 602 1007 ΒΕ
625 941 896 1010 FELICITATE.

182 1083 194 1124 a
270 1061 433 1127 Volubilis
466 1060 615 1125 fortunae
648 1061 805 1144 conplura
831 1061 977 1144 exempla
998 1062 1174 1141 retulimus,
1288 1055 1289 1062 ἵ

207 1148 392 1212 constanter
413 1146 573 1229 propitiae
588 1146 761 1210 admodum
776 1167 878 1229 pauca
891 1147 1016 1210 narrari
1031 1154 1175 1231 possunt.
1194 1176 1198 1189 ·

207 1252 270 1316 quo
291 1234 383 1314 patet
406 1252 476 1294 eam
498 1230 649 1294 aduersas
671 1251 722 1295 res
745 1230 861 1313 cupido
884 1230 993 1295 animo
1016 1231 1173 1316 infligere,
1288 1223 1289 1252 ¹

207 1315 364 1380 secundas
392 1335 488 1399 parco
515 1315 665 1382 tribuere.
709 1315 836 1398 eadem,
870 1315 926 1379 ubi
960 1317 1175 1400 malignitatis

208 1400 356 1472 obliuisci
378 1401 440 1465 sibi
462 1400 648 1483 imperauit,
672 1421 740 1463 non
762 1401 865 1464 solum
886 1400 1026 1483 plurima
1046 1423 1083 1466 ac
1111 1424 1175 1466 ma·

175 1485 316 1568 mxima,
340 1485 395 1550 sed
418 1485 514 1549 etiam
535 1490 691 1569 perpetua
714 1483 798 1548 bona
821 1485 978 1569 congerit.

274 1573 301 1639 1.
339 1569 512 1635 Videamus
543 1590 620 1654 ergo
654 1572 732 1653 quot
763 1569 916 1653 gradibus
947 1569 1175 1634 beneficiorum
1288 1619 1289 1622 ,

208 1654 243 1730 Q,
266 1653 432 1720 Metellum
456 1676 474 1717 a
496 1655 601 1738 primo
617 1654 751 1737 originis
775 1654 825 1718 die
848 1655 888 1718 ad
904 1654 1051 1718 ultimum
1074 1676 1176 1739 usque

208 1740 268 1804 fati
290 1742 418 1822 tempus
440 1761 617 1823 numquam
639 1742 782 1803 cessante
804 1739 1006 1823 indulgentia
1028 1739 1067 1802 ad
1091 1761 1177 1804 sum·

207 1845 296 1888 mum
318 1824 430 1888 beatae
452 1823 539 1887 uitae
561 1823 724 1888 cumulum
745 1822 940 1906 perduxerit.
990 1824 1081 1888 nasci
1104 1845 1176 1888 eum

171 1929 197 1970 15
210 1909 245 1972 in
268 1910 346 1972 urbe
368 1913 526 1973 terrarum
547 1908 693 1992 principe
715 1908 834 1988 uoluit,
858 1912 1010 1990 parentes
1033 1909 1062 1972 ei
1083 1909 1176 1972 nobi·
1288 1935 1289 1938 ¹

207 1993 346 2056 lissimos
368 1992 472 2072 dedit,
495 1992 613 2057 adiecit
635 1993 735 2056 animi
751 1993 930 2057 rarissimas
946 1994 1036 2058 dotes
1059 1998 1092 2057 et
1107 2015 1177 2058 cor-

205 2077 292 2160 poris
326 2075 425 2159 uires,
460 2081 497 2141 ut
525 2077 671 2141 sufficere
700 2077 864 2142 laboribus
891 2081 1013 2161 posset,
1042 2099 1175 2142 uxorem
1239 2091 1241 2100 ’

206 2160 362 2244 pudicitia
385 2165 417 2225 et
438 2162 633 2226 fecunditate
654 2162 860 2245 conspicuam
884 2162 1077 2245 conciliauit,
1100 2184 1177 2227 con·

208 2245 329 2309 sulatus
345 2247 457 2329 decus,
473 2247 711 2330 imperatoriam
727 2249 931 2329 potestatem,
948 2247 1176 2331 speciosissimi

279 2418 291 2465 1
311 2417 343 2467 ut
357 2419 485 2481 paruerat.
503 2414 551 2479 A²‚
571 2414 623 2468 del.
642 2414 811 2482 Tomentum
825 2416 885 2468 uim
902 2415 1025 2485 Maduip
1041 2415 1082 2469 II
1096 2418 1152 2470 327
1164 2416 1175 2484 ΙΙ
1288 2433 1289 2442 ’

206 2480 398 2538 amaritudine
420 2480 560 2535 desiderio
581 2481 625 2534 sni
651 2481 797 2550 duplicant
814 2483 854 2535 A²
872 2487 897 2537 et
914 2489 1018 2538 retento
1036 2485 1181 2538 coadunet.

206 2548 352 2618 duplicent
379 2549 541 2610 Torrentur,
573 2549 760 2602 amaritudine
787 2549 921 2604 desiderii
948 2551 991 2605 sui
1014 2551 1173 2672 duplicant
1288 2581 1289 2590 κ

204 2617 337 2738 Μαάωίὲ.
350 2618 368 2670 l.
385 2633 417 2683 c,
447 2616 580 2696 excidisse
598 2621 704 2684 putant
747 2633 809 2671 aera
831 2619 985 2697 sententiaa
1001 2621 1059 2697 Pp'p
1078 2620 1125 2673 ius
1150 2592 1182 2673 ct

204 2700 272 2740 racc,
291 2701 304 2738 e
325 2690 420 2748 atores,
439 2699 518 2752 quem
534 2700 575 2739 sec
592 2685 710 2762 supplere
732 2727 737 2738 .
757 2701 865 2739 censae:
887 2686 1106 2740 amantudmem
1125 2685 1178 2740 de-

204 2820 312 2874 animos
351 2820 512 2876 ormuloent.
548 2819 602 2873 alii
618 2752 1181 2941 Appeprdpu3bxllapldpfflfprrbppexlpppprppgn

203 2885 1176 3035 ΜΜΜΜΜΜΜ
1279 2967 1289 2998 .‡

204 3022 349 3090 complura
368 3024 432 3102 (θεᾷ.
444 3038 505 3077 com
523 3037 556 3076 aa
572 3027 638 3103 ras.)
658 3023 685 3076 A
697 3025 707 3091 ll
719 3023 880 3104 rettulimus
896 3025 936 3078 Α2
948 3024 1035 3079 Halm
1047 3026 1057 3092 ss
1070 3031 1085 3078 6
1105 3041 1174 3079 con·

96 3191 101 3204 ,
204 3091 897 3239 transcurreratraucarumu
910 3093 1181 3232 ΜΜ,

206 3228 236 3298 ll
256 3225 332 3289 quod
350 3224 418 3304 μ’
434 3227 444 3294 ΙΙ
457 3226 510 3280 zoa
530 3243 592 3278 rum
610 3243 637 3294 q.
655 3227 770 3280 metellu
790 3244 822 3281 ru
839 3243 896 3281 ras.
914 3229 941 3280 A
961 3228 1032 3307 11113Ι
1043 3231 1179 3285 cessante
1270 3227 1277 3242 '

206 3289 384 3355 indulgentia
400 3293 481 3345 L¹A¹
495 3295 506 3362 11
520 3298 551 3345 14
569 3294 699 3346 columen
717 3295 796 3361 Pure,
816 3295 927 3372 culmen
944 3296 1081 3365 Paphiam
1098 3301 1182 3374 atnoe.

205 3354 244 3407 ad
258 3370 288 3418 p.
307 3361 368 3421 108,
381 3363 417 3412 12
437 3360 447 3426 ΙΙ
470 3366 501 3413 15
520 3360 586 3413 orbe
605 3360 683 3424 Lm,
701 3362 770 3415 urbe
789 3362 864 3415 orbis
882 3363 1063 3417 Kellerbauer
1075 3365 1085 3431 ΙΙ
1097 3381 1182 3432 prm-

207 3435 298 3485 crpem
316 3421 386 3499 LA¹
411 3427 420 3491 ΙΙ
445 3432 477 3480 17
495 3427 610 3502 Ροεείιιίςὶ
622 3429 699 3490 LA¹‚
719 3431 834 3497 possent
851 3430 899 3495 ΑΒ,
918 3447 965 3484 em.
982 3431 1153 3487 Perizonius
1168 3435 1180 3502 ll

208 3488 239 3536 18
257 3485 411 3551 pudrcrtrae
430 3492 466 3544 L¹
487 3498 519 3560 et,
539 3499 571 3548 at
588 3493 658 3560 uid,
676 3496 713 3547 Α1

205 2752 308 2806 siderio
333 2752 376 2805 sui
399 2751 555 2820 duplicent,
583 2752 620 2804 ah
