2590 3948
493 168 712 227 rnnsrnrro.
996 133 1085 226 xnus

120 322 275 387 mirabilis
304 322 398 390 istius
425 321 648 386 consensionis
685 323 829 407 exempla
861 323 896 388 in
930 323 1086 390 uarietate

118 408 295 491 scripturae
312 410 445 471 enotata
466 406 562 470 facile
584 406 739 471 inuenies.

179 492 269 567 Quae
293 513 365 556 eum
386 491 433 555 ita
455 490 531 570 sint,
553 489 740 556 adducimur
755 491 935 557 necessario
952 492 992 555 ad
1014 513 1084 557 eam

116 577 324 653 sententiam,
354 580 390 640 ut
411 574 603 639 arbitremur
625 581 682 640 aut
711 597 749 640 ox
771 577 841 659 ipso
864 575 1084 642 Laurentiano

115 665 171 725 aut
182 683 220 725 ex
231 660 416 745 apographo
432 661 499 724 eius
511 660 669 743 originem
682 661 818 725 traxisse
833 660 976 725 codicem
991 660 1083 724 illum

116 745 415 828 Guelferbytanum.
460 765 499 808 ex
519 765 556 810 cc
580 748 686 810 autem
708 745 811 809 multa
833 744 992 809 translata
1014 727 1113 822 esset

114 832 148 895 in
182 832 318 894 alterum
352 828 596 894 Berolinensem
631 827 715 915 (D),
752 850 888 914 quocum
925 829 1084 894 affinitate

114 916 252 998 quadam
275 914 444 979 cohaerere
468 913 610 994 uidetur,
637 914 760 978 nemini
783 915 899 978 mirum
922 913 1085 977 uidebitur
1183 918 1190 930 '

113 1002 279 1083 reputanti
302 1020 356 1064 eos
378 1002 503 1063 ueteres
527 999 716 1082 scriptores,
745 999 800 1083 qui
822 998 1082 1082 frequentissime

20 1129 21 1132 κ
114 1105 321 1168 peromnem
343 1084 481 1148 mediam
503 1086 640 1147 aetatem
668 1083 912 1161 lectitabantur,
944 1085 989 1147 ita
1016 1083 1085 1166 ple-

113 1171 843 1336 dettPttttttdtttttttttat
862 1167 1083 1335 teneat?

114 1339 271 1402 adderent
293 1359 373 1421 quae
395 1337 621 1421 praetermissa
642 1337 838 1416 uiderentur,
861 1337 1012 1420 deinceps
1028 1337 1085 1401 alii

113 1423 263 1488 homines
295 1422 442 1506 exempla
469 1422 515 1486 ita
544 1422 712 1486 emendata
740 1421 851 1486 eadem
879 1423 929 1485 usi
956 1421 1098 1486 ratione·

114 1509 342 1572 describerent.
369 1510 486 1589 quotus
508 1509 617 1570 autem
637 1505 772 1589 quisque
787 1506 872 1570 iuter
887 1507 1082 1570 recentiores

113 1592 237 1657 Valerii
258 1592 358 1656 libros
375 1594 434 1673 est,
457 1591 513 1674 qui
528 1611 594 1654 non
609 1590 688 1654 istas
706 1593 921 1654 correctorum
938 1594 970 1654 et
984 1591 1082 1654 inter·

114 1677 298 1760 palatorum
331 1675 467 1740 audaces
504 1696 619 1739 manus
655 1695 826 1758 perpessus
863 1675 930 1739 sit?
975 1675 1082 1757 itaque

20 1839 23 1848 .
114 1763 230 1826 decimi
258 1761 313 1844 qui
340 1761 514 1844 putabatur
538 1758 661 1824 Valerii
694 1759 769 1823 libri
805 1763 902 1842 caput
935 1757 1014 1822 illud
1045 1758 1083 1824 de

112 1847 332 1929 praenomine,
356 1845 440 1929 quod
463 1845 498 1908 in
521 1866 620 1927 parua
637 1843 791 1908 schedula
807 1843 910 1908 codici
926 1842 1086 1914 Berneusi

112 1931 258 2014 praefixa
280 1934 312 1994 et
333 1931 369 1994 in
391 1931 542 1993 extremis
564 1928 704 1992 eiusdem
722 1929 810 1994 foliis
827 1928 905 1993 olim
920 1929 1084 2013 integrum

113 2038 133 2078 a
155 2016 262 2080 scriba
285 2016 363 2079 satis
386 2016 519 2098 antiquo
536 2012 696 2078 adiectum
718 2012 829 2091 fuisse,
851 2035 939 2078 nunc
955 2013 1084 2077 defectu

114 2100 211 2164 unius
233 2099 305 2164 folii
335 2099 441 2163 auulsi
469 2098 693 2162 detruncatum
722 2101 831 2162 extare
860 2097 955 2162 docui
977 2098 1011 2161 in
1035 2096 1085 2163 ed.

115 2207 189 2249 mea
213 2185 287 2248 mai.
300 2183 391 2266 p.79,
408 2184 442 2247 iu
459 2203 562 2267 pauca
577 2183 733 2266 quaedam
747 2183 927 2247 recentiora
943 2182 1090 2265 exempla

115 2291 133 2333 e
155 2269 314 2334 Beruensi
336 2269 529 2332 translatum
553 2271 691 2331 estante
707 2288 803 2350 quam
817 2267 872 2330 ille
887 2267 972 2331 hanc
988 2288 1085 2350 quam

116 2354 183 2426 dixi
198 2354 356 2417 iacturam
367 2352 506 2435 fecisset,
522 2352 612 2416 uelut
627 2353 662 2415 in
675 2351 783 2436 Pighii
796 2351 920 2416 codices
932 2349 1085 2416 Sambuci

115 2442 147 2502 et
162 2438 386 2520 Campensem,
410 2439 445 2501 in
460 2436 606 2500 Torrenii
629 2436 814 2501 Parisinum
836 2437 985 2520 primum,
1010 2435 1084 2500 Lei-

116 2523 247 2587 densem
269 2523 413 2604 tertium,
444 2521 694 2587 Vltraiectinum
715 2521 906 2605 secundum,
936 2522 971 2585 in
994 2520 1085 2598 alios,

74 2673 77 2678 ,
115 2609 207 2672 uelut
229 2608 263 2670 in
280 2606 523 2671 Berolinensem
538 2605 731 2670 deteriorem
748 2605 808 2687 (D)
825 2606 937 2670 eodem
954 2627 1085 2688 prorsus

115 2714 179 2775 quo
208 2693 243 2755 in
274 2692 430 2756 Beruensi
459 2691 584 2755 defectu
613 2691 812 2772 mutilatum,
842 2712 947 2773 neque
975 2695 1086 2754 tamen

115 2777 169 2842 hic
189 2778 288 2840 codex
305 2776 371 2840 ulla
385 2775 493 2860 prodit
508 2775 638 2840 artioris
653 2775 821 2838 affinitatis
837 2797 910 2839 cum
927 2773 1087 2837 Beruensi

116 2861 264 2946 uestigia.
310 2883 406 2944 quam
435 2861 476 2926 ob
503 2881 572 2924 rem
601 2881 673 2924 cum
707 2861 741 2924 in
770 2860 821 2924 his
850 2859 1085 2923 recentioribus

19 2979 21 2990 ν
115 2947 207 3010 libris
236 2967 359 3010 smcera
385 2945 506 3010 indicia
534 2944 669 3030 originis
697 2967 765 3009 non
793 2942 1085 3028 deprehendantur,

117 3032 186 3095 fieri
209 3030 264 3094 uix
287 3034 394 3114 potest
417 3033 453 3095 ut
470 3034 575 3093 certae
590 3030 708 3112 stirpes
725 3049 762 3093 ac
776 3028 918 3092 familiae
934 3029 969 3091 in
985 3027 1086 3092 mixto

115 3115 178 3180 hoo
202 3137 320 3199 genere
344 3116 590 3179 constituantur.
634 3115 824 3198 conspirant
845 3113 1008 3177 interdum
1029 3133 1085 3176 no-

116 3201 249 3264 tabilius
277 3201 362 3264 inter
384 3222 418 3264 se
445 3199 534 3263 codd.
560 3199 588 3262 D
612 3203 645 3263 et
667 3202 702 3280 Γ,
729 3200 807 3262 item
837 3197 984 3262 meliores
1009 3196 1085 3261 Vin·

19 3357 22 3364 ,
117 3282 354 3350 dobonensisB
377 3291 409 3349 et
430 3283 650 3348 Berolinensis
672 3283 707 3363 0,
740 3304 876 3366 quorum
898 3282 1085 3356 testimonii,

118 3374 213 3434 antea
231 3363 316 3433 'non
357 3368 528 3453 spernendi
566 3369 606 3432 ad
640 3366 855 3452 explorandas
893 3367 1018 3432 litteras
1055 3370 1088 3431 et

119 3476 213 3519 uoces
247 3453 389 3518 radendo
416 3455 451 3518 in
480 3454 637 3518 Beruensi
667 3453 804 3535 deletas,
837 3474 925 3518 nunc
958 3453 1086 3517 detecto

19 3591 21 3614 ,
119 3540 300 3624 antiquiore
323 3544 354 3603 et
377 3538 553 3624 integriore
578 3538 635 3603 illo
658 3538 741 3603 libro
758 3537 976 3603 Laurentiano
992 3537 1086 3601 uaide
1128 3560 1136 3575 ⁸
