2606 3952
200 210 242 274 80
623 206 690 260 me.
707 205 744 259 11.

199 362 281 426 tales
303 382 381 428 esse.
425 361 562 424 dicerem
585 358 716 439 stultos,
743 359 806 423 nisi
834 359 919 423 idem
947 358 1071 424 bracati
1099 382 1170 425 sen-

201 447 334 525 sissent,
358 446 441 530 quod
463 444 615 528 palliatus
637 443 837 529 Pythagoras
859 443 1004 508 credidit

266 532 316 594 11.
354 533 464 594 Auara
486 534 519 594 et
539 529 736 594 feneratoria
759 527 927 594 Gallorum
948 528 1171 612 philosophia,

201 615 317 680 alacris
340 619 373 679 et
393 615 488 680 fortis
511 612 714 680 Cimbrorum
736 618 769 677 et
788 612 1034 692 Celtiberorum,
1058 617 1114 697 qui
1135 615 1173 679 in

174 701 270 765 secie
292 700 411 785 gaudio
434 699 624 764 exultabant
644 704 808 781 tamquam
824 698 963 783 gloriose
985 703 1018 763 et
1031 699 1173 764 feliciter

201 786 269 850 uita
290 783 459 861 excessuri,
483 783 746 848 lamentabantur
767 784 804 846 in
825 783 937 848 morbo
960 784 1054 866 quasi
1068 788 1174 868 turpi·

199 875 249 935 ter
271 875 304 934 et
325 868 554 933 miserabiliter
580 867 722 952 perituri
768 865 923 932 Celtiberi
952 868 1050 932 etiam
1078 869 1172 934 nefas

201 975 270 1019 esse
292 954 453 1019 ducebant
473 952 597 1036 proelio
624 973 805 1036 superesse,
834 973 907 1018 cum
934 953 962 1016 is
989 954 1171 1036 occidisset,

199 1061 260 1126 pro
283 1038 372 1103 cuius
387 1038 492 1102 salute
507 1037 655 1121 spiritum
671 1037 878 1102 deuouerant.
909 1036 1068 1102 laudanda
1083 1043 1171 1103 utro-

163 1141 188 1182 ιο
200 1144 334 1206 rumque
357 1122 577 1206 [populorum]
601 1122 702 1186 animi
723 1122 918 1204 praesentia,
948 1123 1033 1205 quod
1062 1127 1095 1187 et
1115 1145 1172 1222 pa·

200 1209 282 1272 triae
303 1207 558 1271 incolumitatem
571 1206 701 1270 fortiter
719 1207 831 1290 [tueri]
848 1212 881 1272 et
895 1206 992 1272 fidem
1008 1208 1172 1274 amicit1ae

202 1295 387 1357 constanter
407 1291 633 1375 praestandam
657 1291 906 1358 arbitrabantur.

268 1376 318 1440 12.
350 1375 506 1440 Thraciae
528 1397 604 1440 uero
626 1375 683 1440 illa
704 1376 795 1440 natio
818 1377 932 1441 merito
960 1377 1023 1440 sibi
1045 1377 1171 1461 sapien-

201 1461 265 1525 tiae
287 1460 412 1525 laudem
435 1461 666 1539 uindicauerit,
689 1481 771 1544 quae
792 1460 917 1526 natales
931 1460 1101 1526 hominum
1114 1462 1171 1526 fle-

163 1562 189 1604 11
202 1546 327 1628 biliter,
356 1546 506 1629 exequias
529 1566 602 1610 cum
623 1545 787 1610 hilaritate
809 1545 975 1611 celebrans
1002 1547 1072 1611 sine
1094 1547 1171 1612 ullis

201 1632 367 1696 doctorum
388 1632 571 1715 praeceptis
593 1651 705 1695 uerum
734 1630 932 1695 condicionis
960 1638 1092 1696 nostrae
1113 1631 1171 1697 ha·

201 1717 302 1781 bitum
319 1715 471 1799 peruidit.
498 1719 701 1780 remoueatur
714 1715 823 1798 itaque
845 1716 1002 1780 naturalis
1025 1718 1172 1782 omnium

201 1801 389 1865 animalium
417 1800 552 1865 dulcedo
579 1800 680 1882 uitae,
707 1821 789 1884 quae
816 1800 917 1866 multa
945 1805 979 1864 et
1005 1799 1111 1867 facere
1139 1815 1173 1867 et

202 1886 270 1970 pati
297 1886 435 1969 turpiter
463 1885 566 1969 cogit,
602 1885 629 1949 si
657 1888 729 1948 ortu
758 1885 826 1949 eius
854 1885 1019 1970 aliquanto
1047 1886 1173 1952 felicior

167 1987 192 2028 ao
206 1991 245 2035 ac
267 1969 390 2034 beatior
410 1969 485 2033 finis
507 1969 693 2053 reperietur.

271 2053 319 2118 13.
343 2053 501 2129 Quocirca
523 2058 609 2119 recte
625 2053 730 2137 Lycii,
753 2074 825 2118 cum
848 2053 897 2118 his
920 2054 1023 2119 luctus
1045 2055 1171 2140 incidit,

203 2138 392 2203 muliebrem
420 2143 544 2204 uestem
570 2140 726 2220 induunt,
761 2142 798 2201 ut
830 2139 1034 2204 deformitate
1068 2141 1173 2206 cultus

203 2223 354 2288 commoti
375 2224 532 2288 maturius
552 2224 686 2288 stultum
700 2223 843 2306 proicere
857 2245 1035 2289 maerorem
1056 2225 1170 2292 uelint.

270 2309 319 2370 14.
362 2306 485 2373 Verum
506 2308 582 2393 quid
610 2328 671 2393 ego
694 2307 883 2373 fortissimos
905 2308 968 2374 hoc
995 2310 1029 2373 in
1052 2331 1172 2394 genere

165 2407 191 2449 2⁵
204 2393 393 2476 prudentiae
422 2393 508 2457 uiros
531 2392 679 2458 laudem?
716 2393 930 2476 respiciantur
950 2394 1103 2459 Indorum
1125 2397 1172 2459 fe·

270 2635 283 2682 1
302 2629 413 2684 bracati
446 2628 513 2684 cdd.
532 2627 676 2682 bracmani
698 2641 793 2697 margo
815 2628 842 2681 L
864 2630 874 2697 ΙΙ
895 2630 1047 2684 sensissent
1068 2645 1172 2687 eorm

201 2695 348 2751 sensissem
365 2698 394 2750 A
438 2702 453 2750 1
471 2695 612 2766 palleatus
630 2696 710 2749 L²A¹
729 2698 739 2764 n
756 2695 930 2764 phytagoras
949 2697 1007 2750 LA
1029 2699 1039 2765 ΙΙ
1059 2705 1076 2752 4
1095 2715 1171 2767 cym-

200 2765 316 2820 brorum
333 2765 361 2818 L
385 2765 395 2834 ll
419 2771 434 2820 '1
452 2763 574 2818 nefssas
597 2764 622 2832 (f
642 2769 697 2817 ets
719 2781 754 2818 m.
772 2765 801 2832 2)
821 2763 848 2816 L
871 2766 881 2833 ΙΙ
907 2770 937 2819 10
956 2781 992 2834 po
1014 2767 1114 2820 ulords
1131 2771 1166 2830 A,

200 2832 425 2902 populorumque
444 2832 484 2895 L,
503 2832 592 2903 ulcera
604 2831 663 2889 rid.
676 2830 803 2891 Halmio.
823 2847 869 2901 epu
885 2833 990 2887 inclusi
1025 2835 1171 2902 praestan-

200 2902 243 2956 tia
259 2901 346 2955 Halm
363 2917 425 2955 cars
443 2899 505 2955 edd.
523 2904 598 2965 cett,
616 2904 647 2952 at
663 2916 692 2953 r.
711 2899 771 2953 ΙΙΙ
784 2903 811 2965 7,
827 2903 845 2954 5
862 2905 888 2954 et
910 2899 955 2953 VI
968 2904 994 2966 8,
1013 2904 1030 2955 3
1051 2901 1061 2969 ll
1079 2909 1109 2954 11
1128 2903 1171 2956 in·

201 2969 393 3023 colomitatem
421 2968 456 3021 L*
467 2969 505 3022 A¹
531 2969 540 3036 l
564 2966 639 3020 tueri
670 2967 817 3022 delendum
843 2983 898 3022 esse
923 2967 1058 3023 uideram
1088 2969 1173 3026 Gertz

197 3051 228 3103 p.
239 3040 307 3102 266,
327 3042 352 3090 et
365 3034 485 3106 Weaslcy
499 3052 528 3104 p.
540 3039 571 3097 4,
590 3035 650 3088 sire
663 3035 743 3090 emas
759 3034 859 3100 Halm,
877 3037 1013 3089 tuendam
1031 3036 1172 3094 Barthirs

203 3105 215 3174 ΙΙ
239 3113 268 3160 13
287 3104 407 3174 Thracia
425 3104 457 3158 ia
474 3119 530 3158 rar.
550 3104 589 3167 A,
607 3100 723 3157 Traciae
740 3102 780 3168 L,
797 3103 862 3168 fort.
880 3101 1038 3158 Thraecum
1056 3105 1168 3176 Hulml

203 3178 234 3226 15
242 3172 367 3226 ilaritate
375 3173 411 3224 A¹
425 3173 435 3240 ΙΙ
448 3171 593 3226 celebrans
602 3186 697 3239 usurpo
707 3175 731 3224 L
741 3171 806 3225 dett.
816 3175 893 3237 cett,
904 3170 1093 3226 celebratLA
1105 3173 1172 3234 dett

201 3253 282 3304 orna,
299 3238 433 3293 celebrat.
457 3238 523 3292 Sine
542 3239 692 3293 Torrentur
704 3240 714 3306 ss
729 3244 759 3291 16
778 3237 945 3293 conditionis
956 3239 1007 3307 All
1022 3246 1052 3293 19
1070 3240 1093 3293 si
1106 3244 1171 3296 ortu

201 3307 381 3372 Perizonius,
401 3306 424 3359 si
441 3307 499 3360 iam
517 3309 580 3360 ortu
598 3320 695 3360 uereor
711 3323 746 3360 rae
762 3320 821 3359 rore
840 3306 928 3360 latire
945 3306 1019 3361 idem
1036 3313 1062 3361 et
1073 3307 1169 3378 Halm,

202 3373 226 3428 si
244 3389 278 3426 ea
294 3377 408 3428 mortua
425 3374 499 3438 LA,
518 3373 656 3442 siquidem
674 3374 731 3426 iam
750 3375 813 3426 ortu
833 3373 985 3430 Eberhard
999 3391 1028 3443 p.
1041 3379 1092 3429 161
1110 3379 1170 3434 coll.

201 3441 261 3505 ΙΙ,
281 3443 331 3504 12,’
348 3445 374 3508 5,
392 3444 425 3506 7,·
442 3445 469 3508 8,
487 3444 506 3496 2
524 3447 549 3495 et
568 3446 621 3497 ext.
639 3441 754 3508 10,·11,
771 3445 797 3507 7,
816 3444 868 3506 12;
886 3445 967 3505 10,·2
987 3443 997 3520 l
1016 3449 1049 3497 20
1067 3461 1171 3514 respe-

201 3507 291 3561 rietur
309 3507 366 3560 LA
379 3509 389 3574 ΙΙ
403 3515 433 3560 21
454 3508 493 3561 eis
508 3509 587 3576 Par,
604 3509 640 3562 iis
657 3509 744 3563 Halm
757 3508 767 3577 ll
780 3515 812 3562 23
831 3511 994 3563 commoniti
1012 3511 1051 3564 11ε
1064 3513 1074 3580 ΙΙ
1087 3513 1171 3581 proii-

202 3589 265 3628 cere
284 3573 321 3626 L¹
335 3575 345 3640 11
359 3581 391 3626 'lo
409 3573 559 3628 hindorum
574 3576 601 3630 L
