<?xml version="1.0" encoding="UTF-8"?>
<!DOCTYPE html PUBLIC "-//W3C//DTD XHTML 1.0 Transitional//EN"
    "http://www.w3.org/TR/xhtml1/DTD/xhtml1-transitional.dtd">
<html xmlns="http://www.w3.org/1999/xhtml" xml:lang="en" lang="en">
 <head>
  <title>
</title>
<meta http-equiv="Content-Type" content="text/html;charset=utf-8" />
  <meta name='ocr-system' content='tesseract 3.04.00' />
  <meta name='ocr-capabilities' content='ocr_page ocr_carea ocr_par ocr_line ocrx_word'/>
</head>
<body>
  <div class='ocr_page' id='page_1' title='image "./valeriimaximifa00nepogoog_0477.png"; bbox 0 0 2550 3958; ppageno 0'>
   <div class='ocr_carea' id='block_1_1' title="bbox 167 150 739 218">
    <p class='ocr_par' dir='ltr' id='par_1_1' title="bbox 167 150 739 218">
     <span class='ocr_line' id='line_1_1' title="bbox 167 150 739 218; baseline 0.009 -16"><span class='ocrx_word' id='word_1_1' title='bbox 167 153 232 218; x_wconf 81' lang='lat'><strong>436</strong></span> <span class='ocrx_word' id='word_1_2' title='bbox 564 150 633 210; x_wconf 81' lang='lat' dir='ltr'><strong>nis.</strong></span> <span class='ocrx_word' id='word_1_3' title='bbox 653 150 739 208; x_wconf 81' lang='lat' dir='ltr'><strong>vim.</strong></span> 
     </span>
    </p>
   </div>
   <div class='ocr_carea' id='block_1_2' title="bbox 133 301 1148 2175">
    <p class='ocr_par' dir='ltr' id='par_1_2' title="bbox 169 301 1145 642">
     <span class='ocr_line' id='line_1_2' title="bbox 232 301 1144 388; baseline 0.003 -21"><span class='ocrx_word' id='word_1_4' title='bbox 232 303 264 367; x_wconf 72' lang='lat'><strong>4.</strong></span> <span class='ocrx_word' id='word_1_5' title='bbox 286 301 375 366; x_wconf 77' lang='lat' dir='ltr'><strong>Talis</strong></span> <span class='ocrx_word' id='word_1_6' title='bbox 390 302 459 366; x_wconf 90' lang='lat' dir='ltr'><strong>irae</strong></span> <span class='ocrx_word' id='word_1_7' title='bbox 473 307 579 367; x_wconf 90' lang='lat' dir='ltr'><strong>motus</strong></span> <span class='ocrx_word' id='word_1_8' title='bbox 594 306 651 368; x_wconf 88' lang='lat' dir='ltr'><strong>aut</strong></span> <span class='ocrx_word' id='word_1_9' title='bbox 666 303 870 388; x_wconf 89' lang='lat' dir='ltr'><strong>singulorum</strong></span> <span class='ocrx_word' id='word_1_10' title='bbox 884 308 942 368; x_wconf 88' lang='lat' dir='ltr'><strong>aut</strong></span> <span class='ocrx_word' id='word_1_11' title='bbox 962 324 1144 387; x_wconf 87' lang='lat' dir='ltr'><strong>paucorum</strong></span> 
     </span>
     <span class='ocr_line' id='line_1_3' title="bbox 169 387 1145 474; baseline 0.003 -22"><span class='ocrx_word' id='word_1_12' title='bbox 169 388 323 452; x_wconf 88' lang='lat' dir='ltr'><strong>aduersus</strong></span> <span class='ocrx_word' id='word_1_13' title='bbox 337 387 493 471; x_wconf 91' lang='lat' dir='ltr'><strong>populum</strong></span> <span class='ocrx_word' id='word_1_14' title='bbox 506 388 710 454; x_wconf 86' lang='lat' dir='ltr'><strong>uniuersum:</strong></span> <span class='ocrx_word' id='word_1_15' title='bbox 726 387 944 452; x_wconf 89' lang='lat' dir='ltr'><strong>multitudinis</strong></span> <span class='ocrx_word' id='word_1_16' title='bbox 959 409 1038 474; x_wconf 81' lang='lat' dir='ltr'><strong>erga</strong></span> <span class='ocrx_word' id='word_1_17' title='bbox 1051 390 1145 474; x_wconf 91' lang='lat' dir='ltr'><strong>prin-</strong></span> 
     </span>
     <span class='ocr_line' id='line_1_4' title="bbox 170 466 1145 556; baseline 0.002 -19"><span class='ocrx_word' id='word_1_18' title='bbox 170 474 257 556; x_wconf 81' lang='lat' dir='ltr'><strong>cipes</strong></span> <span class='ocrx_word' id='word_1_19' title='bbox 285 466 323 536; x_wconf 79' lang='lat' dir='ltr'><strong>a&#39;c</strong></span> <span class='ocrx_word' id='word_1_20' title='bbox 351 473 449 537; x_wconf 85' lang='lat' dir='ltr'><strong>duces</strong></span> <span class='ocrx_word' id='word_1_21' title='bbox 477 472 547 536; x_wconf 90' lang='lat' dir='ltr'><strong>eius</strong></span> <span class='ocrx_word' id='word_1_22' title='bbox 574 473 673 537; x_wconf 92' lang='lat' dir='ltr'><strong>modi.</strong></span> <span class='ocrx_word' id='word_1_23' title='bbox 721 471 847 536; x_wconf 89' lang='lat' dir='ltr'><strong>Manlio</strong></span> <span class='ocrx_word' id='word_1_24' title='bbox 880 471 1044 556; x_wconf 77' lang='lat' dir='ltr'><strong>Torquato</strong></span> <span class='ocrx_word' id='word_1_25' title='bbox 1073 496 1145 539; x_wconf 88' lang='lat' dir='ltr'><strong>am-</strong></span> 
     </span>
     <span class='ocr_line' id='line_1_5' title="bbox 169 556 1145 642; baseline 0.001 -20"><span class='ocrx_word' id='word_1_26' title='bbox 169 557 350 642; x_wconf 86' lang='lat' dir='ltr'><strong>plissimam</strong></span> <span class='ocrx_word' id='word_1_27' title='bbox 372 560 405 622; x_wconf 88' lang='lat' dir='ltr'><strong>et</strong></span> <span class='ocrx_word' id='word_1_28' title='bbox 425 556 691 641; x_wconf 76' lang='lat' dir='ltr'><strong>gloriosissimam</strong></span> <span class='ocrx_word' id='word_1_29' title='bbox 713 578 754 621; x_wconf 85' lang='lat' dir='ltr'><strong>ex</strong></span> <span class='ocrx_word' id='word_1_30' title='bbox 771 557 898 621; x_wconf 87' lang='lat' dir='ltr'><strong>Latinis</strong></span> <span class='ocrx_word' id='word_1_31' title='bbox 919 560 953 622; x_wconf 88' lang='lat' dir='ltr'><strong>et</strong></span> <span class='ocrx_word' id='word_1_32' title='bbox 967 557 1145 642; x_wconf 80' lang='lat' dir='ltr'><strong>(lampenis</strong></span> 
     </span>
    </p>

    <p class='ocr_par' dir='ltr' id='par_1_3' title="bbox 143 641 1145 1064">
     <span class='ocr_line' id='line_1_6' title="bbox 143 641 1144 724; baseline 0.004 -20"><span class='ocrx_word' id='word_1_33' title='bbox 143 642 340 707; x_wconf 83' lang='lat' dir='ltr'><strong>suictoriam</strong></span> <span class='ocrx_word' id='word_1_34' title='bbox 361 643 397 706; x_wconf 92' lang='lat' dir='ltr'><strong>in</strong></span> <span class='ocrx_word' id='word_1_35' title='bbox 418 643 531 706; x_wconf 91' lang='lat' dir='ltr'><strong>urbem</strong></span> <span class='ocrx_word' id='word_1_36' title='bbox 553 641 723 724; x_wconf 80' lang='lat' dir='ltr'>referenti,</span> <span class='ocrx_word' id='word_1_37' title='bbox 753 662 827 706; x_wconf 89' lang='lat' dir='ltr'><strong>cum</strong></span> <span class='ocrx_word' id='word_1_38' title='bbox 854 641 998 708; x_wconf 79' lang='lat' dir='ltr'><strong>seniores</strong></span> <span class='ocrx_word' id='word_1_39' title='bbox 1025 664 1144 710; x_wconf 86' lang='lat' dir='ltr'><strong>omnes</strong></span> 
     </span>
     <span class='ocr_line' id='line_1_7' title="bbox 169 727 1145 807; baseline 0.002 -15"><span class='ocrx_word' id='word_1_40' title='bbox 169 727 295 792; x_wconf 86' lang='lat' dir='ltr'><strong>laetitia</strong></span> <span class='ocrx_word' id='word_1_41' title='bbox 310 730 446 792; x_wconf 81' lang='lat' dir='ltr'><strong>ouantes</strong></span> <span class='ocrx_word' id='word_1_42' title='bbox 461 730 682 807; x_wconf 89' lang='lat' dir='ltr'><strong>occurrerent,</strong></span> <span class='ocrx_word' id='word_1_43' title='bbox 704 727 867 790; x_wconf 91' lang='lat' dir='ltr'><strong>iuniorum</strong></span> <span class='ocrx_word' id='word_1_44' title='bbox 889 747 986 791; x_wconf 88' lang='lat' dir='ltr'><strong>nemo</strong></span> <span class='ocrx_word' id='word_1_45' title='bbox 1009 727 1145 794; x_wconf 88' lang='lat' dir='ltr'><strong>obuiam</strong></span> 
     </span>
     <span class='ocr_line' id='line_1_8' title="bbox 169 810 1145 896; baseline 0.002 -21"><span class='ocrx_word' id='word_1_46' title='bbox 169 812 339 896; x_wconf 87' lang='lat' dir='ltr'><strong>processit,</strong></span> <span class='ocrx_word' id='word_1_47' title='bbox 368 811 455 894; x_wconf 91' lang='lat' dir='ltr'><strong>quod</strong></span> <span class='ocrx_word' id='word_1_48' title='bbox 483 810 585 874; x_wconf 88' lang='lat' dir='ltr'><strong>filium</strong></span> <span class='ocrx_word' id='word_1_49' title='bbox 613 811 851 875; x_wconf 87' lang='lat' dir='ltr'><strong>adulescentem</strong></span> <span class='ocrx_word' id='word_1_50' title='bbox 881 811 1058 877; x_wconf 85' lang='lat' dir='ltr'><strong>fortissime</strong></span> <span class='ocrx_word' id='word_1_51' title='bbox 1086 814 1145 877; x_wconf 89' lang='lat' dir='ltr'><strong>ad-</strong></span> 
     </span>
     <span class='ocr_line' id='line_1_9' title="bbox 170 896 1142 980; baseline 0.002 -20"><span class='ocrx_word' id='word_1_52' title='bbox 170 918 281 960; x_wconf 89' lang='lat' dir='ltr'><strong>uersus</strong></span> <span class='ocrx_word' id='word_1_53' title='bbox 295 896 468 979; x_wconf 89' lang='lat' dir='ltr'><strong>imperium</strong></span> <span class='ocrx_word' id='word_1_54' title='bbox 482 915 575 960; x_wconf 89' lang='lat' dir='ltr'><strong>sunm</strong></span> <span class='ocrx_word' id='word_1_55' title='bbox 590 896 784 978; x_wconf 89' lang='lat' dir='ltr'><strong>proeliatum</strong></span> <span class='ocrx_word' id='word_1_56' title='bbox 799 896 905 960; x_wconf 87' lang='lat' dir='ltr'><strong>securi</strong></span> <span class='ocrx_word' id='word_1_57' title='bbox 925 903 1142 980; x_wconf 74' lang='lat' dir='ltr'><strong>percusserat.</strong></span> 
     </span>
     <span class='ocr_line' id='line_1_10' title="bbox 170 979 1144 1064; baseline 0.002 -20"><span class='ocrx_word' id='word_1_58' title='bbox 170 981 294 1046; x_wconf 89' lang='lat' dir='ltr'><strong>miserti</strong></span> <span class='ocrx_word' id='word_1_59' title='bbox 308 983 385 1044; x_wconf 89' lang='lat' dir='ltr'><strong>sunt</strong></span> <span class='ocrx_word' id='word_1_60' title='bbox 399 979 541 1063; x_wconf 86' lang='lat' dir='ltr'><strong>aequalis</strong></span> <span class='ocrx_word' id='word_1_61' title='bbox 556 980 653 1044; x_wconf 91' lang='lat' dir='ltr'><strong>nimis</strong></span> <span class='ocrx_word' id='word_1_62' title='bbox 668 1001 780 1064; x_wconf 84' lang='lat' dir='ltr'><strong>aspere</strong></span> <span class='ocrx_word' id='word_1_63' title='bbox 795 981 918 1063; x_wconf 91' lang='lat' dir='ltr'><strong>puniti:</strong></span> <span class='ocrx_word' id='word_1_64' title='bbox 941 1002 1002 1046; x_wconf 89' lang='lat' dir='ltr'><strong>nec</strong></span> <span class='ocrx_word' id='word_1_65' title='bbox 1015 981 1144 1048; x_wconf 85' lang='lat' dir='ltr'><strong>factum</strong></span> 
     </span>
    </p>

    <p class='ocr_par' dir='ltr' id='par_1_4' title="bbox 133 1064 1145 1216">
     <span class='ocr_line' id='line_1_11' title="bbox 133 1064 1145 1149; baseline 0.003 -21"><span class='ocrx_word' id='word_1_66' title='bbox 133 1086 281 1131; x_wconf 82' lang='lat' dir='ltr'><strong>iocorum</strong></span> <span class='ocrx_word' id='word_1_67' title='bbox 307 1064 459 1146; x_wconf 86' lang='lat' dir='ltr'><strong>defendo,</strong></span> <span class='ocrx_word' id='word_1_68' title='bbox 494 1065 550 1128; x_wconf 90' lang='lat' dir='ltr'><strong>sed</strong></span> <span class='ocrx_word' id='word_1_69' title='bbox 578 1065 646 1129; x_wconf 88' lang='lat' dir='ltr'><strong>irae</strong></span> <span class='ocrx_word' id='word_1_70' title='bbox 677 1069 745 1129; x_wconf 87' lang='lat' dir='ltr'><strong>uim</strong></span> <span class='ocrx_word' id='word_1_71' title='bbox 770 1065 895 1147; x_wconf 91' lang='lat' dir='ltr'><strong>indico,</strong></span> <span class='ocrx_word' id='word_1_72' title='bbox 928 1087 1011 1149; x_wconf 90' lang='lat' dir='ltr'><strong>quae</strong></span> <span class='ocrx_word' id='word_1_73' title='bbox 1044 1067 1145 1132; x_wconf 90' lang='lat' dir='ltr'><strong>unius</strong></span> 
     </span>
     <span class='ocr_line' id='line_1_12' title="bbox 171 1149 1036 1216; baseline -0.003 -1"><span class='ocrx_word' id='word_1_74' title='bbox 171 1150 312 1215; x_wconf 88' lang='lat' dir='ltr'><strong>ciuitatis</strong></span> <span class='ocrx_word' id='word_1_75' title='bbox 334 1154 368 1212; x_wconf 89' lang='lat' dir='ltr'><strong>et</strong></span> <span class='ocrx_word' id='word_1_76' title='bbox 389 1153 513 1213; x_wconf 83' lang='lat' dir='ltr'><strong>aetates</strong></span> <span class='ocrx_word' id='word_1_77' title='bbox 535 1154 569 1213; x_wconf 94' lang='lat' dir='ltr'><strong>et</strong></span> <span class='ocrx_word' id='word_1_78' title='bbox 590 1149 736 1214; x_wconf 87' lang='lat' dir='ltr'><strong>adfectus</strong></span> <span class='ocrx_word' id='word_1_79' title='bbox 757 1150 901 1214; x_wconf 89' lang='lat' dir='ltr'><strong>diuidere</strong></span> <span class='ocrx_word' id='word_1_80' title='bbox 923 1151 1036 1216; x_wconf 87' lang='lat' dir='ltr'><strong>naluit.</strong></span> 
     </span>
    </p>

    <p class='ocr_par' dir='ltr' id='par_1_5' title="bbox 171 1232 1146 1488">
     <span class='ocr_line' id='line_1_13' title="bbox 235 1232 1146 1320; baseline 0.008 -23"><span class='ocrx_word' id='word_1_81' title='bbox 235 1235 266 1298; x_wconf 82' lang='lat'><strong>5.</strong></span> <span class='ocrx_word' id='word_1_82' title='bbox 289 1232 475 1316; x_wconf 84' lang='lat' dir='ltr'><strong>Eademque</strong></span> <span class='ocrx_word' id='word_1_83' title='bbox 489 1237 618 1298; x_wconf 87' lang='lat' dir='ltr'><strong>tantum</strong></span> <span class='ocrx_word' id='word_1_84' title='bbox 632 1235 750 1320; x_wconf 82' lang='lat' dir='ltr'><strong>potuit,</strong></span> <span class='ocrx_word' id='word_1_85' title='bbox 773 1237 810 1299; x_wconf 92' lang='lat' dir='ltr'><strong>nt</strong></span> <span class='ocrx_word' id='word_1_86' title='bbox 824 1235 1013 1300; x_wconf 89' lang='lat' dir='ltr'><strong>uniuersum</strong></span> <span class='ocrx_word' id='word_1_87' title='bbox 1027 1239 1146 1320; x_wconf 91' lang='lat' dir='ltr'><strong>populi</strong></span> 
     </span>
     <span class='ocr_line' id='line_1_14' title="bbox 171 1317 1141 1401; baseline 0.006 -19"><span class='ocrx_word' id='word_1_88' title='bbox 171 1317 312 1382; x_wconf 89' lang='lat' dir='ltr'><strong>Romani</strong></span> <span class='ocrx_word' id='word_1_89' title='bbox 334 1318 512 1401; x_wconf 76' lang='lat' dir='ltr'><strong>equitatum</strong></span> <span class='ocrx_word' id='word_1_90' title='bbox 533 1341 554 1382; x_wconf 86' lang='lat' dir='ltr'><strong>a</strong></span> <span class='ocrx_word' id='word_1_91' title='bbox 575 1318 676 1383; x_wconf 79' lang='lat' dir='ltr'><strong>Fabio</strong></span> <span class='ocrx_word' id='word_1_92' title='bbox 699 1321 833 1385; x_wconf 88' lang='lat' dir='ltr'><strong>consule</strong></span> <span class='ocrx_word' id='word_1_93' title='bbox 855 1320 897 1384; x_wconf 85' lang='lat' dir='ltr'><strong>ad</strong></span> <span class='ocrx_word' id='word_1_94' title='bbox 917 1320 1063 1384; x_wconf 89' lang='lat' dir='ltr'><strong>hostium</strong></span> <span class='ocrx_word' id='word_1_95' title='bbox 1086 1345 1141 1388; x_wconf 90' lang='lat' dir='ltr'><strong>co-</strong></span> 
     </span>
     <span class='ocr_line' id='line_1_15' title="bbox 172 1402 1145 1488; baseline 0.006 -22"><span class='ocrx_word' id='word_1_96' title='bbox 172 1403 242 1487; x_wconf 88' lang='lat' dir='ltr'><strong>pias</strong></span> <span class='ocrx_word' id='word_1_97' title='bbox 268 1403 507 1488; x_wconf 88' lang='lat' dir='ltr'><strong>persequendas</strong></span> <span class='ocrx_word' id='word_1_98' title='bbox 533 1402 683 1487; x_wconf 84' lang='lat' dir='ltr'><strong>missum,</strong></span> <span class='ocrx_word' id='word_1_99' title='bbox 717 1425 791 1469; x_wconf 88' lang='lat' dir='ltr'><strong>cum</strong></span> <span class='ocrx_word' id='word_1_100' title='bbox 823 1408 857 1469; x_wconf 93' lang='lat' dir='ltr'><strong>et</strong></span> <span class='ocrx_word' id='word_1_101' title='bbox 883 1407 955 1469; x_wconf 89' lang='lat' dir='ltr'><strong>tuto</strong></span> <span class='ocrx_word' id='word_1_102' title='bbox 984 1407 1018 1468; x_wconf 88' lang='lat' dir='ltr'><strong>et</strong></span> <span class='ocrx_word' id='word_1_103' title='bbox 1044 1405 1145 1473; x_wconf 88' lang='lat' dir='ltr'><strong>facile</strong></span> 
     </span>
    </p>

    <p class='ocr_par' dir='ltr' id='par_1_6' title="bbox 134 1487 1148 2175">
     <span class='ocr_line' id='line_1_16' title="bbox 134 1487 1146 1573; baseline 0.005 -22"><span class='ocrx_word' id='word_1_104' title='bbox 134 1511 160 1551; x_wconf 78' lang='lat' dir='ltr'><strong>rs</strong></span> <span class='ocrx_word' id='word_1_105' title='bbox 173 1509 227 1552; x_wconf 88' lang='lat' dir='ltr'><strong>eas</strong></span> <span class='ocrx_word' id='word_1_106' title='bbox 255 1488 368 1552; x_wconf 88' lang='lat' dir='ltr'><strong>liceret</strong></span> <span class='ocrx_word' id='word_1_107' title='bbox 394 1487 514 1567; x_wconf 87' lang='lat' dir='ltr'><strong>delere,</strong></span> <span class='ocrx_word' id='word_1_108' title='bbox 546 1487 629 1572; x_wconf 90' lang='lat' dir='ltr'><strong>legis</strong></span> <span class='ocrx_word' id='word_1_109' title='bbox 657 1489 803 1573; x_wconf 76' lang='lat' dir='ltr'><strong>agrariae</strong></span> <span class='ocrx_word' id='word_1_110' title='bbox 831 1490 872 1553; x_wconf 89' lang='lat' dir='ltr'><strong>ab</strong></span> <span class='ocrx_word' id='word_1_111' title='bbox 901 1511 938 1554; x_wconf 91' lang='lat' dir='ltr'><strong>eo</strong></span> <span class='ocrx_word' id='word_1_112' title='bbox 965 1489 1146 1573; x_wconf 88' lang='lat' dir='ltr'><strong>impeditae</strong></span> 
     </span>
     <span class='ocr_line' id='line_1_17' title="bbox 171 1571 1146 1642; baseline 0.006 -6"><span class='ocrx_word' id='word_1_113' title='bbox 171 1593 345 1638; x_wconf 90' lang='lat' dir='ltr'><strong>memorem</strong></span> <span class='ocrx_word' id='word_1_114' title='bbox 383 1571 571 1636; x_wconf 87' lang='lat' dir='ltr'><strong>inmobilem</strong></span> <span class='ocrx_word' id='word_1_115' title='bbox 611 1575 774 1638; x_wconf 88' lang='lat' dir='ltr'><strong>retineret.</strong></span> <span class='ocrx_word' id='word_1_116' title='bbox 835 1574 893 1637; x_wconf 90' lang='lat' dir='ltr'><strong>illa</strong></span> <span class='ocrx_word' id='word_1_117' title='bbox 928 1595 1005 1638; x_wconf 88' lang='lat' dir='ltr'><strong>uero</strong></span> <span class='ocrx_word' id='word_1_118' title='bbox 1043 1577 1146 1642; x_wconf 84' lang='lat' dir='ltr'><strong>etiam</strong></span> 
     </span>
     <span class='ocr_line' id='line_1_18' title="bbox 171 1655 1148 1744; baseline 0.004 -23"><span class='ocrx_word' id='word_1_119' title='bbox 171 1657 280 1740; x_wconf 83' lang='lat' dir='ltr'><strong>Appio</strong></span> <span class='ocrx_word' id='word_1_120' title='bbox 302 1655 392 1740; x_wconf 88' lang='lat' dir='ltr'><strong>duci,</strong></span> <span class='ocrx_word' id='word_1_121' title='bbox 415 1656 506 1722; x_wconf 87' lang='lat' dir='ltr'><strong>cuius</strong></span> <span class='ocrx_word' id='word_1_122' title='bbox 528 1660 636 1739; x_wconf 89' lang='lat' dir='ltr'><strong>pater,</strong></span> <span class='ocrx_word' id='word_1_123' title='bbox 659 1658 736 1722; x_wconf 90' lang='lat' dir='ltr'><strong>dum</strong></span> <span class='ocrx_word' id='word_1_124' title='bbox 757 1679 816 1742; x_wconf 90' lang='lat' dir='ltr'><strong>pro</strong></span> <span class='ocrx_word' id='word_1_125' title='bbox 837 1661 968 1722; x_wconf 89' lang='lat' dir='ltr'><strong>senatus</strong></span> <span class='ocrx_word' id='word_1_126' title='bbox 991 1661 1148 1744; x_wconf 88' lang='lat' dir='ltr'><strong>amplitu-</strong></span> 
     </span>
     <span class='ocr_line' id='line_1_19' title="bbox 172 1741 1143 1829; baseline 0.006 -24"><span class='ocrx_word' id='word_1_127' title='bbox 172 1741 247 1806; x_wconf 87' lang='lat' dir='ltr'><strong>dine</strong></span> <span class='ocrx_word' id='word_1_128' title='bbox 269 1742 398 1823; x_wconf 87' lang='lat' dir='ltr'><strong>nititur,</strong></span> <span class='ocrx_word' id='word_1_129' title='bbox 421 1741 589 1806; x_wconf 90' lang='lat' dir='ltr'><strong>commoda</strong></span> <span class='ocrx_word' id='word_1_130' title='bbox 602 1742 707 1825; x_wconf 89' lang='lat' dir='ltr'><strong>plebis</strong></span> <span class='ocrx_word' id='word_1_131' title='bbox 722 1745 876 1808; x_wconf 87' lang='lat' dir='ltr'><strong>acerrime</strong></span> <span class='ocrx_word' id='word_1_132' title='bbox 891 1743 1143 1829; x_wconf 85' lang='lat' dir='ltr'><strong>inpugnauerat,</strong></span> 
     </span>
     <span class='ocr_line' id='line_1_20' title="bbox 171 1825 1147 1916; baseline 0.007 -26"><span class='ocrx_word' id='word_1_133' title='bbox 171 1826 335 1891; x_wconf 90' lang='lat' dir='ltr'><strong>infensum</strong></span> <span class='ocrx_word' id='word_1_134' title='bbox 363 1825 538 1891; x_wconf 84' lang='lat' dir='ltr'><strong>exercitum</strong></span> <span class='ocrx_word' id='word_1_135' title='bbox 565 1826 714 1891; x_wconf 86' lang='lat' dir='ltr'><strong>faciendo</strong></span> <span class='ocrx_word' id='word_1_136' title='bbox 741 1827 928 1892; x_wconf 87' lang='lat' dir='ltr'><strong>uoluntaria</strong></span> <span class='ocrx_word' id='word_1_137' title='bbox 948 1828 1029 1913; x_wconf 80' lang='lat' dir='ltr'><strong>luga</strong></span> <span class='ocrx_word' id='word_1_138' title='bbox 1049 1833 1147 1916; x_wconf 85' lang='lat' dir='ltr'><strong>terga</strong></span> 
     </span>
     <span class='ocr_line' id='line_1_21' title="bbox 135 1908 1147 1997; baseline 0.007 -23"><span class='ocrx_word' id='word_1_139' title='bbox 135 1935 161 1975; x_wconf 81' lang='lat' dir='ltr'><strong>so</strong></span> <span class='ocrx_word' id='word_1_140' title='bbox 174 1911 261 1975; x_wconf 88' lang='lat' dir='ltr'><strong>hosti</strong></span> <span class='ocrx_word' id='word_1_141' title='bbox 268 1960 276 1992; x_wconf 89' lang='lat'>‚</span> <span class='ocrx_word' id='word_1_142' title='bbox 308 1931 350 1975; x_wconf 90' lang='lat' dir='ltr'><strong>ne</strong></span> <span class='ocrx_word' id='word_1_143' title='bbox 385 1908 585 1993; x_wconf 88' lang='lat' dir='ltr'><strong>triumphum</strong></span> <span class='ocrx_word' id='word_1_144' title='bbox 622 1911 810 1995; x_wconf 83' lang='lat' dir='ltr'><strong>imperatori</strong></span> <span class='ocrx_word' id='word_1_145' title='bbox 846 1917 1030 1997; x_wconf 86' lang='lat' dir='ltr'><strong>quaereret,</strong></span> <span class='ocrx_word' id='word_1_146' title='bbox 1067 1915 1147 1981; x_wconf 87' lang='lat' dir='ltr'><strong>dare</strong></span> 
     </span>
     <span class='ocr_line' id='line_1_22' title="bbox 173 1995 1147 2081; baseline 0.006 -21"><span class='ocrx_word' id='word_1_147' title='bbox 173 1996 292 2080; x_wconf 81' lang='lat' dir='ltr'><strong>coegit.</strong></span> <span class='ocrx_word' id='word_1_148' title='bbox 329 1995 480 2078; x_wconf 89' lang='lat' dir='ltr'><strong>quotiens</strong></span> <span class='ocrx_word' id='word_1_149' title='bbox 495 1995 649 2060; x_wconf 87' lang='lat' dir='ltr'><strong>uictoriae</strong></span> <span class='ocrx_word' id='word_1_150' title='bbox 664 1997 798 2062; x_wconf 84' lang='lat' dir='ltr'><strong>uictrix!</strong></span> <span class='ocrx_word' id='word_1_151' title='bbox 827 1997 1147 2081; x_wconf 80' lang='lat' dir='ltr'><strong>congratulationem</strong></span> 
     </span>
     <span class='ocr_line' id='line_1_23' title="bbox 173 2078 1147 2175; baseline 0.006 -32"><span class='ocrx_word' id='word_1_152' title='bbox 173 2080 241 2144; x_wconf 90' lang='lat' dir='ltr'><strong>eius</strong></span> <span class='ocrx_word' id='word_1_153' title='bbox 255 2080 291 2143; x_wconf 94' lang='lat' dir='ltr'><strong>in</strong></span> <span class='ocrx_word' id='word_1_154' title='bbox 306 2078 469 2175; x_wconf 84' lang='lat' dir='ltr'><strong>Torquato</strong></span> <span class='ocrx_word' id='word_1_155' title='bbox 485 2082 711 2165; x_wconf 87' lang='lat' dir='ltr'><strong>spernendam,</strong></span> <span class='ocrx_word' id='word_1_156' title='bbox 728 2082 764 2146; x_wconf 92' lang='lat' dir='ltr'><strong>in</strong></span> <span class='ocrx_word' id='word_1_157' title='bbox 778 2081 879 2148; x_wconf 84' lang='lat' dir='ltr'><strong>Fabio</strong></span> <span class='ocrx_word' id='word_1_158' title='bbox 894 2083 1147 2167; x_wconf 79' lang='lat' dir='ltr'><strong>pulcherrimam</strong></span> 
     </span>
    </p>
   </div>
   <div class='ocr_carea' id='block_1_3' title="bbox 171 2163 1267 2253">
    <p class='ocr_par' dir='ltr' id='par_1_7' title="bbox 171 2163 1267 2253">
     <span class='ocr_line' id='line_1_24' title="bbox 171 2163 1267 2253; baseline 0.01 -28"><span class='ocrx_word' id='word_1_159' title='bbox 171 2166 298 2248; x_wconf 86' lang='lat' dir='ltr'><strong>partem</strong></span> <span class='ocrx_word' id='word_1_160' title='bbox 329 2163 553 2248; x_wconf 80' lang='lat' dir='ltr'><strong>omittendam,</strong></span> <span class='ocrx_word' id='word_1_161' title='bbox 585 2166 621 2229; x_wconf 90' lang='lat' dir='ltr'><strong>in</strong></span> <span class='ocrx_word' id='word_1_162' title='bbox 649 2166 757 2252; x_wconf 87' lang='lat' dir='ltr'><strong>Appio</strong></span> <span class='ocrx_word' id='word_1_163' title='bbox 791 2170 895 2232; x_wconf 87' lang='lat' dir='ltr'><strong>totam</strong></span> <span class='ocrx_word' id='word_1_164' title='bbox 928 2166 1025 2253; x_wconf 87' lang='lat' dir='ltr'><strong>fugae</strong></span> <span class='ocrx_word' id='word_1_165' title='bbox 1052 2173 1146 2252; x_wconf 87' lang='lat' dir='ltr'><strong>post·</strong></span> <span class='ocrx_word' id='word_1_166' title='bbox 1266 2239 1267 2242; x_wconf 62' lang='grc'>,</span> 
     </span>
    </p>
   </div>
   <div class='ocr_carea' id='block_1_4' title="bbox 127 2247 1147 2506">
    <p class='ocr_par' dir='ltr' id='par_1_8' title="bbox 127 2247 1147 2506">
     <span class='ocr_line' id='line_1_25' title="bbox 127 2247 530 2332; baseline -0.002 -20"><span class='ocrx_word' id='word_1_167' title='bbox 127 2323 131 2330; x_wconf 46' lang='grc'><em>,</em></span> <span class='ocrx_word' id='word_1_168' title='bbox 173 2247 359 2332; x_wconf 90' lang='lat' dir='ltr'><strong>ponendam</strong></span> <span class='ocrx_word' id='word_1_169' title='bbox 381 2247 530 2313; x_wconf 90' lang='lat' dir='ltr'><strong>reddidit.</strong></span> 
     </span>
     <span class='ocr_line' id='line_1_26' title="bbox 135 2332 1146 2418; baseline 0.008 -24"><span class='ocrx_word' id='word_1_170' title='bbox 135 2354 161 2395; x_wconf 80' lang='lat' dir='ltr'><strong>ss</strong></span> <span class='ocrx_word' id='word_1_171' title='bbox 224 2332 269 2396; x_wconf 80' lang='lat'><strong>‘6.</strong></span> <span class='ocrx_word' id='word_1_172' title='bbox 304 2332 390 2418; x_wconf 86' lang='lat' dir='ltr'><strong>Age,</strong></span> <span class='ocrx_word' id='word_1_173' title='bbox 420 2355 517 2417; x_wconf 85' lang='lat' dir='ltr'><strong>quam</strong></span> <span class='ocrx_word' id='word_1_174' title='bbox 544 2333 704 2400; x_wconf 89' lang='lat' dir='ltr'><strong>uiolenter</strong></span> <span class='ocrx_word' id='word_1_175' title='bbox 732 2357 766 2400; x_wconf 91' lang='lat' dir='ltr'><strong>ss</strong></span> <span class='ocrx_word' id='word_1_176' title='bbox 788 2335 824 2399; x_wconf 92' lang='lat' dir='ltr'><strong>in</strong></span> <span class='ocrx_word' id='word_1_177' title='bbox 845 2339 975 2418; x_wconf 80' lang='lat' dir='ltr'><strong>pectore</strong></span> <span class='ocrx_word' id='word_1_178' title='bbox 997 2337 1146 2402; x_wconf 74' lang='lat' dir='ltr'><strong>uniuemi</strong></span> 
     </span>
     <span class='ocr_line' id='line_1_27' title="bbox 172 2417 1147 2506; baseline 0.006 -24"><span class='ocrx_word' id='word_1_179' title='bbox 172 2417 284 2502; x_wconf 87' lang='lat' dir='ltr'><strong>populi</strong></span> <span class='ocrx_word' id='word_1_180' title='bbox 306 2417 446 2483; x_wconf 84' lang='lat' dir='ltr'><strong>Romani</strong></span> <span class='ocrx_word' id='word_1_181' title='bbox 467 2419 570 2502; x_wconf 89' lang='lat' dir='ltr'><strong>gessit</strong></span> <span class='ocrx_word' id='word_1_182' title='bbox 591 2419 729 2506; x_wconf 88' lang='lat' dir='ltr'><strong>eo[dem]</strong></span> <span class='ocrx_word' id='word_1_183' title='bbox 753 2424 918 2504; x_wconf 85' lang='lat' dir='ltr'><strong>tempore,</strong></span> <span class='ocrx_word' id='word_1_184' title='bbox 946 2442 1010 2504; x_wconf 91' lang='lat' dir='ltr'><strong>quo</strong></span> <span class='ocrx_word' id='word_1_185' title='bbox 1033 2422 1147 2488; x_wconf 86' lang='lat' dir='ltr'><strong>suffra·</strong></span> 
     </span>
    </p>
   </div>
   <div class='ocr_carea' id='block_1_5' title="bbox 169 2586 1148 3336">
    <p class='ocr_par' dir='ltr' id='par_1_9' title="bbox 169 2586 1148 3336">
     <span class='ocr_line' id='line_1_28' title="bbox 241 2586 1146 2664; baseline 0.008 -26"><span class='ocrx_word' id='word_1_186' title='bbox 241 2592 256 2638; x_wconf 88' lang='grc'>2</span> <span class='ocrx_word' id='word_1_187' title='bbox 275 2593 412 2664; x_wconf 79' lang='lat' dir='ltr'><strong>erga-4</strong></span> <span class='ocrx_word' id='word_1_188' title='bbox 429 2586 526 2642; x_wconf 87' lang='lat' dir='ltr'><strong>latinis</strong></span> <span class='ocrx_word' id='word_1_189' title='bbox 543 2602 595 2644; x_wconf 87' lang='lat' dir='ltr'><strong>om.</strong></span> <span class='ocrx_word' id='word_1_190' title='bbox 613 2586 668 2653; x_wconf 88' lang='lat' dir='ltr'><strong>A¹‚</strong></span> <span class='ocrx_word' id='word_1_191' title='bbox 690 2588 739 2643; x_wconf 84' lang='lat' dir='ltr'><strong>sed</strong></span> <span class='ocrx_word' id='word_1_192' title='bbox 761 2589 870 2657; x_wconf 76' lang='lat' dir='ltr'><strong>supplet</strong></span> <span class='ocrx_word' id='word_1_193' title='bbox 888 2605 922 2643; x_wconf 83' lang='lat' dir='ltr'><strong>m.</strong></span> <span class='ocrx_word' id='word_1_194' title='bbox 940 2592 960 2644; x_wconf 78' lang='lat'><em>2</em></span> <span class='ocrx_word' id='word_1_195' title='bbox 976 2603 1073 2660; x_wconf 75' lang='lat' dir='ltr'><strong>margo</strong></span> <span class='ocrx_word' id='word_1_196' title='bbox 1091 2593 1120 2644; x_wconf 99' lang='lat' dir='ltr'><strong><em>A</em></strong></span> <span class='ocrx_word' id='word_1_197' title='bbox 1137 2592 1146 2660; x_wconf 77' lang='lat' dir='ltr'><strong>ll</strong></span> 
     </span>
     <span class='ocr_line' id='line_1_29' title="bbox 173 2654 1147 2725; baseline 0.003 -16"><span class='ocrx_word' id='word_1_198' title='bbox 173 2660 189 2709; x_wconf 85' lang='grc'><strong>3</strong></span> <span class='ocrx_word' id='word_1_199' title='bbox 207 2654 324 2707; x_wconf 77' lang='lat' dir='ltr'><strong>manilio</strong></span> <span class='ocrx_word' id='word_1_200' title='bbox 342 2655 412 2708; x_wconf 86' lang='lat' dir='ltr'><strong>LA¹</strong></span> <span class='ocrx_word' id='word_1_201' title='bbox 425 2655 463 2722; x_wconf 73' lang='lat' dir='ltr'><strong>lt</strong></span> <span class='ocrx_word' id='word_1_202' title='bbox 482 2670 578 2710; x_wconf 89' lang='lat' dir='ltr'><strong>omnes</strong></span> <span class='ocrx_word' id='word_1_203' title='bbox 596 2654 719 2709; x_wconf 89' lang='lat' dir='ltr'><strong>letantes</strong></span> <span class='ocrx_word' id='word_1_204' title='bbox 737 2672 844 2710; x_wconf 88' lang='lat' dir='ltr'><strong>occurr.</strong></span> <span class='ocrx_word' id='word_1_205' title='bbox 863 2661 894 2711; x_wconf 91' lang='grc' dir='ltr'><strong>Π</strong></span> <span class='ocrx_word' id='word_1_206' title='bbox 903 2658 913 2725; x_wconf 75' lang='lat' dir='ltr'>ss</span> <span class='ocrx_word' id='word_1_207' title='bbox 930 2662 946 2710; x_wconf 85' lang='lat'><em>8</em></span> <span class='ocrx_word' id='word_1_208' title='bbox 964 2665 1147 2725; x_wconf 85' lang='lat' dir='ltr'><strong>percusserat</strong></span> 
     </span>
     <span class='ocr_line' id='line_1_30' title="bbox 174 2721 1147 2792; baseline 0.004 -16"><span class='ocrx_word' id='word_1_209' title='bbox 174 2721 240 2776; x_wconf 77' lang='lat' dir='ltr'><strong>deit.</strong></span> <span class='ocrx_word' id='word_1_210' title='bbox 259 2726 285 2776; x_wconf 83' lang='lat' dir='ltr'><strong>et</strong></span> <span class='ocrx_word' id='word_1_211' title='bbox 306 2722 362 2777; x_wconf 82' lang='lat' dir='ltr'><strong>litt.</strong></span> <span class='ocrx_word' id='word_1_212' title='bbox 386 2724 464 2776; x_wconf 88' lang='lat' dir='ltr'><strong>serat</strong></span> <span class='ocrx_word' id='word_1_213' title='bbox 487 2723 520 2777; x_wconf 79' lang='lat' dir='ltr'><strong>in</strong></span> <span class='ocrx_word' id='word_1_214' title='bbox 542 2736 597 2780; x_wconf 81' lang='lat' dir='ltr'><strong>ros.</strong></span> <span class='ocrx_word' id='word_1_215' title='bbox 615 2723 642 2775; x_wconf 87' lang='lat' dir='ltr'><strong><em>A</em></strong></span> <span class='ocrx_word' id='word_1_216' title='bbox 661 2739 675 2777; x_wconf 85' lang='lat' dir='ltr'><strong>e</strong></span> <span class='ocrx_word' id='word_1_217' title='bbox 692 2724 776 2790; x_wconf 69' lang='lat' dir='ltr'><strong>Pan,</strong></span> <span class='ocrx_word' id='word_1_218' title='bbox 799 2741 964 2792; x_wconf 87' lang='lat' dir='ltr'><strong>percussum</strong></span> <span class='ocrx_word' id='word_1_219' title='bbox 982 2723 1088 2786; x_wconf 73' lang='lat' dir='ltr'><strong>Lon,</strong></span> <span class='ocrx_word' id='word_1_220' title='bbox 1106 2742 1147 2780; x_wconf 78' lang='lat' dir='ltr'><strong>an</strong></span> 
     </span>
     <span class='ocr_line' id='line_1_31' title="bbox 169 2789 1147 2860; baseline 0.005 -17"><span class='ocrx_word' id='word_1_221' title='bbox 169 2794 233 2857; x_wconf 79' lang='lat' dir='ltr'><strong>post</strong></span> <span class='ocrx_word' id='word_1_222' title='bbox 278 2805 421 2844; x_wconf 87' lang='lat' dir='ltr'><strong>ercussum</strong></span> <span class='ocrx_word' id='word_1_223' title='bbox 444 2791 549 2846; x_wconf 75' lang='lat' dir='ltr'><strong>eccidit</strong></span> <span class='ocrx_word' id='word_1_224' title='bbox 570 2789 693 2844; x_wconf 89' lang='lat' dir='ltr'><strong>interfici</strong></span> <span class='ocrx_word' id='word_1_225' title='bbox 714 2791 852 2846; x_wconf 80' lang='lat' dir='ltr'><strong>iusserat?</strong></span> <span class='ocrx_word' id='word_1_226' title='bbox 874 2793 920 2860; x_wconf 79' lang='grc'><strong>119</strong></span> <span class='ocrx_word' id='word_1_227' title='bbox 942 2791 1088 2848; x_wconf 72' lang='lat' dir='ltr'><strong>misertis</strong></span> <span class='ocrx_word' id='word_1_228' title='bbox 1113 2795 1147 2848; x_wconf 72' lang='lat' dir='ltr'><strong>irs</strong></span> 
     </span>
     <span class='ocr_line' id='line_1_32' title="bbox 172 2858 1148 2983; baseline 0.003 -71"><span class='ocrx_word' id='word_1_229' title='bbox 172 2873 256 2978; x_wconf 34' lang='lat' dir='ltr'><strong><em>LL⁸A¹</em></strong></span> <span class='ocrx_word' id='word_1_230' title='bbox 276 2896 283 2924; x_wconf 87' lang='lat'><strong>,</strong></span> <span class='ocrx_word' id='word_1_231' title='bbox 302 2858 426 2936; x_wconf 76' lang='lat' dir='ltr'><strong>miseriti</strong></span> <span class='ocrx_word' id='word_1_232' title='bbox 440 2860 505 2912; x_wconf 89' lang='lat' dir='ltr'><strong>sunt</strong></span> <span class='ocrx_word' id='word_1_233' title='bbox 515 2858 543 2915; x_wconf 99' lang='lat' dir='ltr'><strong><em>L</em></strong></span> <span class='ocrx_word' id='word_1_234' title='bbox 555 2860 565 2927; x_wconf 93' lang='lat' dir='ltr'><strong>l</strong></span> <span class='ocrx_word' id='word_1_235' title='bbox 578 2858 713 2980; x_wconf 46' lang='lat' dir='ltr'><strong>aedquzles</strong></span> <span class='ocrx_word' id='word_1_236' title='bbox 724 2860 763 2912; x_wconf 68' lang='grc' dir='ltr'><strong>Α2</strong></span> <span class='ocrx_word' id='word_1_237' title='bbox 775 2860 830 2968; x_wconf 67' lang='lat' dir='ltr'><strong>lan</strong></span> <span class='ocrx_word' id='word_1_238' title='bbox 850 2861 929 2939; x_wconf 75' lang='lat' dir='ltr'><strong>aetus</strong></span> <span class='ocrx_word' id='word_1_239' title='bbox 947 2859 1040 2983; x_wconf 48' lang='lat' dir='ltr'><strong>LAffjl</strong></span> <span class='ocrx_word' id='word_1_240' title='bbox 1053 2861 1148 2915; x_wconf 92' lang='lat' dir='ltr'><strong>uoluit</strong></span> 
     </span>
     <span class='ocr_line' id='line_1_33' title="bbox 173 2925 1147 3076; baseline 0.005 -30"><span class='ocrx_word' id='word_1_241' title='bbox 173 2991 264 3059; x_wconf 69' lang='lat' dir='ltr'><strong>ipsias</strong></span> <span class='ocrx_word' id='word_1_242' title='bbox 278 2925 346 3047; x_wconf 65' lang='lat' dir='ltr'><strong>&#39;lii</strong></span> <span class='ocrx_word' id='word_1_243' title='bbox 360 2925 553 3063; x_wconf 38' lang='lat' dir='ltr'><strong>iiiiii&amp;</strong></span> <span class='ocrx_word' id='word_1_244' title='bbox 571 2941 604 3057; x_wconf 70' lang='lat'><strong>&lt;⁶3</strong></span> <span class='ocrx_word' id='word_1_245' title='bbox 620 2929 810 3063; x_wconf 55' lang='lat' dir='ltr'><strong>iorriii&#39;nli</strong></span> <span class='ocrx_word' id='word_1_246' title='bbox 823 2927 1022 3065; x_wconf 45' lang='lat' dir='ltr'><strong>diffidi</strong></span> <span class='ocrx_word' id='word_1_247' title='bbox 1037 2944 1147 3076; x_wconf 57' lang='lat' dir='ltr'><strong>iffi?-</strong></span> 
     </span>
     <span class='ocr_line' id='line_1_34' title="bbox 173 3059 1147 3134; baseline 0.007 -22"><span class='ocrx_word' id='word_1_248' title='bbox 173 3075 283 3113; x_wconf 89' lang='lat' dir='ltr'><strong>morem</strong></span> <span class='ocrx_word' id='word_1_249' title='bbox 300 3059 377 3127; x_wconf 83' lang='lat' dir='ltr'><strong>DE,</strong></span> <span class='ocrx_word' id='word_1_250' title='bbox 400 3076 539 3116; x_wconf 87' lang='lat' dir='ltr'><strong>memores</strong></span> <span class='ocrx_word' id='word_1_251' title='bbox 557 3063 584 3116; x_wconf 90' lang='lat' dir='ltr'><strong><em>L</em></strong></span> <span class='ocrx_word' id='word_1_252' title='bbox 603 3067 629 3116; x_wconf 82' lang='lat' dir='ltr'><strong>et</strong></span> <span class='ocrx_word' id='word_1_253' title='bbox 646 3077 677 3116; x_wconf 91' lang='lat' dir='ltr'><strong>es</strong></span> <span class='ocrx_word' id='word_1_254' title='bbox 695 3067 764 3118; x_wconf 76' lang='lat' dir='ltr'><strong>ectr.</strong></span> <span class='ocrx_word' id='word_1_255' title='bbox 783 3079 854 3118; x_wconf 81' lang='lat' dir='ltr'><strong>uere.</strong></span> <span class='ocrx_word' id='word_1_256' title='bbox 870 3064 912 3130; x_wconf 92' lang='lat' dir='ltr'><strong>A,</strong></span> <span class='ocrx_word' id='word_1_257' title='bbox 938 3079 1077 3118; x_wconf 82' lang='lat' dir='ltr'><strong>memoria</strong></span> <span class='ocrx_word' id='word_1_258' title='bbox 1096 3069 1124 3118; x_wconf 91' lang='grc' dir='ltr'>Γ</span> <span class='ocrx_word' id='word_1_259' title='bbox 1138 3066 1147 3134; x_wconf 74' lang='lat' dir='ltr'><strong>ll</strong></span> 
     </span>
     <span class='ocr_line' id='line_1_35' title="bbox 175 3126 1146 3200; baseline 0.006 -20"><span class='ocrx_word' id='word_1_260' title='bbox 175 3133 206 3180; x_wconf 80' lang='lat'><strong>17</strong></span> <span class='ocrx_word' id='word_1_261' title='bbox 225 3126 282 3181; x_wconf 92' lang='lat' dir='ltr'><strong>dici</strong></span> <span class='ocrx_word' id='word_1_262' title='bbox 298 3127 337 3180; x_wconf 79' lang='lat' dir='ltr'><strong>A1</strong></span> <span class='ocrx_word' id='word_1_263' title='bbox 355 3129 365 3196; x_wconf 72' lang='lat' dir='ltr'>ss</span> <span class='ocrx_word' id='word_1_264' title='bbox 382 3128 505 3197; x_wconf 79' lang='lat' dir='ltr'><strong>senaltus</strong></span> <span class='ocrx_word' id='word_1_265' title='bbox 525 3134 574 3196; x_wconf 86' lang='lat' dir='ltr'><strong>(na</strong></span> <span class='ocrx_word' id='word_1_266' title='bbox 593 3135 661 3187; x_wconf 76' lang='lat' dir='ltr'><strong>extr.</strong></span> <span class='ocrx_word' id='word_1_267' title='bbox 679 3131 766 3200; x_wconf 75' lang='lat' dir='ltr'><strong>were.)</strong></span> <span class='ocrx_word' id='word_1_268' title='bbox 785 3130 812 3183; x_wconf 92' lang='lat' dir='ltr'><strong><em>L</em></strong></span> <span class='ocrx_word' id='word_1_269' title='bbox 833 3132 842 3198; x_wconf 78' lang='grc' dir='ltr'><strong>ΙΙ</strong></span> <span class='ocrx_word' id='word_1_270' title='bbox 865 3137 898 3185; x_wconf 87' lang='grc'><strong>20</strong></span> <span class='ocrx_word' id='word_1_271' title='bbox 914 3147 951 3186; x_wconf 86' lang='lat' dir='ltr'><strong>ne</strong></span> <span class='ocrx_word' id='word_1_272' title='bbox 968 3131 1146 3200; x_wconf 89' lang='lat' dir='ltr'><strong>triumphum</strong></span> 
     </span>
     <span class='ocr_line' id='line_1_36' title="bbox 173 3195 1147 3275; baseline 0.006 -27"><span class='ocrx_word' id='word_1_273' title='bbox 173 3195 207 3274; x_wconf 62' lang='lat' dir='ltr'><strong>irc</strong></span> <span class='ocrx_word' id='word_1_274' title='bbox 223 3209 279 3249; x_wconf 83' lang='lat' dir='ltr'><strong>ras.</strong></span> <span class='ocrx_word' id='word_1_275' title='bbox 298 3197 326 3247; x_wconf 88' lang='lat' dir='ltr'><strong><em>A</em></strong></span> <span class='ocrx_word' id='word_1_276' title='bbox 346 3197 357 3264; x_wconf 83' lang='grc' dir='ltr'><strong>ΙΙ</strong></span> <span class='ocrx_word' id='word_1_277' title='bbox 378 3198 533 3275; x_wconf 70' lang='lat' dir='ltr'><strong>quaerered</strong></span> <span class='ocrx_word' id='word_1_278' title='bbox 555 3198 596 3252; x_wconf 88' lang='lat' dir='ltr'><strong>A¹</strong></span> <span class='ocrx_word' id='word_1_279' title='bbox 617 3199 627 3266; x_wconf 80' lang='grc' dir='ltr'><strong>ΙΙ</strong></span> <span class='ocrx_word' id='word_1_280' title='bbox 648 3203 681 3251; x_wconf 94' lang='grc'><strong>21</strong></span> <span class='ocrx_word' id='word_1_281' title='bbox 700 3197 812 3264; x_wconf 88' lang='lat' dir='ltr'><strong>quoties</strong></span> <span class='ocrx_word' id='word_1_282' title='bbox 835 3199 917 3252; x_wconf 87' lang='lat' dir='ltr'><strong>L¹A¹</strong></span> <span class='ocrx_word' id='word_1_283' title='bbox 938 3199 948 3266; x_wconf 86' lang='grc' dir='ltr'><strong>ΙΙ</strong></span> <span class='ocrx_word' id='word_1_284' title='bbox 969 3199 1073 3254; x_wconf 82' lang='lat' dir='ltr'><strong>uictrix</strong></span> <span class='ocrx_word' id='word_1_285' title='bbox 1099 3203 1147 3265; x_wconf 54' lang='grc' dir='ltr'><strong>Αἱ,</strong></span> 
     </span>
     <span class='ocr_line' id='line_1_37' title="bbox 175 3262 1147 3336; baseline 0.006 -21"><span class='ocrx_word' id='word_1_286' title='bbox 175 3264 267 3316; x_wconf 79' lang='lat' dir='ltr'><strong>uictor</strong></span> <span class='ocrx_word' id='word_1_287' title='bbox 289 3262 360 3317; x_wconf 89' lang='lat' dir='ltr'><strong>LA¹</strong></span> <span class='ocrx_word' id='word_1_288' title='bbox 381 3267 392 3332; x_wconf 82' lang='grc' dir='ltr'><strong>ΙΙ</strong></span> <span class='ocrx_word' id='word_1_289' title='bbox 413 3281 448 3318; x_wconf 94' lang='lat' dir='ltr'><strong>cu</strong></span> <span class='ocrx_word' id='word_1_290' title='bbox 467 3266 687 3333; x_wconf 82' lang='lat' dir='ltr'><strong>gratulationem</strong></span> <span class='ocrx_word' id='word_1_291' title='bbox 706 3266 766 3320; x_wconf 89' lang='lat' dir='ltr'><strong>LA</strong></span> <span class='ocrx_word' id='word_1_292' title='bbox 786 3267 797 3334; x_wconf 79' lang='grc' dir='ltr'><strong>ΙΙ</strong></span> <span class='ocrx_word' id='word_1_293' title='bbox 818 3272 851 3320; x_wconf 90' lang='grc'><strong>22</strong></span> <span class='ocrx_word' id='word_1_294' title='bbox 874 3266 1064 3336; x_wconf 86' lang='lat' dir='ltr'><strong>spernendum</strong></span> <span class='ocrx_word' id='word_1_295' title='bbox 1081 3268 1120 3321; x_wconf 88' lang='lat' dir='ltr'><strong>A¹</strong></span> <span class='ocrx_word' id='word_1_296' title='bbox 1139 3269 1147 3336; x_wconf 71' lang='lat' dir='ltr'><strong>ll</strong></span> 
     </span>
    </p>
   </div>
   <div class='ocr_carea' id='block_1_6' title="bbox 173 3329 1148 3456">
    <p class='ocr_par' dir='ltr' id='par_1_10' title="bbox 173 3329 1148 3456">
     <span class='ocr_line' id='line_1_38' title="bbox 173 3329 1148 3456; baseline 0.009 -74"><span class='ocrx_word' id='word_1_297' title='bbox 173 3329 364 3399; x_wconf 89' lang='lat' dir='ltr'><strong>pulcherrime</strong></span> <span class='ocrx_word' id='word_1_298' title='bbox 386 3333 499 3400; x_wconf 88' lang='lat' dir='ltr'><strong>partam</strong></span> <span class='ocrx_word' id='word_1_299' title='bbox 522 3333 671 3456; x_wconf 47' lang='lat' dir='ltr'><strong>Ia&#39;paiosjl</strong></span> <span class='ocrx_word' id='word_1_300' title='bbox 694 3340 726 3388; x_wconf 85' lang='grc'><strong>23</strong></span> <span class='ocrx_word' id='word_1_301' title='bbox 749 3334 935 3388; x_wconf 87' lang='lat' dir='ltr'><strong>omittendam</strong></span> <span class='ocrx_word' id='word_1_302' title='bbox 959 3335 1017 3403; x_wconf 83' lang='lat' dir='ltr'><strong>(ced</strong></span> <span class='ocrx_word' id='word_1_303' title='bbox 1040 3350 1057 3388; x_wconf 94' lang='lat' dir='ltr'><strong>o</strong></span> <span class='ocrx_word' id='word_1_304' title='bbox 1081 3339 1148 3391; x_wconf 75' lang='lat' dir='ltr'><strong>ante</strong></span> 
     </span>
    </p>
   </div>
   <div class='ocr_carea' id='block_1_7' title="bbox 173 3399 1148 3594">
    <p class='ocr_par' dir='ltr' id='par_1_11' title="bbox 173 3399 1148 3594">
     <span class='ocr_line' id='line_1_39' title="bbox 173 3399 1147 3470; baseline 0.005 -18"><span class='ocrx_word' id='word_1_305' title='bbox 173 3399 296 3463; x_wconf 69' lang='lat' dir='ltr'><strong>ceramo)</strong></span> <span class='ocrx_word' id='word_1_306' title='bbox 319 3399 346 3451; x_wconf 91' lang='lat' dir='ltr'><strong><em>A</em></strong></span> <span class='ocrx_word' id='word_1_307' title='bbox 366 3399 375 3466; x_wconf 81' lang='grc' dir='ltr'><strong>[Ι</strong></span> <span class='ocrx_word' id='word_1_308' title='bbox 398 3405 431 3452; x_wconf 85' lang='grc'><strong>24</strong></span> <span class='ocrx_word' id='word_1_309' title='bbox 455 3400 576 3455; x_wconf 90' lang='lat' dir='ltr'><strong>credidit</strong></span> <span class='ocrx_word' id='word_1_310' title='bbox 592 3402 644 3456; x_wconf 87' lang='lat' dir='ltr'><strong>Ma</strong></span> <span class='ocrx_word' id='word_1_311' title='bbox 664 3401 714 3470; x_wconf 76' lang='lat' dir='ltr'><strong>cip</strong></span> <span class='ocrx_word' id='word_1_312' title='bbox 736 3401 950 3467; x_wconf 76' lang='lat' dir='ltr'><strong>11334;ato.</strong></span> <span class='ocrx_word' id='word_1_313' title='bbox 967 3406 1147 3470; x_wconf 80' lang='lat' dir='ltr'><strong><em>p.151,11.·</em></strong></span> 
     </span>
     <span class='ocr_line' id='line_1_40' title="bbox 175 3463 1148 3542; baseline 0.013 -28"><span class='ocrx_word' id='word_1_314' title='bbox 175 3463 365 3530; x_wconf 85' lang='lat' dir='ltr'><strong>expetendum</strong></span> <span class='ocrx_word' id='word_1_315' title='bbox 377 3466 515 3533; x_wconf 86' lang='lat' dir='ltr'><strong>reddidit,</strong></span> <span class='ocrx_word' id='word_1_316' title='bbox 535 3475 560 3523; x_wconf 84' lang='lat' dir='ltr'><strong>ct</strong></span> <span class='ocrx_word' id='word_1_317' title='bbox 572 3469 705 3523; x_wconf 79' lang='lat' dir='ltr'><strong>Halmio</strong></span> <span class='ocrx_word' id='word_1_318' title='bbox 716 3469 850 3524; x_wconf 70' lang='lat' dir='ltr'><strong>Flectere.</strong></span> <span class='ocrx_word' id='word_1_319' title='bbox 864 3485 933 3524; x_wconf 73' lang='lat' dir='ltr'><strong>aaa.</strong></span> <span class='ocrx_word' id='word_1_320' title='bbox 946 3473 1016 3524; x_wconf 75' lang='lat'><strong><em>1874</em></strong></span> <span class='ocrx_word' id='word_1_321' title='bbox 1029 3485 1061 3538; x_wconf 78' lang='lat' dir='ltr'><strong>p.</strong></span> <span class='ocrx_word' id='word_1_322' title='bbox 1074 3471 1148 3542; x_wconf 71' lang='lat'>4051!</span> 
     </span>
     <span class='ocr_line' id='line_1_41' title="bbox 174 3532 781 3594; baseline 0.01 -12"><span class='ocrx_word' id='word_1_323' title='bbox 174 3533 207 3582; x_wconf 76' lang='grc'><strong>26</strong></span> <span class='ocrx_word' id='word_1_324' title='bbox 379 3532 458 3586; x_wconf 56' lang='lat' dir='ltr'><strong>*dem</strong></span> <span class='ocrx_word' id='word_1_325' title='bbox 477 3535 536 3588; x_wconf 87' lang='lat' dir='ltr'><strong>LA</strong></span> <span class='ocrx_word' id='word_1_326' title='bbox 554 3536 619 3594; x_wconf 84' lang='lat' dir='ltr'><strong>dett.</strong></span> <span class='ocrx_word' id='word_1_327' title='bbox 639 3537 693 3591; x_wconf 86' lang='lat' dir='ltr'><strong>mei</strong></span> <span class='ocrx_word' id='word_1_328' title='bbox 710 3550 781 3590; x_wconf 75' lang='lat' dir='ltr'><strong>omo.</strong></span> 
     </span>
    </p>
   </div>
   <div class='ocr_carea' id='block_1_8' title="bbox 0 0 1284 3958">
    <p class='ocr_par' dir='ltr' id='par_1_12' title="bbox 0 0 1284 3958">
     <span class='ocr_line' id='line_1_42' title="bbox 0 0 1284 3958; baseline 0 0"><span class='ocrx_word' id='word_1_329' title='bbox 0 0 1284 3958; x_wconf 95' lang='lat' dir='ltr'><strong> </strong></span> 
     </span>
    </p>
   </div>
  </div>
 </body>
</html>
