2562 3950
214 181 220 192 ·
334 171 401 233 LIB.
415 171 489 228 VIII.
519 170 595 232 OAP.
610 178 650 240 11,
664 177 688 226 2.
714 171 776 227 Exi.
796 178 871 229 1-7.
1024 175 1088 242 569

185 327 336 406 Spurinna
357 331 507 406 haruspex
528 329 715 406 praediaerat
738 329 770 394 O.
795 329 914 391 Caesari
935 334 970 393 ut
990 333 1124 409 proxi?

1 433 2 436 ¹
120 431 186 474 mos
208 431 272 474 xxx
294 415 357 475 dies
379 415 486 475 fatales
510 418 637 491 caueret,
661 434 787 491 quorum
803 416 927 476 ultimus
942 421 1007 478 erat
1020 417 1087 478 idus
1150 449 1153 455 ·

119 499 255 561 Martiae.
299 518 333 559 eo
363 500 411 559 die
439 518 506 559 cum
534 499 612 560 forte
639 504 765 576 uterque
792 519 879 560 mane
907 500 939 561 in
966 502 1088 562 domum

120 582 246 644 Domitii
269 581 399 645 Caluini·
415 583 453 643 ad
483 583 616 644 officium
643 585 847 659 conuenisset,
882 583 990 646 Caesar
1013 585 1088 663 Spu-

94 668 224 728 erinnae
247 668 367 744 ‘ecquid
390 669 458 728 sols’
481 669 583 745 inquit
606 668 681 728 ‘iam
703 669 771 728 idus
786 670 910 730 Martias
926 670 1086 731 uenisse'l’

120 756 151 813 at
172 753 198 812 is
221 752 338 829 ‘ecquid
360 754 417 813 scis
439 753 506 812 illas
528 751 660 813 nondum
682 753 901 831 praeterisee‘l'

185 835 260 898 (inm
282 837 440 904 obscurato
461 840 584 913 repente
599 838 661 898 sole
675 838 876 900 Athenienses
890 841 1139 919 angerenturpxs

119 921 250 982 Pericles
278 923 423 998 processit
450 921 481 980 in
511 922 643 981 medium
672 925 704 982 et
735 942 810 1000 quae
844 924 881 983 ab
909 902 1119 1001 Anaxagora¹

119 1008 313 1083 praeceptore
334 1009 497 1082 acceperat,
513 1006 574 1079 †id
597 1007 640 1066 eis
662 1007 805 1068 disseruit
818 1026 873 1069 nee
887 1009 1013 1070 ulterius
1028 1012 1086 1070 tre·
1176 1057 1180 1064 .

81 1101 107 1142 10
120 1090 224 1167 pidare
247 1091 325 1152 ciues
348 1109 417 1152 suos
439 1107 544 1167 pessus
566 1093 620 1152 est.

183 1175 353 1236 Alexander
380 1176 467 1253 pingi
495 1193 527 1235 se
554 1175 592 1235 ab
621 1194 682 1236 uno
704 1177 811 1254 Apelle
840 1180 870 1238 et
891 1176 965 1257 fingi
986 1197 1004 1238 a
1025 1179 1121 1256 ΒΜ

118 1260 205 1338 sippo
226 1263 346 1320 tantum
369 1261 457 1320 modo
479 1261 585 1321 uoluit.

160 1343 326 1424 ‚Gratiam
349 1345 514 1406 Praxiteles
536 1364 626 1421 quam
648 1345 721 1407 fecit
742 1365 776 1407 ac
798 1347 900 1423 posuit
921 1348 953 1406 in
973 1348 1121 1424 temp104

120 1426 309 1502 Cnidi0rum,
347 1429 467 1506 quidam
495 1431 612 1489 iuuenis
641 1431 803 1495 adamauit.
847 1449 942 1508 equus
968 1432 1087 1508 pictura

79 1521 106 1563 1⁵
120 1532 213 1590 equae
234 1513 332 1590 pictae
353 1517 452 1573 motus
474 1514 633 1575 adhinniit.
671 1516 752 1575 canis
773 1516 889 1593 pictum
911 1534 1014 1576 canem
1036 1517 1087 1576 ad·

118 1598 254 1658 latrauit.
297 1602 402 1658 taurus
430 1599 467 1658 ad
497 1617 627 1658 amorem
656 1618 763 1661 aeneae
796 1617 903 1661 uaccae
933 1600 1086 1672 Syracusis

118 1683 280 1759 conpulsus
302 1686 357 1744 est.

231 1807 341 1907 evan
363 1833 502 1896 nmen
524 1835 632 1895 cern
654 1836 764 1896 arear
786 1835 980 1898 rossvnn.

182 1936 378 2014 Euphranor,
406 1949 473 1997 cum
495 1936 624 1998 Athenis
654 1937 812 1998 duodeeIm
840 1938 911 1999 deos
937 1939 1121 2016 pingerett

79 2029 106 2070 20
120 2021 254 2098 Neptuni
287 2015 347 2082 iam
375 2023 507 2100 imagine
534 2041 624 2099 quam
650 2024 772 2098 poterat
801 2023 980 2083 excellenter
1007 2023 1086 2084 facte

119 2105 223 2166 Iouem
246 2106 398 2183 aliquanto
422 2107 624 2184 augustiorem
644 2109 869 2182 repraesentare
891 2126 952 2168 non
972 2109 1083 2185 potuit.

125 2237 128 2244 .
184 2190 311 2262 Quidam
337 2192 434 2267 pictor
461 2192 631 2252 immolatae
654 2192 827 2269 Iphigeniae
854 2193 990 2252 tabulam
1018 2195 1122 2270 pin-6

118 2293 208 2352 gens,
232 2293 299 2334 cum
322 2275 458 2349 Vlixem,
481 2276 660 2350 Menelaum,
684 2278 797 2336 ceteros
820 2277 899 2337 circa
919 2278 1022 2337 tristes
1044 2278 1086 2338 fe-

119 2360 223 2432 cisset,
258 2360 290 2419 in
319 2359 545 2436 Agamemnone
572 2360 687 2420 luctum
714 2361 808 2437 patris
835 2362 998 2438 exprimere
1025 2380 1086 2423 non

79 2443 230 2519 repatuit.
275 2445 376 2520 itaque
399 2447 487 2522 caput
508 2445 571 2506 eius
593 2447 676 2506 ueste
697 2448 781 2506 texit.

182 2527 362 2605 Praecipuae
383 2531 457 2590 artis
478 2530 585 2607 pictor,
609 2549 676 2590 cum
696 2548 805 2606 equum
820 2531 859 2591 ab
874 2530 1120 2591 exercitationes

118 2611 289 2674 uenientem
311 2612 451 2688 animast,
475 2615 600 2692 pingere
622 2615 796 2691 adgressus,
819 2615 942 2676 naribus
965 2633 1085 2691 spumas

118 2697 233 2758 adicere
262 2699 400 2774 cupiens,
434 2717 502 2758 cum
530 2699 643 2760 frustra
669 2703 846 2779 moraretur,
879 2701 925 2759 ira
947 2717 1086 2761 accensus

118 2800 282 2861 spongeam
315 2783 453 2843 omnibus
469 2781 471 2786 ’
485 2783 621 2843 inbutam
653 2785 803 2844 coloribus
835 2786 913 2845 forte
942 2783 1026 2843 iuxta
1054 2802 1086 2844 se

80 2883 107 2924 eo
119 2868 250 2944 positam
272 2867 432 2944 adprendit
453 2871 484 2928 et
505 2869 600 2928 ueluti
622 2872 815 2945 corrupturus
838 2889 911 2947 opus
934 2886 1023 2928 suum
1043 2872 1087 2928 ta·

117 2951 206 3011 hules
233 2951 359 3012 Inmisit.
403 2951 527 3032 fortuna¹
550 2953 589 3012 ad
616 2954 697 3029 ipsas
727 2955 797 3031 equi
824 2971 912 3014 nares
940 2953 1085 3014 directam

118 3035 299 3096 desiderium
319 3037 442 3113 pictoris
465 3038 566 3115 coegit
587 3038 713 3114 explere.
1150 3041 1153 3048 '

186 3153 202 3202 5
221 3147 320 3217 etquid
339 3149 406 3270 (biaei
418 3165 452 3204 m.
464 3153 481 3203 1
493 3151 533 3218 119
549 3149 580 3203 id
597 3149 667 3204 mihi
684 3149 791 3206 deleted.
810 3151 882 3216 αἰῶ,
901 3151 936 3204 de
953 3149 997 3204 hie
1014 3151 1085 3205 coni.

119 3215 219 3272 Gertr*
243 3219 253 3286 ΙΙ
276 3221 307 3272 13
326 3215 383 3272 Gra
407 3232 453 3271 am
470 3219 540 3272 miro
559 3232 649 3272 errore
665 3219 746 3287 Par„
764 3219 846 3274 immo
865 3217 1014 3276 Venerem.
1049 3217 1086 3284 cf.

121 3282 182 3343 Vae.
208 3285 219 3352 [Ι
245 3289 276 3338 14
299 3300 314 3338 e
335 3283 582 3340 uus—adhinniit
600 3298 651 3340 orn.
669 3286 734 3340 Mai
756 3287 767 3356 ΙΙ
792 3291 823 3340 18
847 3302 885 3340 ae
908 3283 1086 3351 QVAEDAM

117 3350 239 3408 NVLLA
253 3351 321 3406 -P
347 3351 429 3408 SSII?
442 3353 452 3421 ΙΙ
467 3359 498 3407 19
517 3353 641 3408 euhanor
654 3358 720 3408 m.1
737 3355 748 3424 ΙΙ
765 3358 796 3407 11
815 3356 996 3424 praesentare
1015 3353 1085 3419 cod„

119 3435 166 3476 em.
185 3420 367 3475 Kellerbauer
390 3421 400 3490 ΙΙ
423 3427 457 3476 24
482 3420 591 3474 luctum
617 3435 668 3475 eos
694 3427 720 3476 et
748 3421 855 3486 (imi,
884 3421 997 3475 uultum
1026 3421 1085 3479 cod.

116 3487 204 3543 Helm
218 3491 273 3559 1116
291 3504 415 3557 aequum
433 3503 468 3543 m.
481 3492 498 3543 1
510 3490 566 3558 [129
584 3488 758 3558 sphongeam
771 3490 781 3558 ΙΙ
794 3495 825 3546 31
844 3488 932 3544 inlisit
948 3489 1085 3546 acriorem.

116 3557 177 3612 eid.
196 3573 210 3613 e
231 3556 315 3627 Vain
333 3557 460 3627 (quam)
477 3556 591 3612 fortuna
608 3572 622 3612 e
642 3556 704 3613 Vel.
724 3559 794 3614 coni.
815 3557 915 3614 Gertz*
