2540 3950
481 179 533 234 Vll
551 131 663 235 1)--17,Ι
757 263 759 267 v
983 182 1044 247 601

72 338 173 396 fuerit
195 338 353 398 candidum
369 340 468 400 offerri
484 331 546 399 si'ue
562 358 753 416 purpureum.
781 358 841 399 una
856 341 944 399 etiam
961 341 1042 417 aqui·
1054 353 1166 396 varum.

73 423 180 480 larum
209 423 260 482 uix
287 424 389 498 potuit
415 423 514 483 euelli.
552 425 584 483 in
605 424 752 500 proelium
773 425 990 500 prodeuntibus
1014 429 1045 486 et

74 508 176 566 altera
197 509 310 583 aquila,
333 526 401 568 cum
423 509 564 583 ferretur,
587 512 750 568 retrorsum
771 521 857 568 uersa
879 513 934 569 est.
972 529 1042 569 mox

74 592 254 651 innumerae
276 593 479 653 Romanorum
501 593 632 653 cecidere
653 593 803 670 legiones,
830 593 862 653 in
884 597 1045 670 conspectu

44 677 175 752 epatris
196 676 276 736 filius
299 677 403 752 periit,
427 676 552 738 Crassus
574 679 639 754 ipse
661 678 753 737 iacuit
767 677 939 738 inhumatus
954 682 985 738 et
999 679 1044 736 lu·

76 760 187 820 dibriis
209 762 317 837 putuit.
433 825 438 836 ,

145 847 195 904 13.
219 844 273 905 Cn.
288 846 430 922 Pompeio
453 848 587 906 mouenti
609 849 696 924 signa
710 846 892 923 Dyrrhachio
915 846 1042 906 fulmina
1058 856 1124 918 6,16

75 929 205 988 aduersa
232 934 439 1004 occurrerunt,
470 950 540 1007 apes
568 934 687 1008 quoque
715 933 895 992 obsederunt
922 931 1041 1008 uexilla,

77 1031 139 1089 quo
162 1013 227 1073 uiso
249 1013 366 1074 subitus
394 1033 512 1075 maeror
534 1016 668 1075 confudit
690 1017 865 1088 exereitum,
898 1016 1042 1092 fugerunt

32 1115 61 1156 ιο
77 1098 204 1172 hostiae,
227 1099 259 1158 in
281 1100 401 1175 templis
423 1101 582 1160 simulacra
603 1119 745 1161 conuersa
767 1104 847 1171 sunt,
871 1100 930 1159 alia
952 1099 1039 1158 fleue-

76 1187 164 1256 runt,
193 1182 252 1241 alia
279 1184 473 1244 sudauerunt.
521 1188 622 1246 tantus
650 1204 720 1245 uero
748 1186 781 1244 in
803 1194 870 1245 aere
892 1203 1042 1244 armorum

77 1267 225 1342 strepitus
247 1267 314 1340 fuit,
337 1272 372 1328 ut
385 1268 562 1330 Antioohiae
576 1271 662 1346 quasi
677 1270 715 1329 ad
730 1269 895 1329 aduentum
910 1269 1042 1330 hostium

76 1351 109 1411 in
145 1370 245 1412 muros
278 1358 513 1414 concurreretur.
556 1356 612 1414 sub
641 1357 739 1414 statua
768 1351 901 1414 Caesaris
929 1354 1041 1413 eisdem

78 1436 267 1511 temporibus
289 1436 439 1497 Trallibus
467 1438 499 1497 in
526 1439 596 1498 aede
618 1438 770 1498 Victoriae
798 1457 922 1515 procera
943 1437 1043 1513 palma
1148 1471 1154 1483 ·

36 1525 152 1580 1611616
173 1524 234 1594 est,
257 1540 291 1582 ac
313 1540 382 1581 mox
403 1523 573 1582 Pharsalica
594 1525 639 1582 est
660 1524 799 1583 nuntiata
821 1523 956 1584 uictoria.

36 1651 43 1662 .
145 1607 193 1666 14.
214 1608 385 1682 Antequam
400 1605 506 1667 Caesar
521 1608 703 1668 oecideretur
723 1608 755 1667 in
778 1608 869 1680 curia,
891 1610 960 1666 ante
975 1606 1038 1666 dies
1056 1617 1123 1678 6,16

76 1708 188 1765 paucos
209 1690 287 1750 boue
310 1710 345 1750 ex
366 1709 448 1751 more
470 1695 601 1751 mactata
623 1711 672 1751 eor
694 1693 725 1751 in
748 1692 824 1752 extis
846 1710 907 1751 non
929 1692 977 1750 est
996 1709 1042 1749 re·
1105 1711 1109 1720 ’

76 1777 205 1851 portum.
253 1775 333 1851 quod
366 1793 433 1836 oum
462 1775 614 1851 Spurinna
640 1777 866 1853 pronuntiasset
897 1775 933 1834 ad
962 1775 1043 1834 uitae

77 1859 243 1934 periculum
275 1861 438 1935 pertinere,
476 1862 519 1920 ait
551 1859 659 1921 Caesar
696 1861 881 1920 constantiae
917 1877 1041 1932 memor,

37 1960 64 2000 ao
78 1944 227 2016 ‘miraris,
260 1946 286 2004 si
314 1963 365 2005 cor
392 1945 445 2005 bos
472 1963 535 2005 non
563 1944 692 2004 habeti'
733 1945 784 2005 sed
812 1964 880 2005 mox
909 1945 936 2004 ei
964 1944 1043 2003 uitae

78 2027 146 2088 finis
169 2028 237 2088 fuit.

144 2114 192 2172 15.
230 2113 320 2174 Xerxi
346 2116 411 2190 regi
433 2115 591 2175 Persarum
618 2134 696 2191 aqua
717 2117 849 2191 leporem
870 2115 989 2191 peperit
1009 2115 1042 2174 in
1059 2124 1083 2185 6,
1096 2118 1152 2175 iil

78 2197 190 2255 castris.
220 2215 278 2272 quo
300 2198 439 2274 prodigio
461 2201 689 2275 pronuntiatum
710 2203 758 2260 est
778 2199 891 2259 milites
914 2200 976 2260 eius
991 2195 1042 2275 pa·

78 2297 149 2338 nore
176 2279 337 2357 fugituros.
375 2287 495 2353 †omen
523 2287 657 2343 secutum
686 2286 747 2342 est:
782 2302 852 2342 uam
873 2282 925 2342 diu
947 2284 1043 2344 uictor

40 2379 66 2420 ae
79 2363 169 2424 miser
190 2367 322 2424 recessit.

144 2450 193 2508 16.
215 2449 299 2508 Idem
310 2450 421 2509 Xerxes
436 2467 503 2509 cum
514 2450 769 2511 Lacedaemonem
784 2453 877 2512 uellet
891 2452 1040 2528 inuadere,
1059 2460 1085 2520 6,
1098 2455 1155 2508 Ε.1

79 2533 156 2593 inter
175 2534 395 2594 continendum
416 2536 560 2612 accipiens
587 2536 692 2595 uinum
713 2539 817 2612 patera
838 2536 954 2612 excepit
976 2553 1042 2593 san·

80 2617 214 2694 guinem:
243 2619 299 2677 hoc
326 2619 434 2678 iterum
463 2638 496 2679 ac
524 2621 626 2680 tertio.
664 2624 736 2680 tunc
758 2621 837 2698 magi
861 2621 1042 2681 monuerunt

80 2705 113 2762 ut
133 2703 170 2762 ab
192 2703 313 2779 incepta
335 2704 504 2764 intentione
527 2705 692 2766 desisteret.

43 2802 68 2842 so
145 2790 194 2847 17.
223 2789 321 2847 Midae
348 2789 414 2865 regi
436 2788 547 2864 futuro,
570 2809 637 2850 cum
658 2809 770 2866 paruus
792 2792 879 2862 esset,
903 2789 1041 2848 formicae
1058 2791 1152 2859 6112

82 2891 173 2947 grana
183 2873 324 2932 frumenti
335 2873 366 2932 in
379 2891 411 2933 os
423 2875 622 2950 ingesserunt.
646 2875 809 2935 ditissimus
825 2874 958 2934 omnium
973 2873 1041 2936 fuit.

146 3040 161 3086 2
180 3036 209 3088 et
226 3049 277 3090 aas
295 3041 321 3090 ct
341 3033 450 3102 Germ
470 3038 513 3089 est
530 3037 600 3102 eod„
618 3037 895 3117 6111.Μ61Ἠ61111118
913 3035 1041 3091 obsidere

84 3101 144 3166 (uel,
157 3106 189 3155 ut
200 3103 308 3170 opinor,
320 3103 434 3157 obsidei
442 3107 556 3172 =runt)
569 3105 637 3170 cod„
651 3103 973 3160 6666661611161661161
1011 3109 1043 3156 14

82 3168 212 3245 arallibus
225 3171 235 3238 11
248 3176 280 3223 16
293 3172 378 3249 611616Ι
389 3171 476 3225 Halm
489 3170 675 3293 1116166116αὲ
689 3177 720 3226 17
733 3189 771 3226 aa
783 3171 985 3227 1116616161Ηα
998 3171 1042 3240 11111

83 3238 211 3306 66116126
228 3240 459 3307 praenuntiatum
476 3244 555 3306 recte,
574 3245 606 3293 ut
623 3239 655 3293 ai
677 3281 692 3306 ,,
712 3241 844 3309 1161124
881 3241 945 3309 res>
958 3255 1041 3294 omen

83 3306 173 3358 secuta
188 3305 490 3376 pwmbiliterdertz·,
510 3323 592 3361 omen
610 3308 785 3376 (euentum)
803 3323 868 3362 secu
902 3325 930 3359 m
949 3323 963 3360 6
979 3323 1042 3362 coa·

82 3371 137 3425 ieet.
157 3371 275 3426 Obristii
291 3373 393 3441 Halm,
421 3390 503 3428 omen
526 3376 655 3430 secutum
678 3377 721 3428 est
739 3391 792 3444 pro
814 3374 914 3430 incidit
937 3376 1042 3430 dietam

81 3444 158 3507 potat
175 3439 326 3495 Eberhard
344 3441 361 3496 l.
382 3459 403 3496 6.
421 3459 447 3510 p.
460 3446 496 3496 96
