2606 3958
487 163 569 220 CAP.
586 164 652 232 llIl,
671 165 774 226 §2-4.
1052 167 1114 236 347

9 397 33 411 ἢ
145 318 404 402 perseuerantiae
443 317 653 382 inritamento
695 317 834 382 uictores
877 319 1115 402 spoliauerunt:

144 424 245 487 panes
281 403 367 466 enim
399 403 502 466 iacere
534 401 742 488 conpluribus
775 424 792 467 e
821 402 898 468 locis
928 408 1113 488 coeperunt.

146 509 210 570 quo
233 486 415 571 spectaculo
439 487 678 570 obstupefactos
705 487 931 572 infinitamque
958 489 1114 554 frumenti

145 573 378 636 abundantiam
399 572 518 637 nostris
547 592 713 654 superesse
740 571 905 637 credentes
927 574 967 637 ad
995 574 1114 656 pactio-

145 679 220 721 nem
234 656 446 722 omittendae
475 656 651 721 obsidionis
686 657 909 740 conpulerunt
965 658 1140 722 misertuse

145 746 196 806 est
217 745 294 806 tunc
315 741 460 824 profecto
482 739 629 824 Iuppiter
650 739 815 806 Romanae
830 742 970 824 uirtutis,
993 743 1113 826 praesi-

145 827 234 890 dinm
249 827 289 891 ab
305 827 424 892 astutia
438 826 618 890 mutuantis
625 873 634 907 ‚
658 847 730 890 cum
745 848 871 891 summa
884 827 1113 892 alimentorum

144 911 257 994 inopia
285 911 388 994 proici
415 909 575 993 praesidia
601 909 731 993 inopiae
754 915 909 976 cerneret.
955 911 1054 996 igitur
1076 916 1113 976 ut

144 996 252 1073 uafro,
275 997 322 1059 ita
343 995 522 1079 periculoso
539 994 675 1060 consilio
691 995 863 1060 salutarem
878 997 1000 1060 exitum
1015 995 1111 1061 dedit.

208 1083 238 1145 4.
275 1078 428 1164 Idemque
450 1079 597 1163 luppiter
618 1083 731 1162 postea
759 1082 1112 1163 praestantissimorum
1126 1104 1151 1142 ιο

144 1165 261 1232 ducum
282 1168 467 1230 nostrorum
491 1164 660 1248 sagacibus
682 1165 825 1230 consiliis
847 1167 1005 1250 propitius
1028 1167 1112 1249 aspi-

143 1250 242 1314 rauit:
283 1271 358 1313 nam
398 1271 471 1314 cum
505 1249 641 1313 alterum
674 1248 787 1314 Italiae
824 1251 908 1314 latus
944 1250 1112 1316 Hannibal

144 1336 314 1409 laceraret,
338 1334 477 1397 alterum
497 1333 672 1396 inuasisset
686 1332 889 1416 Hasdrubal,
912 1356 953 1399 ne
976 1336 1112 1400 duorum

142 1419 279 1484 fratrum
307 1419 436 1482 iunctae
464 1417 575 1500 copiae
602 1417 800 1481 intolerabili
830 1440 926 1483 onere
949 1420 1049 1484 fessas
1072 1421 1112 1484 si·-

143 1502 212 1567 mul
244 1523 294 1566 res
325 1505 454 1566 nostras
487 1507 677 1586 urguerent,
712 1501 789 1566 hinc
816 1502 942 1568 Claudii
970 1501 1151 1568 Neronis1⁵

143 1590 295 1671 uegetum
324 1587 510 1666 eonsilium,
544 1586 634 1650 illinc
663 1586 735 1649 Liui
765 1585 955 1652 Salinatoris
989 1588 1092 1671 inclyt

142 1672 349 1755 prouidentia
376 1671 496 1735 effecit:
529 1668 617 1735 Nero
653 1671 739 1734 enim
767 1692 939 1755 conpresso
968 1693 987 1735 a
1015 1693 1048 1736 se
1077 1673 1112 1736 in

143 1757 281 1822 Lucanis
303 1755 488 1821 Hannibale
517 1756 732 1839 praesentiam
754 1777 859 1833 snam,
890 1756 1040 1840 quoniam
1064 1757 1111 1820 ita

143 1843 227 1906 ratio
259 1841 335 1906 belli
370 1839 588 1920 desiderabat,
628 1842 783 1905 mentitus
823 1841 909 1906 hosti
941 1839 980 1905 ad
1015 1862 1109 1924 opem

144 1926 286 2011 collegae
313 1925 480 1990 ferendam
509 1947 567 2008 per
595 1923 729 2010 longum
757 1927 821 1990 iter
843 1926 1006 1991 celeritate
1028 1927 1150 1990 miraeo

142 2012 289 2076 tetendit.
335 2010 497 2076 Salinator
524 2011 558 2074 in
581 2008 716 2074 Vmbria
737 2010 823 2094 apud
844 2009 1028 2076 Metaurum
1050 2010 1111 2074 flu-

141 2117 217 2160 men
238 2096 385 2179 proximo
407 2094 458 2158 die
481 2093 688 2160 dimicaturus
717 2116 842 2160 summa
871 2117 942 2161 enm
964 2095 1111 2160 dissimu-

142 2181 264 2246 latione
279 2179 441 2244 Neronem
458 2181 570 2243 castris
584 2183 682 2244 noctu
703 2180 839 2263 recepit:
861 2180 1008 2245 tribunos
1025 2180 1110 2244 enim

143 2288 163 2330 a
184 2265 338 2349 tribunis,
366 2264 569 2328 centuriones
592 2286 611 2328 a
634 2265 892 2347 centurionibus,
923 2266 1046 2349 equites
1069 2267 1109 2330 ab

143 2350 318 2498 ellUifitbm'
333 2349 470 2498 liediies
499 2370 518 2412 a
545 2348 706 2496 pledibibus
734 2349 838 2433 excipi
867 2351 1019 2499 iussittao
1041 2350 1110 2414 sine
1124 2365 1149 2403 ‘2⁵

142 2457 162 2498 u
189 2457 208 2498 a
256 2456 332 2498 umu
361 2456 402 2498 ua
429 2454 490 2498 one
522 2453 590 2497 soo
624 2454 677 2496 urx
712 2455 812 2498 unum
851 2455 954 2500 exercr
970 2456 1026 2498 um
1058 2456 1110 2498 ca·

142 2520 252 2604 piente
275 2519 411 2583 alterurn
439 2518 582 2581 inseruit.
628 2538 691 2601 quo
720 2518 829 2582 euenit
856 2540 897 2582 ne
927 2518 1110 2582 Hasdrubal

145 2625 218 2668 cum
241 2604 364 2667 duobus
388 2624 421 2666 se
443 2602 626 2666 consulibus
648 2603 880 2685 proeliaturum
902 2603 991 2686 prius
1013 2602 1111 2667 sciret

142 2710 238 2772 quam
261 2687 424 2772 utriusque
447 2688 567 2750 uirtute
588 2690 856 2769 prosterneretur.
892 2688 938 2751 ita
960 2687 1017 2751 illa
1038 2690 1109 2752 toto

210 2880 225 2926 2
245 2889 260 2926 e
278 2888 329 2931 ora.
347 2874 415 2931 Par.
441 2872 451 2940 l
475 2872 613 2938 ceperunt
630 2871 668 2925 Β
691 2877 717 2926 et
732 2872 765 2927 in
782 2888 838 2926 rae.
856 2875 896 2938 A,
922 2871 1110 2940 quacplerunt

142 2941 204 3006 (cic)
214 2940 252 2993 L¹
265 2943 274 3008 ΙΙ
287 2948 302 2994 3
315 2939 527 3008 obstupefactus
537 2940 618 2993 L¹A¹
631 2941 641 3008 ΙΙ
654 2938 799 3006 infinutriq:
809 2941 845 2994 L¹
860 2941 869 3009 ΙΙ
882 2947 899 2994 4
915 2938 1111 2993 habundantia

144 3009 174 3072 (h
192 3015 271 3071 arca)
290 3008 334 3076 ΕΙ
352 3014 367 3062 7
386 3008 589 3061 mutuantem*
607 3008 665 3075 (aad
683 3025 695 3062 s
712 3012 779 3065 Μ
796 3009 873 3075 odd.)
892 3009 940 3074 Al,
958 3008 1110 3060 mutuant*

142 3076 170 3129 Ie
188 3078 215 3140 (a
234 3076 313 3142 aaa.)
357 3076 387 3143 ἸΙ
401 3075 649 3145 summa-inopia·
662 3078 709 3142 Αἵ,
728 3093 767 3131 are
784 3077 814 3129 in
832 3077 1013 3196 summalp8
1030 3075 1110 3143 proci

142 3145 169 3198 L
188 3148 213 3198 et
228 3149 356 3210 ponuat
373 3144 409 3207 A,
429 3143 503 3198 ferre
521 3160 615 3214 marce
632 3146 659 3198 A
672 3145 682 3212 Ιι
697 3150 727 3198 14
746 3144 852 3198 honore
869 3144 943 3198 fessa
990 3142 1064 3210 1ΑῑΙΙ
1079 3148 1110 3196 15

141 3214 278 3279 urgerent
297 3210 380 3265 L²A²
401 3213 411 3280 l
432 3211 519 3265 eladii
536 3214 573 3265 A¹
595 3215 605 3281 l
628 3218 659 3266 16
677 3212 775 3264 netum
792 3213 830 3266 A¹
845 3212 855 3280 11
868 3212 999 3265 aberiter
1017 3213 1108 3280 (cora,

140 3285 175 3333 ut
192 3280 266 3342 aid„
284 3295 318 3333 ea
334 3280 417 3344 inter,
440 3281 488 3334 aad
505 3280 549 3334 ter
565 3294 587 3334 e.
608 3280 636 3344 l.)
656 3280 696 3340 L.
720 3279 794 3333 inter
811 3280 848 3332 A¹
871 3283 881 3348 l
902 3286 934 3334 23
952 3279 1061 3346 recepit
1077 3278 1110 3333 ia

140 3363 196 3402 rae.
213 3348 258 3414 A}
276 3353 309 3400 26
327 3347 452 3416 capienti
470 3347 517 3413 Β,
537 3348 664 3415 sapiente
683 3347 753 3402 L¹A
766 3349 775 3415 ΙΙ
789 3353 821 3402 28
839 3347 1022 3417 preliaturum
1043 3347 1108 3412 LA,
1200 3348 1202 3355 '

140 3415 247 3470 scribere
270 3455 275 3466 .
298 3415 358 3469 aid.
381 3415 560 3483 proeliatum.
597 3415 632 3481 cf.
658 3430 708 3470 eros
733 3416 765 3469 ia
782 3413 924 3493 Electae.
947 3432 1015 3470 aare.
1038 3418 1110 3470 1886

137 3498 171 3550 p.
181 3487 215 3537 61
228 3484 238 3551 ΙΙ
251 3489 284 3538 ’29
302 3483 401 3603 rpprisq.
420 3497 489 3537 carr.
507 3499 541 3538 ea
559 3485 678 3549 utriusq.
687 3484 726 3537 Β
738 3484 748 3552 ΙΙ
761 3484 865 3538 uirtute
884 3484 911 3537 L
929 3487 955 3538 et
973 3484 1038 3539 cerr.
1055 3484 1110 3539 mci

141 3565 221 3620 omn,
240 3566 291 3606 om.
