2606 3952
385 191 466 249 car.
481 189 535 260 111,
553 195 605 256 §a
635 189 701 256 uu,
719 193 821 253 ri-r.
1048 191 1090 256 69

184 347 213 410 4.
242 345 342 412 Nunc
366 365 493 409 causam
516 342 787 408 instituendorum
808 342 957 407 ludorum
972 343 1012 408 ab
1027 343 1089 408 ori-

117 433 196 517 gine
211 452 270 494 sua
285 433 440 514 repetam.
477 427 515 494 Ο.
532 427 664 511 Sulpico
688 427 797 492 Petico
819 426 854 493 O.
870 426 996 493 Licinio
1018 427 1090 494 Sto·

118 518 195 581 lone
229 515 414 580 consulibus
447 511 649 578 intoleranda
680 513 729 576 uis
767 515 857 576 ortae
884 511 1089 596 pestilentiae

119 601 288 666 ciuitatem
310 603 452 664 nostram
474 620 494 662 a
515 598 639 663 bellicis
662 596 812 681 operibus
830 601 1011 662 reuocatam
1035 597 1090 662 do-

118 686 246 750 mestici
269 687 366 768 atque
388 682 536 748 intestini
558 683 637 747 mali
659 703 735 747 cura
756 681 938 766 adflixerat,
961 682 1116 766 iamques

117 771 194 856 plus
217 769 251 833 in
275 769 432 852 exquisito
459 773 492 832 et
518 788 606 832 nouo
629 767 718 831 cultu
739 765 906 851 religionis
933 787 1030 850 quam
1055 768 1091 831 in

26 879 28 890 ·
118 854 186 919 ullo
214 854 357 918 humano
386 852 522 918 consilio
550 852 692 936 positum
722 853 792 935 opis
814 851 992 916 uidebatur.
1029 852 1089 916 ita-

26 1005 27 1010 ,
118 959 181 1024 que
202 937 355 1024 placandi
377 938 523 1002 caelestis
544 937 687 1002 numinis
707 937 815 1022 gratia
830 935 1008 1021 conpositis
1023 957 1089 1001 oar·

118 1023 261 1088 minibus
282 1043 401 1087 uacuas
424 1043 516 1087 aures
538 1021 687 1107 praebuit
709 1021 794 1085 adid
811 1024 938 1105 tempus
957 1021 1090 1085 circensi

118 1108 302 1193 spectaculo
335 1110 501 1186 contenta,
535 1107 619 1190 quod
652 1107 775 1189 primus
803 1105 957 1170 Romulus
990 1107 1129 1190 rapticio

119 1193 304 1278 uirginibus
339 1191 467 1257 Sabinis
500 1191 711 1256 Consualium
743 1189 876 1255 nomine
907 1189 1090 1256 celebrauit.

26 1307 27 1314 ¹
119 1299 247 1361 uerum,
271 1281 308 1340 ut
330 1281 379 1341 est
400 1297 470 1340 mos
491 1276 660 1340 hominum
675 1275 810 1358 paruula
824 1276 918 1341 initia
932 1277 1090 1360 pertinaci

120 1362 229 1427 studio
252 1362 483 1446 prosequendi,
512 1361 752 1426 uenerabilibus
780 1380 857 1443 erga
884 1359 960 1425 deos
982 1361 1091 1426 uerbis

120 1448 272 1512 iuuentus
294 1447 366 1510 rudi
389 1450 486 1531 atque
509 1445 712 1531 inconposito
735 1448 827 1509 motu
855 1465 1023 1528 corporum
1046 1445 1091 1510 io·

121 1531 270 1597 cabunda
291 1533 402 1617 gestus
424 1531 557 1609 adiecit,
582 1551 682 1613 eaque
701 1550 752 1594 res
767 1529 890 1593 ludium
905 1550 945 1593 ex
958 1528 1129 1595 Etruriam

121 1616 304 1682 arcessendi
327 1637 455 1680 censam
470 1614 567 1679 dedit.
602 1615 692 1678 cuius
707 1614 822 1678 decora
844 1614 1017 1696 pernicitas
1039 1635 1090 1678 ue·

26 1723 27 1730 ¹
121 1705 210 1766 tusto
233 1722 272 1764 ex
294 1721 382 1764 more
398 1700 552 1766 Curetum
567 1698 808 1783 Lydorumque,
832 1698 981 1782 aquibus
996 1697 1091 1764 Tusci

123 1786 282 1871 originem
304 1788 485 1864 traxerunt,
509 1785 655 1849 nouitate
677 1789 771 1869 grate
785 1782 1003 1848 Romanorum
1018 1804 1092 1848 ocu·

121 1872 170 1936 los
192 1870 378 1953 permulsit,
401 1873 434 1934 et
453 1870 528 1955 quia
543 1861 649 1933 ludius
664 1868 750 1952 apud
765 1889 818 1932 eos
833 1867 935 1932 hister
950 1867 1090 1952 appella·

121 1956 227 2034 batur,
251 1955 400 2020 scaenico
419 1975 540 2020 nomen
554 1953 721 2019 histrionis
737 1953 875 2017 inditum
892 1956 949 2018 est.
982 1953 1091 2037 paula·
1105 1972 1130 2014 ao

25 2053 26 2110 V
125 2041 185 2104 tim
210 2040 325 2104 deinde
340 2040 461 2104 ludicra
475 2061 526 2102 ars
542 2040 582 2102 ad
598 2042 779 2103 saturarum
794 2038 907 2102 modos
923 2040 1092 2122 perrepsit,

25 2121 26 2194 Ϊ
122 2147 142 2188 a
165 2125 282 2208 quibus
303 2125 427 2208 primus
450 2124 594 2188 omnium
617 2126 715 2208 poeta
730 2121 840 2186 Liuius
856 2123 896 2186 ad
911 2123 1092 2187 tabularum

25 2215 27 2234 '
121 2212 314 2295 argumenta
336 2209 553 2293 spectantium
576 2212 699 2272 animos
720 2206 902 2291 transtulit,
929 2208 1020 2292 isque
1043 2209 1091 2272 sui

25 3543 40 3584 χ
118 3518 202 3574 L¹A¹
216 3517 318 3586 flector
334 3517 424 3584 recepi
443 3514 584 3570 Gonnum
598 3528 629 3580 p.
643 3515 697 3567 265
714 3518 831 3567 sec-atra.
854 3512 890 3578 cs.

120 2294 229 2378 operis
251 2299 350 2376 actor,
374 2314 446 2359 cum
468 2293 594 2376 saepius
617 2315 637 2357 a
658 2293 779 2376 populo
794 2296 964 2357 reuocatus
979 2313 1091 2358 uocem

121 2379 319 2458 obtudisaet,
343 2378 488 2442 adhibito
504 2378 595 2464 pueri
610 2399 647 2442 ae
662 2377 805 2442 tibicinis
821 2380 977 2442 concentu
993 2379 1091 2462 gesti·
1104 2397 1130 2439 au

121 2463 319 2529 culationem
340 2463 458 2528 tacitus
479 2463 616 2547 peregit.
650 2461 784 2526 atellani
806 2465 914 2526 autem
936 2463 977 2525 ab
1000 2461 1091 2527 Oscis

122 2549 221 2613 acciti
243 2554 330 2612 sunt.
363 2548 447 2632 quod
494 2568 573 2612 enus
594 2547 819 2612 delectationis
841 2546 954 2610 Italica
976 2548 1091 2612 seueri·

121 2636 192 2698 tate
214 2636 429 2716 temperatum
451 2567 585 2715 illacque
607 2653 744 2696 uacuum
765 2635 844 2696 nota
859 2636 923 2696 est:
945 2652 1022 2696 nam
1036 2654 1092 2696 ne-

121 2740 184 2803 qua
207 2718 294 2782 tribu
316 2721 465 2783 mouetur
486 2721 573 2782 actor
594 2737 654 2780 nec
677 2716 903 2780 amilitaribus
923 2717 1091 2799 stipendiis

119 2803 298 2887 repellitur.
895 2810 897 2816 '
1103 2817 1129 2860 eo

191 2979 206 3026 2
226 2971 254 3029 0.
272 2971 314 3025 sul
335 2971 390 3026 icio
408 2971 441 3040 (0
458 2973 491 3026 ier
507 2971 577 3038 ras.)
595 2969 631 3037 A,
649 2987 676 3038 g.
697 2969 769 3037 sulp.
788 2969 967 3091 Lpbetrtico
985 2969 1024 3035 L,
1042 2968 1091 3022 be-

117 3045 192 3098 ticos
213 3041 253 3107 A,
280 3056 298 3093 a
320 3039 347 3094 d.
369 3057 396 3097 u.
420 3039 509 3120 petic;
536 3039 596 3105 (sic)
619 3052 713 3107 marco
736 3040 767 3115 A
786 3053 800 3092 e
849 3053 890 3096 ar.
914 3041 946 3114 ret
968 3036 1001 3090 ia
1026 3035 1091 3102 fast.

118 3125 191 3167 cona.
204 3125 231 3163 a.
243 3124 272 3165 14.
284 3110 335 3162 393
352 3107 458 3162 etere.
474 3106 624 3172 V1122,3
644 3106 654 3174 ΙΙ
696 3143 703 3158 .
722 3105 817 3159 licinio
835 3105 875 3172 L,
894 3103 989 3158 licinio
1007 3107 1055 3169 A¹,
1072 3103 1090 3157 l.

117 3177 216 3234 licinio
234 3177 274 3229 A²
293 3175 363 3230 Par.
378 3177 388 3245 ΙΙ
400 3175 510 3246 stolone
529 3175 636 3228 consa*
647 3174 675 3227 A
710 3179 726 3226 4
743 3171 851 3227 bellicis
870 3173 931 3242 (Γ),
950 3171 1091 3225 bellicosis

119 3247 180 3302 LA
192 3246 203 3313 l
217 3249 248 3298 16
261 3243 423 3298 arcersendi
433 3243 492 3297 LA
504 3243 514 3311 ΙΙ
526 3241 679 3312 pernicitas
691 3240 752 3294 BG
768 3245 793 3295 et
804 3254 899 3310 marpo
912 3239 946 3306 L,
966 3239 1090 3308 pertina-

119 3315 193 3370 citas
202 3313 262 3366 LA
274 3313 284 3380 ΙΙ
298 3317 330 3365 17
343 3328 406 3365 cum
419 3313 512 3366 retum
524 3309 561 3363 A·
576 3311 586 3379 ΙΙ
601 3315 631 3364 19
648 3309 737 3362 hister
748 3309 876 3378 Piytiaa.
894 3307 929 3374 cf.
944 3307 1012 3362 Ie'u.
1029 3305 1094 3361 VII

117 3385 153 3449 2,
169 3385 204 3448 6,·
230 3379 329 3434 histrio
352 3379 411 3433 LA
434 3379 522 3434 Halm
542 3379 553 3445 ΙΙ
573 3384 607 3432 20
628 3375 757 3430 schenico
781 3375 848 3431 noris
866 3375 979 3430 strionia
997 3375 1056 3429 LA
1076 3376 1092 3446 ΙΙ

118 3458 153 3506 23
170 3448 298 3504 trastulit
315 3447 342 3501 L
354 3447 364 3516 fl
376 3453 410 3501 24
429 3447 528 3501 auctor
545 3445 584 3499 L²
596 3445 606 3514 ΙΙ
619 3451 652 3498 25
669 3443 800 3498 tibicines
817 3443 968 3566 ΕἈᾟθ
985 3444 1090 3565 ilprIb—pzn

933 3530 972 3570 are.
1082 3553 1089 3574 ‚

119 3589 169 3654 12,
187 3601 238 3640 orn.
255 3584 316 3637 LA
332 3583 420 3638 Helm
