2550 3958
205 180 274 235 LIB.
292 179 313 239 Ι.
345 180 422 235 cAP.
436 185 462 246 8,
481 179 543 238 cxc.
557 185 650 234 8-17.
686 179 944 247 11.cAP.1,1-2.
1000 181 1062 247 487

155 337 323 413 Daphnites
360 335 481 413 quidam
518 337 665 413 sophistes
702 337 875 413 Apollinem
911 338 1096 398 inridendis

86 441 183 482 causa
205 421 354 482 consuluit
376 439 414 479 an
437 439 547 496 equum
568 423 705 482 inuenire
719 424 834 497 posset,
858 440 925 481 uum
940 424 1061 483 omnino

86 508 212 566 nullum
240 506 402 567 habuisset.
446 506 566 565 reddita
591 525 650 566 uox
681 510 743 577 est,
772 507 967 566 inuenturum
993 527 1061 567 eum

19 659 20 664 η
87 611 203 666 equum
233 591 428 666 futurumque
455 592 490 648 ut
520 609 555 650 eo
577 591 771 666 proturbatus
793 591 915 666 periret.
959 592 1061 667 itaque

57 675 202 736 caecidit
229 678 264 733 ut
292 674 399 734 obuius
427 675 492 751 regi
513 673 617 734 Attalo
645 675 756 748 factus,
790 676 821 734 in
849 694 938 751 quem
966 676 1062 736 multa

86 779 180 836 saepe
209 760 337 835 dixerat,
372 777 388 818 e
416 759 554 834 scopulo,
587 759 635 818 cui
663 777 771 819 nomen
798 763 864 819 erat
885 759 980 836 Equi,
1011 760 1059 820 de·

19 899 20 908 ,
87 845 233 904 iceretur.

19 915 20 924 ἵ
157 928 314 1005 Philippus
347 945 398 986 rex
428 927 623 987 Macedonum
655 929 786 988 monitus
819 931 853 986 ut
885 925 1095 1006 quadrigam9

90 1014 257 1089 metueret,
281 1012 489 1072 denuntiatum
511 1011 635 1088 periculi
657 1031 751 1089 genus
773 1031 834 1072 non
850 1013 970 1090 effugit:
993 1032 1062 1072 nam

45 1121 74 1161 ro
88 1097 257 1157 Pausanias
280 1097 312 1155 in
335 1095 439 1172 capulo
453 1096 562 1174 gladii,
585 1114 644 1172 quo
659 1116 727 1156 eum
743 1097 859 1172 occidit,
884 1098 1061 1175 quadrigam

86 1179 197 1242 habuit
217 1181 369 1242 caelatam.

19 1259 21 1354 ',
157 1264 299 1325 Callanus
322 1265 415 1324 Indus
444 1281 498 1324 sua
526 1267 632 1340 sponte
654 1285 685 1325 se
715 1266 834 1326 ardenti
861 1284 935 1343 rogo
960 1263 1113 1342 super-1⁰

19 1401 22 1416 ,
91 1351 227 1410 iecturus
250 1350 346 1409 fertur
366 1349 578 1424 interpellante
600 1349 771 1409 Alexandro
795 1350 904 1410 dixisse
920 1351 1016 1409 ‘breui
1032 1353 1062 1410 te

19 1425 23 1442 '
93 1433 229 1494 uidebo’.
259 1452 314 1493 nec
335 1451 393 1492 uox
415 1433 474 1492 fuit
488 1451 580 1493 uana:
604 1452 734 1509 namque
749 1435 850 1494 statim
864 1435 968 1510 rapida
982 1452 1062 1494 mors

19 1573 23 1584 ,
52 1542 79 1581 ra
94 1537 162 1576 eam
184 1517 347 1578 Alexandri
369 1521 525 1578 consecuta
547 1520 601 1578 est.

158 1602 281 1662 Prusiae
312 1601 392 1678 regis
425 1601 505 1662 filius
532 1602 652 1662 Prusiae
683 1620 738 1678 pro
771 1602 922 1678 superiore
956 1599 1113 1663 ordine12

19 1688 22 1698 '
93 1687 230 1746 dentium
251 1706 346 1747 unum
368 1704 399 1746 os
423 1686 588 1761 aequaliter
610 1692 765 1747 extensum
788 1685 903 1746 habuit.

157 1772 319 1848 Antipater
335 1770 477 1830 Sidonius
492 1773 581 1847 poeta
595 1788 656 1830 uno
670 1773 791 1830 tantum
805 1771 895 1830 modo
918 1770 976 1842 die,
1000 1789 1059 1846 quo
1081 1767 1112 1816 16

93 1856 215 1932 genitus
237 1859 311 1929 erat,
333 1855 409 1914 febri
430 1853 641 1931 inplicabatur,
665 1849 725 1935 [in]
748 1874 806 1931 quo
828 1859 859 1916 et
882 1855 1017 1918 decessit.

19 1918 23 1958 ἰ
49 1963 77 2004 eo
157 1940 348 2018 Polystratus
370 1942 401 1999 et
416 1939 609 2016 Hippoclides
631 1940 799 2016 philosophi
821 1938 922 2000 eodem
938 1941 984 2000 dic
998 1941 1063 2000 auti
1082 1936 1113 1986 1⁷

20 2087 23 2100 ,
94 2028 191 2086 eodem
211 2031 346 2102 tempore
360 2025 523 2101 Epicurum
546 2025 704 2084 audierunt
725 2028 756 2084 et
778 2024 930 2085 habendae
945 2025 1061 2084 scholae

20 2115 24 2212 ,
92 2111 300 2171 communione
321 2110 416 2168 iuncti
439 2109 543 2168 eodem
566 2109 613 2169 die
636 2109 835 2170 decesserunt.

476 2345 679 2356 *-

352 2453 355 2460 ’
380 2506 512 2574 creua
534 2505 772 2575 saevusve.

310 2665 365 2726 Dc
388 2663 619 2725 INSTITVTIS
642 2661 848 2735 ANTIQVIS.

23 2831 24 2834 ,
58 2803 84 2845 aa
158 2785 249 2861 Apud
276 2785 417 2862 antiquos
444 2803 506 2844 non
534 2784 630 2844 solum
651 2783 783 2860 publice,
814 2782 866 2842 sed
888 2781 978 2841 etiam
1000 2782 1060 2857 pri·
1069 2786 1112 2853 l,1

22 2853 24 2888 ¹
98 2871 188 2930 uatim
210 2870 286 2930 nihil
315 2869 477 2947 gerebatur
498 2869 562 2928 sine
584 2869 730 2945 auspicio,
764 2886 823 2943 quo
846 2884 926 2926 more
948 2865 1061 2942 nuptiis

99 2955 183 3014 etiam
204 2972 284 3014 nunc
305 2955 440 3030 auspices
461 2954 704 3030 interponuntur.
937 2967 941 2976 ’

159 3037 298 3098 Feminae
327 3057 393 3098 cum
422 3037 496 3098 uiris
519 3037 699 3098 cubantibus
721 3037 859 3098 sedentes
882 3035 1095 3098 cenitabant.2

23 3167 24 3198 ,
101 3142 171 3200 quae
194 3124 374 3184 consuetudo
397 3142 433 3182 ex
454 3122 609 3183 hominum
631 3122 771 3182 conuictu
793 3120 831 3182 ad
853 3120 1002 3180 culturam
1017 3119 1061 3178 di·

100 3293 261 3409 aaintltt
278 3301 442 3410 curu
458 3286 539 3432 tul
552 3280 1062 3473 {1ltt⁰l2tleltddl‘ottt“¹jttss

101 3439 160 3478 eum
177 3421 234 3480 cod.
284 3421 407 3491 almlld
424 3421 540 3475 Prusiae
572 3419 666 3486 forte
697 3419 734 3473 cl.
752 3419 875 3474 mama.
893 3417 1043 3486 Bithyniae
1053 3417 1062 3484 ll

102 3495 131 3544 19
146 3491 174 3542 in
191 3487 295 3545 inclusi
307 3490 317 3558 l
330 3495 364 3544 20
381 3489 427 3543 die
446 3489 507 3542 nati
526 3487 626 3542 eodem
643 3487 796 3542 accessorio
814 3485 903 3564 Ναὶ,
920 3484 1060 3556 suppleat,

102 3571 146 3616 om.
164 3556 222 3611 cod.
240 3557 351 3626 Halmii
364 3562 396 3610 21
415 3555 572 3611 audiebant
587 3555 676 3610 Halm
687 3556 698 3624 ΙΙ
710 3560 743 3609 22
762 3553 957 3609 communione
