2604 3960
381 165 459 226 ose,
473 164 524 231 v1,
544 163 605 222 axa.
623 163 727 225 aa-e.
751 163 810 218 vn.
1017 163 1079 233 201

11 389 12 392 ,
112 322 196 387 clusi
230 318 363 404 capitali
395 279 846 402 adseruabantur-,supplicio
891 319 975 402 quod
1008 339 1081 386 cum

109 409 222 471 uetere
244 404 392 469 instItuto
407 402 733 468 Lacedaemoniorum
754 405 913 468 nocturno
936 407 1081 489 tempore

109 491 237 576 passuri
256 491 377 568 essem,
407 487 560 573 coniuges
589 505 699 551 eorum
720 485 863 551 inlustris
885 487 928 552 ibi
952 489 1081 574 sangui-

108 578 164 640 nis
196 574 287 639 uelut
319 572 521 638 adlocuturae
553 574 712 656 perituros
744 573 833 637 uiros
865 572 1027 656 inpetrato
1062 593 1081 638 a

108 658 298 725 custodibus
331 657 419 723 aditu
452 673 612 723 carcerem
639 657 843 722 miscuerunt
870 662 1106 726 commutatas

111 765 175 829 que
197 747 288 808 uerte
310 761 368 827 per
390 742 627 807 simulationem
646 742 764 806 doloris
786 741 900 806 uelatis
923 741 1081 826 capitibus

110 849 167 895 eos
182 828 271 892 abiae
286 846 399 912 passae
415 831 499 892 sunt.
537 826 685 891 hocloco
701 826 778 910 quid
800 826 887 891 aliud
909 827 1079 892 adiecerim

109 933 208 999 quam
230 912 346 997 dignas
368 912 467 977 fuisse
489 911 604 996 quibus
627 910 759 994 Minyae
780 911 962 977 nuberent?

400 1124 474 1196 VII.
502 1127 563 1196 Du
585 1129 798 1200 AMICITIA.

199 1249 462 1334 Contemplemur
486 1269 575 1314 nunc
597 1249 758 1314 amIcitiae
780 1250 944 1315 uinculum
965 1253 1081 1334 potens
1095 1281 1121 1321 ιο

110 1339 144 1402 et
181 1333 378 1400 raaualidum
393 1353 498 1418 neque
520 1333 587 1398 ulla
607 1337 751 1418 exparte
772 1335 940 1418 sanguinis
960 1335 1082 1401 uiribus

113 1356 260 1498 inddrius,
284 1418 347 1484 hoc
365 1418 463 1483 etiam
478 1418 595 1484 certius
610 1421 643 1482 et
666 1417 871 1502 exploratius,
895 1419 981 1504 quod
1003 1419 1081 1484 illud

113 1503 271 1572 nascendi
293 1525 377 1582 sors,
406 1503 575 1570 fortuitum
597 1523 695 1586 opus,
723 1502 787 1567 hoc
814 1503 908 1568 unius
932 1503 1082 1588 cuiusque

114 1589 219 1656 solido
246 1589 364 1654 iudicio
397 1586 548 1652 inchoata
580 1587 729 1654 uoluntas
758 1586 929 1652 contrahit.
974 1589 1082 1672 ioque

114 1674 250 1742 celerius
288 1674 358 1738 eine
399 1671 649 1756 reprehensione
685 1672 900 1756 propinquum
937 1693 1083 1737 auersere
1096 1701 1122 1741 15

114 1781 212 1844 quam
234 1759 383 1839 amioum,
408 1758 482 1842 quia
503 1757 604 1822 altera
622 1757 792 1840 diremptio
814 1777 882 1821 non
897 1756 1007 1840 utique
1023 1757 1084 1820 ini-

115 1844 259 1928 quitatis,
286 1842 387 1908 altera
408 1843 519 1924 utique
541 1842 681 1908 leuitatis
703 1841 829 1906 crimini
853 1841 996 1906 subiecta
1018 1846 1082 1906 eat:

111 1949 184 1994 cum
212 1928 299 1992 enim
327 1924 452 1992 deserta
488 1926 530 1990 sit
558 1926 669 1993 futura
701 1927 769 1992 uita
795 1925 936 1990 hominis
963 1925 1084 1992 nullius

115 2013 276 2079 amicitiae
307 2012 413 2078 cincta
435 2011 611 2095 praesidio,
641 2016 708 2078 tam
738 2012 954 2076 necessarium
982 2011 1084 2076 subsi-

115 2098 204 2162 dium
226 2101 347 2162 temere
369 2094 493 2160 adsumi
514 2117 582 2160 non
605 2097 714 2180 debet,
743 2097 841 2161 semel
866 2099 973 2160 autem
995 2099 1081 2162 recte
1095 2128 1122 2168 20

116 2180 351 2265 adprehensum
367 2180 477 2265 sperni
490 2201 557 2244 non
574 2181 735 2246 conuenit.⁸
763 2181 905 2246 sincerae
920 2201 996 2245 uero
1011 2180 1085 2246 fidei

118 2267 215 2332 amici
237 2266 409 2350 praecipue
431 2265 466 2328 in
489 2265 630 2330 aduersis
653 2267 747 2331 rebus
771 2269 1022 2350 cognoscuntur,
1050 2268 1085 2330 fn

119 2351 235 2436 quibus
258 2349 412 2434 quidquid
434 2351 616 2434 praestatur
637 2353 742 2415 totum
767 2371 787 2414 a
809 2350 970 2415 constanti
997 2351 1086 2416 beni·
1116 2381 1121 2386 ·

120 2436 266 2502 uolentia
317 2434 518 2500 roficisoitur.
562 2434 727 2500 felicitatis
758 2433 863 2500 cultus
896 2436 1015 2500 maiore
1048 2457 1087 2502 cx

118 2524 211 2606 parta
234 2457 418 2584 aduiauone
435 2541 536 2668 1puam
566 2520 697 2586 caritate
724 2522 888 2604 erogatur,
921 2523 1005 2585 certe
1035 2542 1086 2586 su·
1100 2549 1125 2589 aa

118 2609 247 2690 spectus
270 2610 319 2668 est
340 2605 432 2688 perin
456 2625 473 2668 e
496 2625 533 2669 ac
554 2604 627 2687 plus
657 2625 783 2689 semper
804 2607 895 2688 petat
917 2625 1011 2687 quam
1039 2605 1088 2670 in·

119 2688 249 2775 pendat.
280 2688 404 2754 accedit
418 2688 492 2772 huc,
509 2689 591 2772 quod
607 2689 763 2755 infractae
778 2689 925 2753 fortunae
940 2687 1088 2754 homines

185 2882 198 2929 1
217 2874 372 2929 sicaetera
391 2875 473 2954 (corr.
493 2889 507 2929 e
525 2875 687 2941 conuetcre)
706 2875 733 2928 L
756 2877 766 2944 ΙΙ
788 2881 804 2930 8
821 2874 880 2928 min
902 2886 935 2928 ae
954 2877 1033 2936 (corr.
1052 2887 1086 2930 ea·

115 2942 239 3010 moenia)
254 2941 296 3008 A,
315 2957 426 3013 moeme
445 2943 468 3010 (s
523 2942 669 3000 ,audebo
693 2941 832 3011 thaDlI
919 2941 1018 2996 CITIA
1036 2953 1087 2996 om.

114 3009 189 3077 LA,
207 3010 254 3065 sed
272 3009 340 3066 add.
359 3023 454 3078 scarpo
466 2957 544 3068 pppn
563 3013 580 3064 3
597 3015 623 3065 et
635 3025 730 3080 murpo
742 3010 769 3064 A
782 3011 876 3064 ePor.
891 3010 1088 3088 praeuertere

114 3079 188 3141 LA,
209 3093 257 3132 em.
276 3078 309 3132 in
327 3078 392 3132 dett.
410 3078 420 3147 ΙΙ
440 3082 470 3129 16
488 3093 536 3145 qur
555 3077 646 3132 altera
663 3077 744 3131 L¹A¹
762 3080 773 3147 ll
789 3078 941 3146 diremptio
959 3091 1016 3130 non
1033 3079 1088 3130 utr-

135 3159 171 3226 ue
194 3159 244 3224 pos
262 3145 399 3224 probante
421 3142 525 3199 Madui
541 3145 570 3222 io
592 3145 712 3226 11321,
739 3145 894 3199 directione
917 3145 987 3225 utiq.
1008 3143 1087 3225 LAJ,

115 3163 230 3268 dilectio
253 3215 417 3280 neubquam
438 3213 491 3278 Μ,
538 3215 671 3282 rremptm
694 3229 707 3266 e
728 3213 804 3268 codd.
827 3213 863 3282 (2)
877 3213 1020 3291 ,Plausus
1048 3212 1089 3265 ds-

113 3282 236 3360 remptio
254 3280 422 3348 neutiquam
439 3281 486 3334 uei
504 3281 640 3384 nputquue
657 3280 779 3384 Halmii!
805 3286 836 3360 is
855 3280 961 3360 diserta
979 3279 1060 3333 L¹A¹
1073 3281 1085 3349 ll

114 3350 260 3472 {inm
268 3348 366 3471 didit
377 3347 785 3484 iiiiidadi’cdiniiacduss,
796 3349 862 3470 biiii
875 3348 1088 3484 fflidffi

19 3535 29 3556 ,
115 3485 203 3540 animi
220 3499 282 3538 mor
301 3499 316 3537 ο
333 3486 361 3538 Α
374 3485 383 3553 l}
397 3491 429 3538 23
449 3483 581 3552 quicquid
598 3484 657 3538 LA
670 3485 679 3553 {l
692 3490 725 3538 ab
743 3483 899 3538 adulationi
917 3500 1002 3552 quam
1020 3484 1089 3538 cari-

117 3554 173 3608 tati
191 3553 250 3607 LA
299 3551 369 3622 olm,
389 3568 437 3607 em.
459 3550 541 3606 Gertz
554 3566 586 3619 p.
599 3555 654 3607 278
