2550 3958
189 151 253 214 454
586 146 655 201 nia.
675 145 763 204 vim.

189 299 342 383 conperit,
365 319 512 363 accusare
536 299 621 382 apud
643 298 799 382 populum
821 299 975 363 instituit.
1022 300 1177 366 interro-

190 387 285 470 gatus
314 383 428 448 deinde
457 384 533 468 quid
563 384 601 448 de
632 405 669 447 eo
698 404 789 448 secus
812 383 955 448 dicturus
977 388 1085 468 esset,
1118 388 1179 451 cui

190 490 249 554 pro
271 469 445 534 sanctitate
467 491 592 533 morum
611 469 694 532 satis
709 468 810 553 digna
831 467 973 533 laudatio
986 469 1086 534 reddi
1102 492 1177 536 non

192 557 317 638 posset,
351 554 518 638 respondit
551 553 750 618 obiecturum
778 573 811 616 se
839 552 888 616 illi
916 553 1003 637 quod
1032 557 1176 638 parcius

150 658 163 699 a
191 660 324 723 corpore
351 639 452 704 telum
479 639 661 722 recepisset.
711 638 875 703 licentiam
900 638 1020 702 furoris
1043 661 1175 726 aegrae

190 725 238 788 rei
261 725 408 808 publicae
430 724 552 809 gemitu
573 721 843 806 prosequendam!

253 812 285 874 3.
310 809 344 872 h.
360 831 437 874 uero
460 808 600 874 Catilina
622 809 654 872 in
677 810 792 872 senatu
814 805 858 870 M.
875 805 1033 872 Cicerone
1048 808 1173 876 incen-

191 894 278 958 dium
301 893 341 957 ab
369 895 439 978 ipso
464 895 639 957 excitatum
661 892 787 956 dicente
811 891 951 974 ‘sentio',
981 892 1100 976 inquit
1124 900 1173 961 ‘et
1252 935 1253 940 κ

190 977 319 1062 quidem
334 978 425 1059 illud,
448 979 475 1041 si
490 999 574 1062 aqua
588 999 654 1041 non
668 980 819 1064 potuero,
830 976 923 1040 ruina
936 977 1172 1064 restinguam'.
1252 1017 1253 1030 κ

151 1083 177 1122 10
191 1084 285 1147 quem
301 1062 377 1145 quid
392 1062 478 1127 aliud
502 1063 718 1126 existimemus
742 1082 838 1145 quam
861 1061 1085 1128 conscientiae
1111 1066 1171 1130 sti·

189 1148 284 1211 mulis
300 1151 408 1211 actum
420 1169 509 1210 reum
526 1149 573 1230 [a]
591 1168 624 1210 se
636 1147 781 1211 inchoati
793 1145 956 1229 parricidii
968 1149 1170 1233 peregisse?

251 1231 282 1295 4.
317 1231 565 1296 Consternatum
594 1232 691 1296 etiam
720 1231 809 1315 Magi
838 1229 985 1296 Chilonis
1014 1234 1171 1299 amentia

187 1319 315 1400 pectus,
345 1317 399 1400 qni
421 1315 465 1381 M.
488 1316 642 1381 Marcello
671 1316 781 1380 datum
804 1337 823 1379 a
845 1315 980 1381 Caesare
1004 1319 1166 1401 spiritum

188 1421 246 1466 sua
267 1422 365 1466 manu
387 1402 515 1486 eripuit,
538 1405 631 1466 uetus
647 1402 769 1466 amicus
793 1403 826 1464 et
840 1399 1058 1484 Pompeianae
1074 1403 1167 1467 mili-

148 1503 174 1544 15
188 1486 251 1550 tiae
267 1507 384 1569 comes,
406 1485 595 1572 indignatus
618 1486 739 1570 aliquos
763 1484 825 1549 sibi
855 1487 1030 1550 amicorum
1054 1486 1098 1550 ab
1125 1510 1165 1554 eo

186 1571 357 1654 praeferri:
381 1572 493 1637 urbem
509 1571 595 1636 enim
618 1593 636 1634 a
657 1569 842 1654 Mytilenis,
867 1591 929 1654 quo
954 1591 987 1635 se
1012 1571 1167 1637 contule·

61 1680 79 1698 *κ
186 1659 253 1737 rat,
294 1660 493 1740 repetentem
526 1658 561 1720 in
595 1655 841 1719 Atheniensium
877 1658 973 1738 portu
1011 1656 1166 1740 pugione

187 1741 333 1806 confodit
354 1743 564 1826 protinusque
588 1740 627 1803 ad
655 1740 861 1804 inritamenta
883 1741 1057 1804 uaesaniae
1081 1763 1165 1807 suae

186 1825 377 1890 trucidanda
392 1826 540 1906 tetendit,
564 1825 727 1890 amicitiae
741 1824 857 1906 hostis,
881 1823 984 1888 diuini
1007 1824 1164 1891 beneficii

147 1925 175 1966 20
189 1910 394 1994 interceptor,
416 1910 564 1995 publicae
580 1909 758 1994 religionis,
781 1908 868 1993 quod
884 1908 925 1972 ad
940 1909 1079 1973 salutem
1094 1910 1164 1976 cla·
1250 1933 1251 1938 ¹

185 1994 305 2058 rissimi
328 1995 408 2058 ciuis
430 1995 681 2076 recuperandam
703 1993 852 2072 attinuit,
875 1993 989 2058 acerba
1011 1993 1115 2059 labes.

248 2080 278 2142 5.
302 2077 395 2141 Hanc
410 2078 642 2157 crudelitatem,
667 2079 718 2144 cui
740 2077 824 2143 nihil
845 2078 928 2142 adici
949 2099 1044 2161 posse
1067 2078 1162 2146 uide·

184 2165 247 2243 tur,
272 2161 306 2226 C.
324 2161 483 2226 Toranius
499 2163 667 2228 atrocitate
687 2162 844 2247 parricidi
859 2165 1041 2246 superauit:
1063 2185 1161 2229 nam·

186 2267 248 2328 que
276 2246 520 2311 triumuirorum
548 2253 656 2331 partes
684 2251 813 2312 secutus
845 2248 1019 2331 proscripti
1051 2251 1161 2332 patris

147 2349 172 2389 aa
186 2331 236 2393 sui
257 2332 411 2414 praetorii
433 2336 466 2396 et
487 2333 594 2396 ornati
616 2333 677 2396 uiri
698 2332 856 2409 latebras,
884 2335 1023 2397 aetatem
1044 2336 1160 2399 notas-

185 2416 741 2586 enecatur{il-isurun
758 2420 885 2566 pilli}
909 2417 1159 2588 {cinthia

286 2551 294 2582 ,
743 2547 750 2562 .

253 2658 268 2705 2
295 2653 374 2723 qnid]
403 2652 471 2707 cdd.
495 2652 525 2709 O.
550 2652 582 2711 Τ.
605 2653 679 2721 quod
702 2653 728 2707 ei
755 2653 862 2706 crimen
889 2652 1052 2707 obiecturus
1080 2657 1159 2710 esset

184 2720 1155 2856 crat}tal-ledamhll'tltlffintlarafata‘

184 2856 245 2908 III
257 2859 306 2924 23,
327 2829 412 2925 aegr'e
429 2829 468 2909 A²
485 2855 585 2922 Halm,
611 2871 696 2924 aegro
716 2829 800 2910 cirri
817 2871 848 2923 p.
867 2859 933 2921 296,
953 2829 1013 2910 ac’ri
1034 2829 1158 2928 Cemty

184 2927 255 2977 1884
267 2939 298 2992 p.
317 2925 392 2992 7921!
411 2930 425 2978 7
444 2923 571 2978 catillina
587 2923 618 2976 in
635 2925 765 2978 senatum
782 2924 819 2980 ni.
837 2924 876 2977 A¹
889 2925 899 2993 ΙΙ
912 2922 1042 2978 cicerone
1058 2925 1108 2991 A¹,
1125 2943 1156 2984 n.

184 3008 222 3044 m.
241 2992 341 3046 catone
359 3007 454 3061 marpo
472 2992 500 3045 A
517 2997 548 3046 ut
561 2992 641 3046 Past'.
656 2993 694 3060 119
714 2991 900 3071 [restinguam
918 3008 1004 3059 quem
1022 2991 1105 3063 qui]d
1117 2994 1154 3062 A,

183 3060 358 3128 restinguam
382 3060 452 3114 Par.
476 3065 508 3115 ut
530 3058 598 3118 Sall.
624 3059 685 3115 Cat.
709 3063 759 3125 31;
788 3059 844 3118 Ora.
866 3075 908 3126 pr.
934 3058 1012 3112 Mra.
1034 3063 1081 3126 25,
1103 3063 1153 3128 21;

184 3125 266 3182 Flor.
290 3128 368 3180 IIII
387 3132 416 3194 1,
440 3132 472 3198 7,
501 3129 574 3196 qaod
596 3129 698 3196 recepi,
729 3127 804 3181 extin
828 3143 893 3180 uam
916 3126 980 3181 dett.
1002 3142 1073 3185 omn.
1093 3128 1103 3195 l
1123 3136 1155 3184 10

186 3194 284 3264 [qnam
297 3226 328 3235 -
341 3196 431 3264 reum]
451 3212 468 3249 a
486 3212 515 3250 se
533 3197 561 3250 A
582 3197 591 3266 ΙΙ
617 3203 643 3249 11
666 3212 744 3274 reum
762 3211 792 3248 se
839 3195 978 3273 aaronica
989 3195 1000 3263 lt
1012 3195 1154 3318 i¹¹⁰h⁰⁶t³fi

184 3291 218 3300 -
232 3261 462 3332 Constern]atum
480 3264 508 3317 A
529 3265 538 3332 ΙΙ
562 3269 592 3317 12
610 3263 698 3331 magii
715 3263 754 3315 A²
771 3263 781 3331 ΙΙ
804 3268 836 3316 14
854 3276 1029 3317 amiensem.
1047 3264 1077 3316 A
1112 3263 1155 3330 E,

184 3330 276 3398 suppl.
287 3346 382 3401 murno
393 3332 421 3384 A
434 3333 527 3388 ePur.
541 3331 576 3397 cf.
589 3330 732 3398 Sulpicius
744 3345 788 3396 ap.
804 3330 861 3385 Oia.
873 3331 993 3394 adsum.
1005 3331 1085 3383 IIII
1092 3333 1151 3402 12!

187 3402 218 3448 15
236 3397 360 3465 aliquem
377 3401 428 3459 Al,
457 3416 483 3453 u.
507 3415 677 3467 quemquam
700 3413 795 3466 marco
816 3399 845 3451 A
867 3414 880 3451 c
903 3398 972 3455 Pur.
991 3398 1001 3466 l
1022 3405 1051 3452 17
1071 3415 1102 3453 re
1125 3415 1154 3454 e·

184 3463 264 3514 tante
282 3465 311 3514 A
331 3467 340 3530 ΙΙ
363 3471 394 3516 18
417 3466 551 3541 nasaniae
574 3481 640 3520 suae
664 3468 743 3528 (corr.
762 3480 775 3516 e
793 3468 854 3531 sua)
872 3466 901 3518 A
914 3467 931 3542 p
953 3471 985 3519 22
1004 3417 1152 3532 niderethr

185 3529 222 3580 A¹
233 3526 257 3580 G
267 3529 277 3595 [1
289 3534 322 3581 23
340 3533 467 3583 turamns
485 3534 536 3597 A¹,
555 3547 604 3586 em.
623 3549 637 3587 e
654 3533 723 3587 Par.
736 3533 746 3600 ΙΙ
759 3537 792 3586 26
810 3531 977 3587 aanosc1A¹
1250 3545 1253 3656 ἱ
