2606 3958
208 138 270 202 338
617 133 686 189 nro.
704 133 765 190 vn.

207 287 351 372 haberet,
373 290 410 352 ut
423 290 561 372 utroque
576 288 683 371 potius
697 286 783 352 bono
798 287 901 351 milite
922 290 1064 352 uteretur
1078 309 1176 371 quam

208 375 243 438 in
259 376 430 457 utrumque
445 371 727 455 animaduerteret,
748 372 841 437 alteri
856 371 1070 455 suspicionem
1084 395 1177 438 suam

112 497 115 505 ·
210 457 437 539 dissimulauit,
460 457 495 521 in
518 456 621 522 altero
639 456 841 540 disciplinam
862 457 1028 540 paululum
1051 462 1174 522 arceto

208 545 321 607 tenore
350 541 493 606 deflexit:
522 562 660 626 namque
688 541 779 604 illum
807 540 902 624 plene
931 563 990 625 pro
1018 542 1176 606 tribunali

183 626 370 692 claudendo
392 626 544 709 omnique
567 647 685 710 genere
707 625 840 690 honoris
862 626 1085 710 prosequendo
1108 627 1177 691 ani·
1289 671 1290 676 κ

209 734 297 777 mum
319 732 412 776 suum
428 732 447 774 a
462 710 579 774 Poenis
594 710 635 775 ad
650 709 813 775 Romanos
828 711 936 795 coegit
955 731 1119 788 reuocare,
1144 715 1178 776 et

208 796 294 862 hunc
309 796 392 861 clam
407 795 610 859 meretricem
629 795 785 860 redimere
805 817 918 879 passus
937 794 1177 878 paratissimum
1290 793 1291 820 ;

208 903 266 965 pro
288 880 382 945 nobis
404 899 607 945 excursorem
630 879 780 944 reddidit.
1291 948 1292 970 χ

272 966 303 1031 8.
339 963 479 1030 Veniam
511 984 597 1029 nunc
625 964 665 1028 ad
693 985 747 1029 eos
796 965 911 1048 quibus
938 964 1024 1029 salus
1053 965 1175 1030 astutia

170 1073 194 1112 ιο
208 1050 354 1132 quaesita
375 1052 433 1113 est.
469 1046 514 1113 M.
529 1045 684 1113 Volusius
706 1014 765 1113 aeri

207 1137 334 1217 sumpto
362 1131 457 1198 Isiaci
489 1132 603 1198 habitu
634 1153 693 1216 per
724 1133 841 1198 itinera
867 1155 998 1218 masque
1026 1133 1174 1218 publicas

207 1219 323 1301 stipem
345 1220 458 1303 petens
479 1217 627 1302 quisnam
648 1239 683 1282 re
704 1239 783 1283 uera
804 1221 888 1283 esset
910 1219 1107 1284 occurrentis
1123 1219 1172 1283 di-

766 1048 817 1113 ilis
838 1049 1104 1146 pl.·proscriptus
1120 1051 1176 1113 ad·
1291 1105 1292 1110 ,

206 1323 337 1366 noscere
352 1323 463 1386 passus
485 1323 552 1366 non
573 1307 622 1367 est
644 1323 743 1386 eoque
764 1303 913 1368 fallaciae
928 1324 1046 1388 genere
1067 1306 1174 1369 tectus
1292 1345 1293 1350 κ

206 1388 242 1452 in
269 1385 314 1453 M.
333 1385 426 1452 Bruti
453 1390 557 1451 castra
583 1387 742 1470 peruenit.
793 1387 870 1471 quid
900 1388 957 1452 illa
978 1387 1175 1453 necessitate

169 1493 194 1532 re
207 1472 369 1552 miserius,
399 1493 480 1555 quae
508 1471 733 1556 magistratum
756 1473 865 1556 populi
887 1471 1026 1538 Romani
1048 1472 1175 1539 abieoto

206 1556 336 1621 honoris
359 1560 523 1642 praetexto
553 1557 752 1640 alienigenae
781 1557 946 1641 religionis
969 1558 1173 1622 obscuratum

207 1641 390 1740 insignibus
415 1662 473 1725 per
499 1642 610 1706 urbem
638 1641 731 1706 iussit
757 1641 921 1706 incederet
955 1642 1094 1706 onimis
1117 1649 1176 1706 aut
1294 1679 1295 1684 κ

206 1726 242 1790 br
273 1747 348 1790 suae
375 1727 463 1790 uitae
491 1729 546 1790 aut
579 1726 627 1790 illi
660 1726 783 1790 alienae
817 1726 927 1790 mortis
961 1726 1087 1810 cupidi,
1118 1729 1176 1810 qni

206 1810 286 1875 talia
300 1810 353 1875 nel
367 1810 431 1897 ipsi
445 1811 668 1876 sustinuerunt
682 1810 734 1874 uel
746 1810 824 1875 alios
839 1812 964 1895 perpeti
979 1813 1173 1895 coegerunt!

168 1915 193 1954 ro
270 1895 301 1960 9.
324 1895 501 1979 Aliquanto
517 1895 690 1978 speciosius
706 1893 809 1961 Sentii
825 1895 992 1960 Saturnini
999 1895 1172 1962 Vetulonis

206 1980 242 2044 in
264 1979 375 2044 eodem
390 2000 507 2064 genere
530 2000 621 2045 casus
636 1979 768 2044 ultimae
791 1981 885 2045 sortis
901 1980 1068 2046 auxilium.
1103 1982 1169 2064 qui,

207 2085 279 2132 oum
301 2085 320 2127 a
341 2064 520 2128 triumuiris
540 2065 626 2129 inter
641 2065 835 2148 proscriptos
849 2086 970 2130 nomen
992 2086 1174 2149 snumpro-

205 2148 346 2231 positum
362 2148 513 2230 audisset,
530 2151 682 2213 continno
704 2153 874 2233 praeturae
895 2149 1035 2234 insignia
1050 2150 1172 2214 inuasit

205 2230 533 2315 praecedentibusque
560 2234 596 2297 in
618 2233 746 2298 modum
774 2234 923 2299 lictorum
953 2239 984 2300 et
1007 2234 1173 2318 apparito-

274 2364 400 2419 3ulterri
420 2367 480 2421 LA
501 2367 511 2437 l
532 2367 717 2436 disciplinaL
738 2369 748 2437 l
768 2373 784 2421 4
803 2367 932 2437 Namque
951 2369 1011 2436 (sed
1028 2385 1046 2422 a
1063 2369 1172 2423 stein

204 2448 259 2490 ros.
277 2446 355 2496 corr„
372 2439 404 2487 ct
421 2435 490 2503 cia,
509 2451 523 2490 c
540 2435 674 2505 Numqui)
692 2437 729 2502 A,
752 2436 818 2502 fort.
837 2452 960 2504 namque
978 2439 1008 2490 et
1024 2436 1113 2490 Halm
1130 2439 1140 2504 l
1158 2443 1175 2491 5

205 2500 348 2556 laudando
357 2503 405 2569 A¹,
425 2503 479 2558 litt.
492 2503 606 2557 ndando
624 2505 657 2558 io
674 2519 730 2558 ras.
751 2507 818 2562 m.2
835 2504 862 2557 L
874 2504 885 2572 ΙΙ
897 2502 1042 2582 omnisque
1081 2504 1174 2558 oneris

204 2568 310 2622 honore
328 2570 413 2636 Par.;
431 2575 462 2626 ot
478 2586 506 2625 u.
523 2571 612 2625 Halm
629 2587 678 2648 em.
700 2570 761 2630 Vol.
800 2573 874 2640 ,1311
892 2575 908 2624 6
924 2586 1048 2625 romanis
1060 2520 1138 2692 8ῢὲ
1157 2575 1174 2626 8

205 2651 384 2690 excursorem
402 2638 507 2702 Aldus,
530 2654 746 2716 excussioremq.
795 2638 835 2704 A,
858 2640 1094 2706 excursatoremq.
1157 2642 1161 2704 Ι

205 2710 237 2760 10
287 2705 395 2758 uaesita
428 2705 487 2776 est]
520 2706 587 2761 add.
616 2706 806 2762 Adbremator
839 2706 884 2785 bic
913 2706 977 2760 hab.
1004 2705 1089 2768 tiemo
1122 2705 1147 2758 D

203 2771 272 2826 AST
300 2771 362 2825 ΤΙΑ
387 2789 481 2843 murpo
506 2774 534 2827 A
556 2789 571 2828 c
592 2774 662 2830 Pur.
686 2777 696 2843 l
719 2792 757 2827 m.
788 2773 890 2828 uolnus
916 2776 987 2829 Por.
1012 2774 1022 2843 ss
1048 2781 1079 2828 13
1106 2789 1171 2842 pas-

203 2858 270 2919 sum,
283 2839 354 2892 LA¹
367 2840 377 2920 i
391 2841 552 2920 lolobiecto
569 2843 607 2896 ΑΙ
653 2847 685 2896 16
703 2841 869 2910 refigionis
888 2840 926 2920 (li,
938 2847 1019 2908 cras.)
1037 2843 1065 2895 A
1076 2842 1087 2910 l
1100 2847 1132 2895 17
1151 2857 1169 2896 o

203 2923 285 2961 n1m1s
303 2908 469 2964 Prrssooccs
487 2925 501 2964 c
518 2908 574 2967 coo.
593 2908 629 2965 Sc
663 2911 699 2965 ttc'
715 2911 769 2968 Μ.
788 2909 828 2975 L,
852 2924 941 2963 omnis
959 2908 1042 2975 A¹O,
1072 2924 1170 2964 omnes

202 2977 242 3029 A²
259 2975 334 3042 cea,
353 2977 465 3031 omnino
482 2976 567 3031 nimis
583 2977 681 3032 Heller
697 2978 730 3032 io
746 2977 884 3046 Philolop.
901 2980 973 3032 1868
986 2993 1016 3046 p.
1029 2978 1084 3032 672
1105 2977 1115 3045 l
1136 2981 1172 3030 20

203 3043 349 3121 aliquanto
374 3047 398 3110 (t
420 3060 453 3100 ca
475 3045 494 3098 d
516 3058 585 3100 corr.
615 3045 643 3098 L
665 3047 675 3113 u
699 3046 783 3098 sentii
799 3047 831 3100 in
848 3061 903 3103 ras.
921 3045 987 3099 moi.
1006 3046 1034 3098 A
1052 3061 1066 3099 o
1083 3045 1156 3100 Por.

203 3113 340 3165 centenou
357 3111 400 3189 Π,
418 3111 564 3167 sententiis
610 3113 622 3148 ²
639 3111 704 3167 dett.
719 3115 729 3182 ΙΙ
742 3113 876 3191 sensnm·
887 3113 924 3166 L¹
937 3113 948 3181 ΙΙ
960 3118 992 3166 21
1011 3111 1093 3166 fortis
1102 3084 1170 3181 A¹ll

203 3180 1172 3317 {qoqrqulsqtqqrbqlaceqlnplqosfflqtqg)h1'{¹{ql{4(qqqoqqrtrtn[131'pqppa

203 3329 238 3364 ue
257 3313 505 3382 hilaresceret.)
524 3316 565 3383 A,
614 3316 724 3370 raoocd.
750 3316 838 3368 seruis
860 3316 889 3368 in
907 3315 1022 3368 modum
1039 3315 1174 3368 lictorum

203 3378 403 3456 adparitorque
427 3383 558 3460 uehicula
608 3399 659 3448 ar..
686 3383 760 3450 quod
784 3383 863 3438 edidi
884 3383 985 3438 habeat
1006 3381 1034 3436 L
1052 3387 1083 3460 'et
1106 3381 1174 3439 dett.

202 3459 256 3498 mec
273 3459 378 3521 omnes,
400 3451 593 3518 apparitorum
611 3449 795 3519 publicorum
807 3451 896 3505 seruis
914 3450 1074 3505 subornatis
1093 3449 1171 3514 (sort.

204 3511 310 3564 ornatis
327 3512 426 3580 Halm)
444 3516 534 3575 uehic.
553 3518 615 3574 edd.
632 3522 699 3573 cett.
