2604 3960
225 194 290 259 204
635 188 703 242 nn.
725 187 785 243 1111.

227 344 351 430 patriae
373 343 528 409 Horatius
551 341 665 410 Cocles
688 340 889 419 exhibuerat,
919 341 1015 405 unius
1036 341 1205 409 amicitiae

118 489 120 494 .
228 430 353 494 adiecta
385 429 569 495 uoluntaria
600 429 703 492 morte
735 425 909 510 praestitit.
964 445 1059 510 quam
1091 425 1202 494 bonos

228 513 376 593 Gracchi,
400 513 429 578 si
451 518 506 579 aut
527 513 629 598 patris
652 514 709 576 aut
729 510 867 574 materni
889 510 944 575 aui
966 512 1086 575 sectam
1107 513 1202 578 uitae

227 599 356 698 ingredi
383 599 576 681 uoluissent,
610 596 728 662 babere
755 595 873 660 milites
906 596 1094 678 potuerant!
1136 619 1205 682 quo

201 705 316 751 scnrm
345 684 484 768 impetu,
513 703 576 766 qua
602 681 845 766 perseuerantia
872 680 972 744 animi
995 678 1142 746 Blossius
1167 689 1203 748 et

226 769 425 852 Pomponius
441 772 473 832 et
488 766 654 832 laetorius
668 769 802 849 tropaea
823 785 861 830 ac
882 763 1063 849 triumphos
1087 785 1201 832 corum

228 853 435 934 adiuuissent,
458 851 572 916 furiosi
594 853 818 915 concinatam
841 849 964 914 strenui
986 849 1129 934 comites,
1157 853 1202 916 si-

227 937 339 1002 nistris
355 935 482 1021 quidem
504 934 655 1019 auspiciis
671 933 832 999 amicitiae
847 931 1070 998 condicionem
1085 938 1202 1022 secuti,

229 1020 282 1086 sed
299 1041 361 1119 quo
375 1020 550 1104 miseriora,
574 1019 638 1084 hoc
661 1019 798 1085 certiora
812 1018 949 1084 fideliter
971 1018 1075 1084 cultae
1091 1021 1203 1105 [nobi-

190 1106 343 1188 1olitatrs]
368 1103 522 1187 exempla.

293 1203 323 1270 3.
358 1203 393 1270 L.
424 1207 539 1269 autem·
558 1203 722 1290 Reginus,
758 1206 785 1268 si
819 1203 858 1268 ad
892 1201 1031 1269 debitam
1066 1205 1203 1290 publico
1281 1233 1282 1236 ¹

229 1289 411 1354 ministerio
428 1290 646 1355 sinceritatem
662 1290 819 1374 exigatur,
838 1289 1036 1374 posteritatis
1052 1291 1203 1358 conuicio
1281 1355 1282 1380 ,

229 1373 434 1453 lacerandus,
460 1376 488 1439 si
510 1374 669 1440 amicitiae
690 1375 754 1438 fido
776 1374 910 1458 pignore
933 1373 1134 1455 aestimetur,
1165 1378 1203 1444 in
1281 1415 1282 1450 i

231 1458 354 1544 optimc
366 1457 534 1524 laudabilis
550 1459 768 1524 conscientiae
781 1463 878 1542 portu
888 1457 1119 1542 relinquendus
1135 1468 1203 1528 est:
1281 1453 1282 1518 l

192 1555 217 1595 1⁵
231 1543 381 1610 tribunus
411 1543 496 1609 enim
547 1543 628 1608 lebis
651 1543 845 1628 Caepionem
874 1543 908 1608 in
939 1561 1098 1608 carcerem
1127 1567 1205 1612 con-

232 1631 363 1714 iectum,
387 1627 470 1714 quod
493 1629 504 1692 i
530 1649 579 1693 ius
602 1627 695 1776 ouldpa
716 1627 873 1693 exercitus
895 1629 1007 1692 noster
1025 1647 1045 1693 a
1060 1629 1205 1697 Cimbris

231 1720 264 1780 et
278 1713 435 1781 Teutonis
457 1713 625 1779 uidebatur
668 1712 783 1795 cletus,
807 1711 925 1776 ueteris
947 1715 1035 1778 artae
1059 1735 1098 1778 ue
1121 1717 1203 1781 ami·

228 1799 322 1864 citiae
344 1819 467 1864 memor
483 1797 613 1882 publica
635 1795 780 1862 custodia
794 1793 945 1862 liberauit
966 1735 1203 1866 neoiractenns

228 1883 368 1949 amicum
389 1882 493 1968 egisse
513 1885 686 1948 contentus
709 1881 803 1946 etiam
818 1881 854 1947 fu
899 1903 916 1945 e
937 1881 1005 1946 eius
1020 1903 1126 1949 comes
1148 1907 1202 1951 ao·

189 1983 215 2023 20
230 1967 335 2033 cessit.
400 1987 436 2031 ro
459 1985 613 2054 magnum
635 1969 668 2031 et
689 1966 865 2049 inexupera
888 1965 930 2031 ile
952 1971 1044 2031 tuum
1066 1989 1201 2053 numen,

228 1987 398 2116 amicitiaij
427 2071 498 2115 oum
521 2071 560 2115 ex
582 2051 684 2116 altera
710 2054 803 2135 parte
831 2071 882 2116 res
909 2051 1038 2134 publica
1065 2073 1200 2119 manum

228 2135 379 2218 iniceret,
402 2154 440 2198 ex
462 2134 564 2200 altera
584 2139 641 2200 tua
662 2135 754 2201 illum
777 2135 908 2200 dextera
921 2133 1072 2222 traheret,
1095 2142 1128 2203 et
1142 2139 1204 2206 illa
1280 2205 1281 2220 ,

227 2222 265 2284 ut
286 2223 509 2284 sacrosanctus
533 2241 601 2285 esse
622 2220 721 2285 uellet
737 2220 896 2305 exigeret,
918 2225 955 2286 tu
971 2221 1102 2286 exilium
1117 2225 1201 2288 indi-

229 2323 378 2368 ceres-
402 2303 481 2368 adeo
510 2304 629 2369 blando
658 2305 757 2369 uteris
783 2305 981 2388 imperio-
1005 2307 1200 2391 supplicium

188 2407 214 2448 cs
227 2388 343 2453 honori
364 2387 526 2473 praetulit.

290 2490 321 2553 4.
350 2489 549 2556 Admirabile
563 2491 626 2556 hcc
648 2513 727 2575 opus
749 2495 858 2574 tuum,
880 2489 935 2556 scd
950 2491 1037 2576 quod
1052 2493 1201 2577 sequitur

227 2573 271 2639 ali
294 2578 393 2640 uanto
422 2575 630 2641 laudabilius:
662 2596 856 2660 recognosce
891 2575 977 2640 cuim
1005 2598 1068 2661 quc
1094 2599 1200 2662 usque

226 2595 382 2725 Volumni
411 2664 612 2726 constantem
640 2663 716 2748 erga
745 2660 882 2725 amicum
911 2683 1003 2758 suum
1032 2662 1200 2729 caritatem

229 2745 297 2810 sine
313 2745 380 2810 ulla
393 2745 440 2810 rei
454 2745 602 2829 publicas
617 2745 738 2810 iniuria
755 2748 905 2812 auoceris.
927 2767 982 2830 qur
997 2750 1087 2812 ortus
1103 2767 1198 2832 eque-

302 2970 314 3016 1
333 2964 481 3018 exibuerat
498 2964 535 3017 L¹
558 2965 567 3032 ΙΙ
588 2971 604 3020 3
623 2965 691 3017 ant*
709 2966 732 3031 (t
748 2964 780 3017 iu
796 2965 864 3042 ¹rua)
883 2963 909 3018 L
934 2965 943 3035 ll
966 2964 1068 3044 patris]
1087 2969 1201 3035 paterni

226 3031 898 3155 luascu*
913 3031 1200 3172 aarum

228 3113 363 3228 gibblnfl
392 3168 402 3236 ll
427 3173 459 3230 14
477 3115 652 3222 cgratant'iae
670 3165 789 3236 Stauper
809 3167 819 3234 ΙΙ
846 3173 876 3222 lt
894 3181 943 3222 coe
965 3169 1059 3222 ionem
1076 3169 1148 3238 LA,
1168 3176 1201 3224 ut

226 3233 429 3304 acsPcr.l18
447 3235 656 3289 actenusL¹A¹
692 3240 724 3288 20
741 3249 793 3304 pro
811 3247 915 3404 mopso
964 3236 1024 3300 ¹24¹,
1064 3252 1142 3292 erma
1184 3239 1202 3294 ri

226 3317 320 3371 murco
337 3304 364 3356 A
382 3304 392 3372 ΙΙ
411 3308 442 3356 21
461 3304 542 3372 parte
560 3320 583 3356 r.
601 3320 629 3372 p.
648 3304 675 3355 tr
698 3299 851 3356 ,manuL
877 3304 881 3372 l
902 3307 935 3356 22
955 3305 983 3356 et
1000 3304 1030 3357 iu
1053 3311 1106 3358 oct.
1153 3308 1163 3341 ²
1185 3308 1198 3377 ll

226 3376 259 3422 23
278 3385 357 3424 sacro
375 3379 504 3424 scanotus
517 3373 554 3423 A¹
568 3371 577 3439 ΙΙ
591 3376 623 3425 27
641 3385 824 3438 recognosces
841 3371 869 3423 A
893 3371 903 3438 ll
921 3376 953 3424 29
972 3370 1199 3428 iniurisasueris

227 3438 301 3502 (post
320 3453 337 3489 a
353 3437 414 3491 uid.
432 3452 448 3490 e
468 3453 534 3492 cros.
554 3445 580 3493 et
597 3453 617 3493 a.
638 3437 656 3492 l.
674 3437 740 3492 add.
757 3437 801 3504 iu,
820 3443 853 3492 ut
870 3439 947 3506 fieret
964 3439 1078 3506 iuueris)
1096 3439 1137 3505 L,
1156 3441 1199 3493 in-

226 3502 299 3554 iuria
316 3503 441 3556 euexcris
461 3505 525 3557 dett.
542 3520 645 3571 omues,
663 3504 783 3558 iniurias
801 3504 873 3558 ceris
892 3506 949 3574 (sed
967 3521 982 3558 c
999 3507 1032 3560 io
1048 3507 1148 3572 litura)
1161 3509 1198 3576 A,
1279 3529 1280 3554 l

226 3566 330 3621 iniuria
346 3568 447 3622 feceris
464 3571 511 3634 ΑΞ,
529 3572 633 3624 iniuria
650 3571 742 3641 egeris
760 3571 847 3626 Halm
