2606 3958
418 165 497 221 cle.
514 165 541 233 1,
565 165 662 220 Absol.
680 171 695 232 ,8
713 173 805 223 8-13.
1034 169 1094 234 371

124 318 300 383 accusauit.
346 319 435 382 cuius
459 339 570 402 causa,
598 339 792 402 quemquam
816 319 1014 405 grauissimis
1037 321 1097 385 cri-

124 403 270 466 minibus
293 407 362 468 erat
384 402 548 482 confossa,
578 403 695 486 septies
725 403 880 487 ampliata
908 404 1002 469 etad
1025 404 1097 469 ulti·

125 508 215 551 mum
251 490 365 552 octauo
397 487 516 552 iudicio
555 487 703 552 absoluta
740 494 804 571 est,
838 489 914 572 quia
950 489 1097 553 homines

124 571 324 636 uerebantur
359 592 401 635 ne
438 571 629 655 praecipuae
662 573 856 638 accusatoris
889 595 940 637 am
964 573 1094 638 litudini

124 655 291 721 damnatio
314 656 381 720 eius
411 656 531 721 donata
559 657 802 721 existimaretur.
847 679 925 741 quos
941 596 1025 722 laec
1048 677 1121 722 ses

125 761 197 805 cum
219 741 343 805 locutos
366 740 569 805 crediderim:
596 741 756 806 ‘nolumus
771 746 868 826 caput
889 742 1020 806 alterius
1041 763 1094 826 pe·

124 828 255 889 tentem·
270 826 305 888 in
327 824 682 909 iudiciumtriumphos
711 828 743 891 et
769 830 901 910 tropaea
927 827 1094 912 spoliaque

125 913 159 973 et
180 910 378 974 deuictarum
406 909 538 973 nauium
567 913 673 974 rostra
702 910 843 977 deferre:
871 912 1024 977 torribilis
1052 911 1095 976 sit

92 990 97 999 '
124 995 176 1057 his
198 993 352 1058 aduersus
374 993 517 1076 hostem,
546 993 625 1058 ciuis
652 1016 729 1059 uero
758 996 895 1061 salutem
917 999 1009 1061 tanto
1031 995 1095 1060 fra-

124 1098 203 1164 gore
226 1077 348 1164 gloriae
371 1078 528 1143 subnixus
551 1100 593 1142 ne
615 1079 832 1163 insequatur’.
1108 1098 1133 1138 ιο

192 1179 241 1244 12.
276 1178 356 1243 Tam
383 1179 591 1244 uehementes
619 1179 738 1245 iudices
761 1181 913 1246 aduersus
936 1182 1091 1246 excellen-
1137 1197 1144 1214 ‘

124 1263 287 1328 tissimum
302 1268 519 1328 accusatorem
535 1285 630 1346 quam
645 1265 739 1330 mites
760 1266 794 1330 in
817 1267 914 1352 longe
929 1266 1093 1331 inferioris

122 1347 274 1411 fortunae
295 1369 360 1412 reo.
398 1346 542 1413 Calidius
563 1347 777 1414 Bononiensis
799 1349 834 1415 in
858 1351 1003 1415 cubiculo
1026 1373 1093 1415 ma-

122 1431 179 1495 riti
201 1435 301 1497 noctu
324 1431 557 1515 deprehensus,
581 1453 653 1496 eum
675 1435 716 1497 ob
738 1433 772 1497 id
793 1455 921 1499 causam
943 1435 1092 1499 adulterii

123 1515 255 1598 diceret,
271 1517 357 1580 inter
372 1515 530 1580 maximos
543 1520 575 1579 et
585 1517 794 1600 grauissimos
809 1518 963 1596 infamiae
977 1520 1093 1583 fluctus
1108 1539 1133 1579 15

123 1600 264 1683 emersit,
288 1604 452 1683 tamquam
467 1599 685 1685 fragmentum
707 1603 870 1688 naufragii
893 1604 963 1668 leue
986 1603 1093 1668 admo-

124 1684 201 1749 dum
229 1705 332 1769 genus
362 1685 556 1750 defensionis
585 1686 769 1768 amplexus:
797 1687 979 1752 adfirmauit
1007 1689 1093 1752 enim

124 1790 159 1833 se
182 1769 222 1834 ob
246 1791 389 1843 amorem
418 1770 511 1854 pueri
539 1771 623 1833 serui
646 1791 683 1835 eo
706 1792 774 1835 esse
797 1773 996 1856 perductum.
1042 1793 1093 1836 su-

122 1857 251 1936 spectus
275 1858 344 1918 erat
365 1853 471 1938 locus,
496 1857 680 1938 suspectum
695 1860 839 1940 tompus,
864 1860 1013 1941 suspecta
1028 1877 1093 1920 me·

120 1939 181 2002 tris
209 1939 350 2004 familiae
378 1960 532 2022 persona,
567 1944 716 2024 suspecta
750 1941 846 2006 etiam
875 1941 1133 2006 adulescentiam

121 2022 240 2170 ἐρξίης,
264 2024 319 2088 sed
343 2025 464 2088 crimen
487 2023 631 2088 libidinis
646 2025 807 2091 confessio
823 2026 1092 2110 intemperantiae

134 2109 284 2172 ierauit.
1035 2139 1038 2144 ’

188 2209 236 2272 13.
270 2207 475 2272 Remissioris
504 2209 582 2292 hoc,
619 2209 699 2273 illud
724 2195 897 2294 ¹aliquanto
932 2211 1091 2295 grauioris

121 2295 274 2356 materiae
297 2292 488 2377 exemplum.
533 2313 604 2358 cum
626 2295 790 2377 parricidii
818 2317 949 2361 causam
976 2297 1091 2361 fratres

190 2534 202 2580 1
227 2543 284 2594 qua
302 2529 359 2595 qui
377 2527 429 2594 D,
453 2531 588 2597 quanqud
605 2529 643 2583 11²
664 2532 674 2598 l
695 2530 871 2598 2'ampliata
894 2530 920 2583 L
944 2531 1009 2585 dett.
1038 2532 1091 2584 urci

119 2609 207 2663 omn„
239 2594 328 2648 dilata
353 2597 386 2649 in
417 2612 473 2651 rus.
500 2599 566 2651 moi.
591 2598 619 2651 A
646 2614 661 2652 e
684 2598 755 2654 Par.
781 2599 791 2666 ΙΙ
815 2604 831 2652 3
860 2598 987 2652 homines
1013 2598 1088 2664 LA,

120 2678 216 2716 omnes
243 2661 375 2716 Foertsch
406 2663 428 2716 Ι
456 2667 509 2728 25,
540 2665 665 2732 suspicor
691 2665 825 2720 excidisse
849 2671 912 2733 post
937 2666 963 2724 le.
992 2682 1019 2724 u.
1048 2682 1090 2718 sa·

119 2728 287 2799 pientissimi
308 2731 354 2784 uel
380 2730 460 2784 illam
482 2748 541 2786 rem
570 2733 630 2785 tum
658 2733 824 2787 iudicantes.
848 2733 884 2798 cf.
908 2731 965 2788 Cic.
990 2733 1007 2788 l.
1032 2749 1053 2786 c.
1076 2733 1086 2799 ΙΙ

119 2803 135 2850 6
154 2797 306 2852 crediderit
332 2798 402 2852 LA¹
426 2799 439 2868 ll
464 2799 556 2852 caud
581 2800 620 2853 A¹
642 2799 652 2868 ΙΙ
674 2807 689 2854 ‘1
712 2802 832 2868 tropea*
855 2807 879 2864 (s
902 2809 983 2860 eras.)
1006 2800 1065 2853 LA
1078 2801 1087 2867 ΙΙ

118 2871 134 2920 8
157 2865 187 2919 et
213 2865 389 2919 deuictarum
418 2867 476 2930 (scd
497 2816 515 2919 l
534 2873 597 2936 post
625 2883 640 2920 e
667 2884 701 2922 m.
721 2871 740 2922 2
761 2883 782 2921 a.
805 2868 834 2932 l.)
861 2868 900 2929 L,
928 2867 1087 2922 aedeuieta·

119 2949 182 2986 rum
199 2934 252 2999 A¹‚
282 2949 314 2986 ac
338 2933 440 2989 deuict.
459 2934 548 2988 Halm
567 2935 579 3004 ll
600 2940 615 2989 9
633 2935 677 2988 his
695 2938 740 3002 (sc.
764 2935 854 3004 retus)
874 2935 957 2990 Gertz
1000 2938 1086 2997 .290‚
1186 2991 1190 2995 ,

118 3001 141 3053 is
168 2999 235 3053 LA
266 2999 366 3068 Halm,
398 3001 459 3055 istis
485 3000 516 3054 F
539 3002 549 3071 {l
574 3001 686 3071 fulgore
718 3003 779 3060 edd.
812 3008 879 3058 uett.
913 3007 938 3056 ct
968 2949 1088 3070 li'enstp

113 3083 144 3136 p,
162 3071 196 3120 13
218 3067 278 3121 coll.
294 3084 322 3136 p.
340 3071 403 3137 278,
423 3072 472 3147 23,
490 3071 582 3124 acacio
604 3085 642 3124 uu
659 3072 763 3192 ruodep³
774 3076 802 3123 11
822 3070 1007 3148 uehementer
1023 3071 1062 3123 A¹
1075 3073 1084 3136 ΙΙ

119 3142 150 3191 13
177 3134 275 3188 cullius
302 3135 342 3200 L,
370 3135 505 3190 Calhdius
532 3139 574 3204 A,
599 3143 632 3192 ut
657 3154 707 3192 uos
763 3155 805 3194 ur.
827 3139 836 3207 ΙΙ
858 3138 1086 3204 bon1ens1sA¹‚ll

118 3271 177 3326 cius
193 3271 276 3336 Pau,
302 3276 327 3325 et
350 3287 418 3326 senc
440 3273 514 3327 serui
537 3273 621 3328 ualde
638 3278 753 3341 euspeet.
782 3273 1086 3342 l2lmclc‘mcr1mine

118 3356 182 3393 eum
204 3339 252 3393 lib.
277 3339 406 3394 similiter
428 3345 550 3396 erratum
571 3342 603 3395 iu
626 3341 694 3395 Par.
718 3340 764 3394 VI
780 3341 846 3407 12,
865 3344 896 3406 3,
915 3341 945 3393 in
969 3341 1085 3394 crimine

3 3259 8 3272 ‚
119 3209 151 3257 14
167 3203 233 3258 odd,
255 3221 283 3261 u.
307 3202 460 3271 deprensus
484 3219 578 3275 monuo
594 3206 622 3258 A
639 3222 654 3260 e
674 3207 743 3261 Par.
761 3205 783 3393 l}
800 3211 830 3261 18
853 3205 889 3259 ab
908 3206 946 3258 A¹
968 3206 977 3275 ll
999 3204 1085 3283 serui]

119 3407 223 3462 Gertz*
249 3409 258 3476 ΙΙ
286 3413 319 3462 24
344 3407 447 3462 fratres
475 3409 537 3474 (sed
565 3425 600 3463 m.
623 3412 642 3463 2
664 3411 844 3476 punctatum)
872 3411 916 3474 A,
944 3408 998 3462 duo
1030 3409 1084 3462 fra·

117 3476 173 3528 tres
200 3476 252 3541 A’,
280 3475 335 3529 duo
365 3480 429 3543 (one.
457 3477 572 3544 fratres)
599 3478 685 3544 Pur„
713 3477 761 3546 qui
783 3477 839 3530 duo
862 3491 919 3532 uon
941 3477 1000 3532 uid.
1027 3477 1086 3546 ipse

3 3583 19 3608 ἰ,
118 3543 248 3598 adiecisse

878 3633 932 3684 24*
