<?xml version="1.0" encoding="UTF-8"?>
<!DOCTYPE html PUBLIC "-//W3C//DTD XHTML 1.0 Transitional//EN"
    "http://www.w3.org/TR/xhtml1/DTD/xhtml1-transitional.dtd">
<html xmlns="http://www.w3.org/1999/xhtml" xml:lang="en" lang="en">
 <head>
  <title>
</title>
<meta http-equiv="Content-Type" content="text/html;charset=utf-8" />
  <meta name='ocr-system' content='tesseract 3.04.00' />
  <meta name='ocr-capabilities' content='ocr_page ocr_carea ocr_par ocr_line ocrx_word'/>
</head>
<body>
  <div class='ocr_page' id='page_1' title='image "./valeriimaximifa00nepogoog_0568.png"; bbox 0 0 2562 3950; ppageno 0'>
   <div class='ocr_carea' id='block_1_1' title="bbox 325 129 1043 236">
    <p class='ocr_par' dir='ltr' id='par_1_1' title="bbox 325 129 1043 236">
     <span class='ocr_line' id='line_1_1' title="bbox 325 129 1043 236; baseline 0.01 -16"><span class='ocrx_word' id='word_1_1' title='bbox 325 165 437 222; x_wconf 65' lang='lat' dir='ltr'>mnu.</span> <span class='ocrx_word' id='word_1_2' title='bbox 465 164 543 221; x_wconf 76' lang='lat' dir='ltr'>cle.</span> <span class='ocrx_word' id='word_1_3' title='bbox 558 129 670 232; x_wconf 80' lang='lat' dir='ltr'>4&#39;,1-e,</span> <span class='ocrx_word' id='word_1_4' title='bbox 696 165 759 223; x_wconf 75' lang='lat' dir='ltr'>exe.</span> <span class='ocrx_word' id='word_1_5' title='bbox 780 173 803 221; x_wconf 89' lang='lat'>1.</span> <span class='ocrx_word' id='word_1_6' title='bbox 978 169 1043 236; x_wconf 80' lang='lat'>527</span> 
     </span>
    </p>
   </div>
   <div class='ocr_carea' id='block_1_2' title="bbox 27 321 1044 1000">
    <p class='ocr_par' dir='ltr' id='par_1_2' title="bbox 66 321 1042 404">
     <span class='ocr_line' id='line_1_2' title="bbox 66 321 1042 404; baseline 0.003 -21"><span class='ocrx_word' id='word_1_7' title='bbox 66 321 204 384; x_wconf 90' lang='lat' dir='ltr'>uinculis</span> <span class='ocrx_word' id='word_1_8' title='bbox 232 323 368 384; x_wconf 73' lang='lat' dir='ltr'><strong>decessit.</strong></span> <span class='ocrx_word' id='word_1_9' title='bbox 414 342 523 402; x_wconf 89' lang='lat' dir='ltr'>corpus</span> <span class='ocrx_word' id='word_1_10' title='bbox 545 325 610 385; x_wconf 91' lang='lat' dir='ltr'>eius</span> <span class='ocrx_word' id='word_1_11' title='bbox 631 343 691 385; x_wconf 90' lang='lat' dir='ltr'>non</span> <span class='ocrx_word' id='word_1_12' title='bbox 713 325 798 401; x_wconf 87' lang='lat' dir='ltr'>prius</span> <span class='ocrx_word' id='word_1_13' title='bbox 819 325 938 401; x_wconf 88' lang='lat' dir='ltr'>sepeliri</span> <span class='ocrx_word' id='word_1_14' title='bbox 960 327 1042 404; x_wconf 88' lang='lat' dir='ltr'>passi</span> 
     </span>
    </p>

    <p class='ocr_par' dir='ltr' id='par_1_3' title="bbox 66 406 1041 484">
     <span class='ocr_line' id='line_1_3' title="bbox 66 406 1041 484; baseline 0.002 -15"><span class='ocrx_word' id='word_1_15' title='bbox 66 410 143 470; x_wconf 90' lang='lat' dir='ltr'>sunt</span> <span class='ocrx_word' id='word_1_16' title='bbox 166 425 255 484; x_wconf 88' lang='lat' dir='ltr'>quam</span> <span class='ocrx_word' id='word_1_17' title='bbox 278 406 363 468; x_wconf 79' lang='lat' dir='ltr'>Cimo</span> <span class='ocrx_word' id='word_1_18' title='bbox 384 407 464 467; x_wconf 91' lang='lat' dir='ltr'>filius</span> <span class='ocrx_word' id='word_1_19' title='bbox 486 409 549 470; x_wconf 86' lang='lat' dir='ltr'>eius</span> <span class='ocrx_word' id='word_1_20' title='bbox 571 410 667 470; x_wconf 89' lang='lat' dir='ltr'>isdem</span> <span class='ocrx_word' id='word_1_21' title='bbox 690 428 722 469; x_wconf 90' lang='lat' dir='ltr'>se</span> <span class='ocrx_word' id='word_1_22' title='bbox 744 410 872 470; x_wconf 87' lang='lat' dir='ltr'>uinculis</span> <span class='ocrx_word' id='word_1_23' title='bbox 894 412 1041 472; x_wconf 88' lang='lat' dir='ltr'>constrin-</span> 
     </span>
    </p>

    <p class='ocr_par' dir='ltr' id='par_1_4' title="bbox 68 491 1044 571">
     <span class='ocr_line' id='line_1_4' title="bbox 68 491 1044 571; baseline 0.004 -19"><span class='ocrx_word' id='word_1_24' title='bbox 68 491 208 571; x_wconf 85' lang='lat' dir='ltr'>gendum</span> <span class='ocrx_word' id='word_1_25' title='bbox 223 492 317 553; x_wconf 75' lang='lat' dir='ltr'>dmat.</span> <span class='ocrx_word' id='word_1_26' title='bbox 340 492 497 566; x_wconf 85' lang='lat' dir='ltr'>Aristides,</span> <span class='ocrx_word' id='word_1_27' title='bbox 513 493 645 571; x_wconf 85' lang='lat' dir='ltr'>subque</span> <span class='ocrx_word' id='word_1_28' title='bbox 661 494 754 554; x_wconf 90' lang='lat' dir='ltr'>totius</span> <span class='ocrx_word' id='word_1_29' title='bbox 770 491 911 555; x_wconf 73' lang='lat' dir='ltr'><strong>Graeciae</strong></span> <span class='ocrx_word' id='word_1_30' title='bbox 924 496 1044 556; x_wconf 86' lang='lat' dir='ltr'>iustitia</span> 
     </span>
    </p>

    <p class='ocr_par' dir='ltr' id='par_1_5' title="bbox 27 577 1043 1000">
     <span class='ocr_line' id='line_1_5' title="bbox 69 577 1043 656; baseline 0.003 -19"><span class='ocrx_word' id='word_1_31' title='bbox 69 579 224 652; x_wconf 88' lang='lat' dir='ltr'>censetur,</span> <span class='ocrx_word' id='word_1_32' title='bbox 246 577 345 654; x_wconf 88' lang='lat' dir='ltr'>patria</span> <span class='ocrx_word' id='word_1_33' title='bbox 366 578 464 639; x_wconf 89' lang='lat' dir='ltr'>iussus</span> <span class='ocrx_word' id='word_1_34' title='bbox 486 578 626 638; x_wconf 77' lang='lat' dir='ltr'>excedere</span> <span class='ocrx_word' id='word_1_35' title='bbox 649 581 704 639; x_wconf 90' lang='lat' dir='ltr'>est.</span> <span class='ocrx_word' id='word_1_36' title='bbox 736 577 950 640; x_wconf 87' lang='lat' dir='ltr'>Themistocles</span> <span class='ocrx_word' id='word_1_37' title='bbox 971 583 1043 656; x_wconf 89' lang='lat' dir='ltr'>post</span> 
     </span>
     <span class='ocr_line' id='line_1_6' title="bbox 31 661 1040 741; baseline 0.003 -20"><span class='ocrx_word' id='word_1_38' title='bbox 31 679 50 721; x_wconf 78' lang='lat' dir='ltr'>s</span> <span class='ocrx_word' id='word_1_39' title='bbox 68 680 201 739; x_wconf 77' lang='lat' dir='ltr'>magnos</span> <span class='ocrx_word' id='word_1_40' title='bbox 229 662 335 722; x_wconf 88' lang='lat' dir='ltr'>titulos</span> <span class='ocrx_word' id='word_1_41' title='bbox 363 663 462 738; x_wconf 87' lang='lat' dir='ltr'>patria</span> <span class='ocrx_word' id='word_1_42' title='bbox 482 662 587 739; x_wconf 89' lang='lat' dir='ltr'>pulsus</span> <span class='ocrx_word' id='word_1_43' title='bbox 610 664 770 741; x_wconf 79' lang='lat' dir='ltr'>confugere</span> <span class='ocrx_word' id='word_1_44' title='bbox 791 661 830 723; x_wconf 88' lang='lat' dir='ltr'>ad</span> <span class='ocrx_word' id='word_1_45' title='bbox 851 664 970 724; x_wconf 84' lang='lat' dir='ltr'>Xerxen</span> <span class='ocrx_word' id='word_1_46' title='bbox 993 682 1040 724; x_wconf 91' lang='lat' dir='ltr'>co·</span> 
     </span>
     <span class='ocr_line' id='line_1_7' title="bbox 27 746 1042 812; baseline 0.002 -6"><span class='ocrx_word' id='word_1_47' title='bbox 27 777 28 812; x_wconf 49' lang='lat' dir='ltr'><strong>i</strong></span> <span class='ocrx_word' id='word_1_48' title='bbox 66 751 157 807; x_wconf 88' lang='lat' dir='ltr'>aetus</span> <span class='ocrx_word' id='word_1_49' title='bbox 190 749 246 807; x_wconf 87' lang='lat' dir='ltr'>est.</span> <span class='ocrx_word' id='word_1_50' title='bbox 282 746 414 808; x_wconf 83' lang='lat' dir='ltr'><strong>Phocion</strong></span> <span class='ocrx_word' id='word_1_51' title='bbox 446 765 518 808; x_wconf 88' lang='lat' dir='ltr'>uero</span> <span class='ocrx_word' id='word_1_52' title='bbox 545 750 664 808; x_wconf 88' lang='lat' dir='ltr'>tantum</span> <span class='ocrx_word' id='word_1_53' title='bbox 691 765 751 808; x_wconf 91' lang='lat' dir='ltr'>non</span> <span class='ocrx_word' id='word_1_54' title='bbox 779 748 811 807; x_wconf 92' lang='lat' dir='ltr'>in</span> <span class='ocrx_word' id='word_1_55' title='bbox 840 750 975 808; x_wconf 88' lang='lat' dir='ltr'>eculeum</span> <span class='ocrx_word' id='word_1_56' title='bbox 1002 749 1042 808; x_wconf 90' lang='lat' dir='ltr'>ab</span> 
     </span>
     <span class='ocr_line' id='line_1_8' title="bbox 27 830 1039 909; baseline 0.002 -18"><span class='ocrx_word' id='word_1_57' title='bbox 27 887 28 900; x_wconf 68' lang='grc'>,</span> <span class='ocrx_word' id='word_1_58' title='bbox 69 830 310 892; x_wconf 76' lang='lat' dir='ltr'>Atheniensibus</span> <span class='ocrx_word' id='word_1_59' title='bbox 331 831 490 908; x_wconf 88' lang='lat' dir='ltr'>impositus</span> <span class='ocrx_word' id='word_1_60' title='bbox 512 835 574 892; x_wconf 87' lang='lat' dir='ltr'>est:</span> <span class='ocrx_word' id='word_1_61' title='bbox 608 836 689 893; x_wconf 86' lang='lat' dir='ltr'>certe</span> <span class='ocrx_word' id='word_1_62' title='bbox 710 835 779 909; x_wconf 87' lang='lat' dir='ltr'>post</span> <span class='ocrx_word' id='word_1_63' title='bbox 801 833 916 893; x_wconf 87' lang='lat' dir='ltr'>obitum</span> <span class='ocrx_word' id='word_1_64' title='bbox 937 835 1039 894; x_wconf 89' lang='lat' dir='ltr'>iussus</span> 
     </span>
     <span class='ocr_line' id='line_1_9' title="bbox 27 915 448 1000; baseline 0 -24"><span class='ocrx_word' id='word_1_65' title='bbox 27 947 29 1000; x_wconf 63' lang='lat' dir='ltr'>g</span> <span class='ocrx_word' id='word_1_66' title='bbox 68 918 118 976; x_wconf 92' lang='lat' dir='ltr'>est</span> <span class='ocrx_word' id='word_1_67' title='bbox 141 919 226 977; x_wconf 86' lang='lat' dir='ltr'>extra</span> <span class='ocrx_word' id='word_1_68' title='bbox 247 915 321 976; x_wconf 93' lang='lat' dir='ltr'>fines</span> <span class='ocrx_word' id='word_1_69' title='bbox 343 916 448 992; x_wconf 88' lang='lat' dir='ltr'>proici.</span> 
     </span>
    </p>
   </div>
   <div class='ocr_carea' id='block_1_3' title="bbox 27 1082 986 1248">
    <p class='ocr_par' dir='ltr' id='par_1_6' title="bbox 27 1035 986 1248">
     <span class='ocr_line' id='line_1_10' title="bbox 27 1082 986 1159; baseline 0.002 -15"><span class='ocrx_word' id='word_1_70' title='bbox 27 1147 29 1158; x_wconf 50' lang='lat'>,</span> <span class='ocrx_word' id='word_1_71' title='bbox 128 1085 183 1145; x_wconf 87' lang='lat' dir='ltr'>DE</span> <span class='ocrx_word' id='word_1_72' title='bbox 206 1084 381 1146; x_wconf 77' lang='lat' dir='ltr'>PIETATE</span> <span class='ocrx_word' id='word_1_73' title='bbox 403 1082 513 1144; x_wconf 83' lang='lat' dir='ltr'><strong>ERGA</strong></span> <span class='ocrx_word' id='word_1_74' title='bbox 535 1083 763 1159; x_wconf 77' lang='lat' dir='ltr'><strong>PARENTES,</strong></span> <span class='ocrx_word' id='word_1_75' title='bbox 785 1085 986 1157; x_wconf 77' lang='lat' dir='ltr'><strong>FRATRES,</strong></span> 
     </span>
     <span class='ocr_line' id='line_1_11' title="bbox 29 1185 655 1248; baseline 0.008 -6"><span class='ocrx_word' id='word_1_76' title='bbox 29 1202 54 1243; x_wconf 82' lang='lat' dir='ltr'>ro</span> <span class='ocrx_word' id='word_1_77' title='bbox 460 1185 655 1248; x_wconf 80' lang='lat' dir='ltr'><strong>PATRIAM.</strong></span> 
     </span>
    </p>
   </div>
   <div class='ocr_carea' id='block_1_4' title="bbox 27 1287 1153 3210">
    <p class='ocr_par' dir='ltr' id='par_1_7' title="bbox 27 1287 1090 1365">
     <span class='ocr_line' id='line_1_12' title="bbox 27 1287 1090 1365; baseline -0.001 -17"><span class='ocrx_word' id='word_1_78' title='bbox 27 1291 30 1364; x_wconf 65' lang='grc' dir='ltr'>’ξ</span> <span class='ocrx_word' id='word_1_79' title='bbox 137 1287 311 1348; x_wconf 78' lang='lat' dir='ltr'>Coriolanus</span> <span class='ocrx_word' id='word_1_80' title='bbox 332 1288 437 1364; x_wconf 90' lang='lat' dir='ltr'>pulsus</span> <span class='ocrx_word' id='word_1_81' title='bbox 459 1287 564 1364; x_wconf 89' lang='lat' dir='ltr'>patria,</span> <span class='ocrx_word' id='word_1_82' title='bbox 588 1306 654 1347; x_wconf 90' lang='lat' dir='ltr'>cum</span> <span class='ocrx_word' id='word_1_83' title='bbox 669 1287 781 1347; x_wconf 89' lang='lat' dir='ltr'>bellum</span> <span class='ocrx_word' id='word_1_84' title='bbox 798 1288 941 1350; x_wconf 87' lang='lat' dir='ltr'>aduersus</span> <span class='ocrx_word' id='word_1_85' title='bbox 956 1309 985 1365; x_wconf 92' lang='lat' dir='ltr'>p.</span> <span class='ocrx_word' id='word_1_86' title='bbox 998 1287 1033 1348; x_wconf 91' lang='lat' dir='ltr'>R.</span> <span class='ocrx_word' id='word_1_87' title='bbox 1046 1292 1090 1356; x_wconf 84' lang='lat' dir='ltr'>4,l</span> 
     </span>
    </p>

    <p class='ocr_par' dir='ltr' id='par_1_8' title="bbox 27 1372 1037 1450">
     <span class='ocr_line' id='line_1_13' title="bbox 27 1372 1037 1450; baseline 0.001 -20"><span class='ocrx_word' id='word_1_88' title='bbox 27 1403 29 1412; x_wconf 47' lang='grc' dir='ltr'><strong><em>ι</em></strong></span> <span class='ocrx_word' id='word_1_89' title='bbox 68 1375 218 1450; x_wconf 87' lang='lat' dir='ltr'>parasset,</span> <span class='ocrx_word' id='word_1_90' title='bbox 241 1373 333 1432; x_wconf 76' lang='lat' dir='ltr'>nullis</span> <span class='ocrx_word' id='word_1_91' title='bbox 355 1372 493 1448; x_wconf 91' lang='lat' dir='ltr'>precibus</span> <span class='ocrx_word' id='word_1_92' title='bbox 515 1375 626 1447; x_wconf 82' lang='lat' dir='ltr'>metue,</span> <span class='ocrx_word' id='word_1_93' title='bbox 649 1373 752 1432; x_wconf 91' lang='lat' dir='ltr'>matris</span> <span class='ocrx_word' id='word_1_94' title='bbox 775 1375 806 1432; x_wconf 86' lang='lat' dir='ltr'>et</span> <span class='ocrx_word' id='word_1_95' title='bbox 824 1375 924 1434; x_wconf 86' lang='lat' dir='ltr'>uxoris</span> <span class='ocrx_word' id='word_1_96' title='bbox 939 1375 1037 1433; x_wconf 90' lang='lat' dir='ltr'>uictus</span> 
     </span>
    </p>

    <p class='ocr_par' dir='ltr' id='par_1_9' title="bbox 27 1456 282 1517">
     <span class='ocr_line' id='line_1_14' title="bbox 27 1456 282 1517; baseline 0 0"><span class='ocrx_word' id='word_1_97' title='bbox 27 1461 30 1498; x_wconf 68' lang='lat'>²</span> <span class='ocrx_word' id='word_1_98' title='bbox 71 1461 120 1517; x_wconf 88' lang='lat' dir='ltr'>est</span> <span class='ocrx_word' id='word_1_99' title='bbox 141 1456 282 1517; x_wconf 79' lang='lat' dir='ltr'><strong>lacrimis.</strong></span> 
     </span>
    </p>

    <p class='ocr_par' dir='ltr' id='par_1_10' title="bbox 27 1540 1153 1618">
     <span class='ocr_line' id='line_1_15' title="bbox 27 1540 1153 1618; baseline -0.002 -18"><span class='ocrx_word' id='word_1_100' title='bbox 27 1549 29 1584; x_wconf 77' lang='lat'>³</span> <span class='ocrx_word' id='word_1_101' title='bbox 137 1540 410 1618; x_wconf 85' lang='lat' dir='ltr'>ScipioAfricanus,</span> <span class='ocrx_word' id='word_1_102' title='bbox 421 1559 489 1601; x_wconf 87' lang='lat' dir='ltr'>oum</span> <span class='ocrx_word' id='word_1_103' title='bbox 501 1541 596 1600; x_wconf 88' lang='lat' dir='ltr'>adbuc</span> <span class='ocrx_word' id='word_1_104' title='bbox 606 1542 810 1617; x_wconf 85' lang='lat' dir='ltr'>praetentatus</span> <span class='ocrx_word' id='word_1_105' title='bbox 822 1543 910 1614; x_wconf 89' lang='lat' dir='ltr'>esset,</span> <span class='ocrx_word' id='word_1_106' title='bbox 923 1543 1038 1618; x_wconf 89' lang='lat' dir='ltr'>patrem</span> <span class='ocrx_word' id='word_1_107' title='bbox 1057 1551 1074 1600; x_wconf 77' lang='lat'>2</span> <span class='ocrx_word' id='word_1_108' title='bbox 1149 1589 1153 1598; x_wconf 92' lang='lat'><strong>.</strong></span> 
     </span>
    </p>

    <p class='ocr_par' dir='ltr' id='par_1_11' title="bbox 28 1621 1039 1787">
     <span class='ocr_line' id='line_1_16' title="bbox 28 1621 1039 1702; baseline 0.002 -20"><span class='ocrx_word' id='word_1_109' title='bbox 28 1641 57 1682; x_wconf 84' lang='lat'>15</span> <span class='ocrx_word' id='word_1_110' title='bbox 70 1645 161 1687; x_wconf 91' lang='lat' dir='ltr'>suum</span> <span class='ocrx_word' id='word_1_111' title='bbox 183 1626 336 1685; x_wconf 91' lang='lat' dir='ltr'>consulem</span> <span class='ocrx_word' id='word_1_112' title='bbox 358 1625 437 1701; x_wconf 87' lang='lat' dir='ltr'>apud</span> <span class='ocrx_word' id='word_1_113' title='bbox 452 1625 589 1684; x_wconf 88' lang='lat' dir='ltr'>Ticinum</span> <span class='ocrx_word' id='word_1_114' title='bbox 610 1625 734 1683; x_wconf 91' lang='lat' dir='ltr'>fluuium</span> <span class='ocrx_word' id='word_1_115' title='bbox 750 1621 883 1685; x_wconf 90' lang='lat' dir='ltr'>aduersis</span> <span class='ocrx_word' id='word_1_116' title='bbox 901 1626 1039 1702; x_wconf 82' lang='lat' dir='ltr'><strong>auspiciis</strong></span> 
     </span>
     <span class='ocr_line' id='line_1_17' title="bbox 71 1709 1038 1787; baseline 0.003 -16"><span class='ocrx_word' id='word_1_117' title='bbox 71 1730 141 1772; x_wconf 90' lang='lat' dir='ltr'>cum</span> <span class='ocrx_word' id='word_1_118' title='bbox 162 1709 331 1770; x_wconf 78' lang='lat' dir='ltr'>Hannibale</span> <span class='ocrx_word' id='word_1_119' title='bbox 353 1712 553 1787; x_wconf 82' lang='lat' dir='ltr'>pugnantem,</span> <span class='ocrx_word' id='word_1_120' title='bbox 586 1711 720 1787; x_wconf 85' lang='lat' dir='ltr'>grauiter</span> <span class='ocrx_word' id='word_1_121' title='bbox 742 1710 875 1770; x_wconf 87' lang='lat' dir='ltr'>saucium</span> <span class='ocrx_word' id='word_1_122' title='bbox 896 1711 1038 1785; x_wconf 83' lang='lat' dir='ltr'>protexit.</span> 
     </span>
    </p>

    <p class='ocr_par' dir='ltr' id='par_1_12' title="bbox 27 1792 1076 1871">
     <span class='ocr_line' id='line_1_18' title="bbox 27 1792 1076 1871; baseline 0 -17"><span class='ocrx_word' id='word_1_123' title='bbox 27 1805 28 1840; x_wconf 56' lang='grc' dir='ltr'>ἒ</span> <span class='ocrx_word' id='word_1_124' title='bbox 136 1795 171 1855; x_wconf 87' lang='lat' dir='ltr'>L.</span> <span class='ocrx_word' id='word_1_125' title='bbox 194 1793 306 1858; x_wconf 87' lang='lat' dir='ltr'>Manlio</span> <span class='ocrx_word' id='word_1_126' title='bbox 330 1794 485 1871; x_wconf 82' lang='lat' dir='ltr'>Torquato</span> <span class='ocrx_word' id='word_1_127' title='bbox 513 1795 592 1853; x_wconf 88' lang='lat' dir='ltr'>diem</span> <span class='ocrx_word' id='word_1_128' title='bbox 620 1792 657 1853; x_wconf 86' lang='lat' dir='ltr'>ad</span> <span class='ocrx_word' id='word_1_129' title='bbox 686 1795 829 1870; x_wconf 89' lang='lat' dir='ltr'>populum</span> <span class='ocrx_word' id='word_1_130' title='bbox 858 1794 1076 1866; x_wconf 73' lang='lat' dir='ltr'>Pomponiust</span> 
     </span>
    </p>

    <p class='ocr_par' dir='ltr' id='par_1_13' title="bbox 27 1878 1039 2042">
     <span class='ocr_line' id='line_1_19' title="bbox 27 1878 1038 1956; baseline 0.001 -17"><span class='ocrx_word' id='word_1_131' title='bbox 27 1887 28 1922; x_wconf 72' lang='lat'>³</span> <span class='ocrx_word' id='word_1_132' title='bbox 72 1880 144 1940; x_wconf 89' lang='lat' dir='ltr'>trib.</span> <span class='ocrx_word' id='word_1_133' title='bbox 166 1878 245 1956; x_wconf 89' lang='lat' dir='ltr'>pleb.</span> <span class='ocrx_word' id='word_1_134' title='bbox 268 1878 397 1956; x_wconf 85' lang='lat' dir='ltr'>dixerat,</span> <span class='ocrx_word' id='word_1_135' title='bbox 427 1878 507 1956; x_wconf 90' lang='lat' dir='ltr'>quod</span> <span class='ocrx_word' id='word_1_136' title='bbox 534 1878 631 1939; x_wconf 89' lang='lat' dir='ltr'>filium</span> <span class='ocrx_word' id='word_1_137' title='bbox 653 1879 776 1939; x_wconf 88' lang='lat' dir='ltr'>militiae</span> <span class='ocrx_word' id='word_1_138' title='bbox 799 1880 905 1955; x_wconf 90' lang='lat' dir='ltr'>aptum</span> <span class='ocrx_word' id='word_1_139' title='bbox 926 1880 1038 1940; x_wconf 87' lang='lat' dir='ltr'>rustico</span> 
     </span>
     <span class='ocr_line' id='line_1_20' title="bbox 75 1959 1039 2042; baseline -0.001 -17"><span class='ocrx_word' id='word_1_140' title='bbox 75 1984 162 2041; x_wconf 91' lang='lat' dir='ltr'>opere</span> <span class='ocrx_word' id='word_1_141' title='bbox 177 1966 326 2042; x_wconf 84' lang='lat' dir='ltr'>grauaret.</span> <span class='ocrx_word' id='word_1_142' title='bbox 359 1959 405 2023; x_wconf 82' lang='lat' dir='ltr'>id⁴</span> <span class='ocrx_word' id='word_1_143' title='bbox 413 1966 572 2042; x_wconf 85' lang='lat' dir='ltr'>postquam</span> <span class='ocrx_word' id='word_1_144' title='bbox 587 1963 716 2023; x_wconf 87' lang='lat' dir='ltr'>Manlius</span> <span class='ocrx_word' id='word_1_145' title='bbox 737 1963 908 2024; x_wconf 84' lang='lat' dir='ltr'>adulescens</span> <span class='ocrx_word' id='word_1_146' title='bbox 930 1982 1039 2041; x_wconf 85' lang='lat' dir='ltr'>cogno·</span> 
     </span>
    </p>

    <p class='ocr_par' dir='ltr' id='par_1_14' title="bbox 27 2048 1076 2446">
     <span class='ocr_line' id='line_1_21' title="bbox 27 2048 1040 2125; baseline 0.002 -19"><span class='ocrx_word' id='word_1_147' title='bbox 27 2065 58 2106; x_wconf 80' lang='lat' dir='ltr'>ao</span> <span class='ocrx_word' id='word_1_148' title='bbox 73 2052 133 2123; x_wconf 88' lang='lat' dir='ltr'>uit,</span> <span class='ocrx_word' id='word_1_149' title='bbox 157 2067 223 2109; x_wconf 89' lang='lat' dir='ltr'>oum</span> <span class='ocrx_word' id='word_1_150' title='bbox 245 2050 324 2110; x_wconf 83' lang='lat' dir='ltr'>ferro</span> <span class='ocrx_word' id='word_1_151' title='bbox 347 2048 385 2108; x_wconf 87' lang='lat' dir='ltr'>ad</span> <span class='ocrx_word' id='word_1_152' title='bbox 405 2048 603 2125; x_wconf 90' lang='lat' dir='ltr'>Pomponium</span> <span class='ocrx_word' id='word_1_153' title='bbox 625 2049 710 2108; x_wconf 86' lang='lat' dir='ltr'>uenit</span> <span class='ocrx_word' id='word_1_154' title='bbox 731 2051 762 2108; x_wconf 88' lang='lat' dir='ltr'>et</span> <span class='ocrx_word' id='word_1_155' title='bbox 784 2049 973 2109; x_wconf 89' lang='lat' dir='ltr'>intromissus</span> <span class='ocrx_word' id='word_1_156' title='bbox 996 2068 1040 2109; x_wconf 91' lang='lat' dir='ltr'>se·</span> 
     </span>
     <span class='ocr_line' id='line_1_22' title="bbox 74 2132 1039 2211; baseline -0.002 -17"><span class='ocrx_word' id='word_1_157' title='bbox 74 2137 189 2194; x_wconf 90' lang='lat' dir='ltr'>cretum</span> <span class='ocrx_word' id='word_1_158' title='bbox 221 2134 309 2210; x_wconf 90' lang='lat' dir='ltr'>petiit</span> <span class='ocrx_word' id='word_1_159' title='bbox 341 2153 375 2193; x_wconf 88' lang='lat' dir='ltr'>ac</span> <span class='ocrx_word' id='word_1_160' title='bbox 407 2134 543 2209; x_wconf 86' lang='lat' dir='ltr'>protinus</span> <span class='ocrx_word' id='word_1_161' title='bbox 572 2133 714 2193; x_wconf 87' lang='lat' dir='ltr'>destricto</span> <span class='ocrx_word' id='word_1_162' title='bbox 746 2132 848 2211; x_wconf 80' lang='lat' dir='ltr'>gladio</span> <span class='ocrx_word' id='word_1_163' title='bbox 882 2133 1039 2193; x_wconf 90' lang='lat' dir='ltr'>tribunum</span> 
     </span>
     <span class='ocr_line' id='line_1_23' title="bbox 74 2218 1076 2294; baseline 0.002 -18"><span class='ocrx_word' id='word_1_164' title='bbox 74 2219 163 2277; x_wconf 90' lang='lat' dir='ltr'>minis</span> <span class='ocrx_word' id='word_1_165' title='bbox 191 2221 302 2278; x_wconf 89' lang='lat' dir='ltr'>terrere</span> <span class='ocrx_word' id='word_1_166' title='bbox 330 2218 429 2293; x_wconf 88' lang='lat' dir='ltr'>coepit</span> <span class='ocrx_word' id='word_1_167' title='bbox 451 2220 481 2277; x_wconf 91' lang='lat' dir='ltr'>et</span> <span class='ocrx_word' id='word_1_168' title='bbox 503 2219 603 2294; x_wconf 83' lang='lat' dir='ltr'>coegit</span> <span class='ocrx_word' id='word_1_169' title='bbox 623 2218 722 2277; x_wconf 89' lang='lat' dir='ltr'>iurare</span> <span class='ocrx_word' id='word_1_170' title='bbox 744 2236 811 2276; x_wconf 90' lang='lat' dir='ltr'>eum</span> <span class='ocrx_word' id='word_1_171' title='bbox 835 2237 852 2276; x_wconf 92' lang='lat' dir='ltr'>a</span> <span class='ocrx_word' id='word_1_172' title='bbox 874 2218 969 2294; x_wconf 90' lang='lat' dir='ltr'>patris</span> <span class='ocrx_word' id='word_1_173' title='bbox 992 2237 1037 2278; x_wconf 90' lang='lat' dir='ltr'>ac·</span> <span class='ocrx_word' id='word_1_174' title='bbox 1073 2247 1076 2260; x_wconf 56' lang='lat'><strong>⁴</strong></span> 
     </span>
     <span class='ocr_line' id='line_1_24' title="bbox 75 2302 1038 2380; baseline 0.002 -18"><span class='ocrx_word' id='word_1_175' title='bbox 75 2302 223 2362; x_wconf 78' lang='lat' dir='ltr'>curatione</span> <span class='ocrx_word' id='word_1_176' title='bbox 246 2302 445 2378; x_wconf 87' lang='lat' dir='ltr'>decessurum,</span> <span class='ocrx_word' id='word_1_177' title='bbox 469 2319 563 2378; x_wconf 90' lang='lat' dir='ltr'>eoque</span> <span class='ocrx_word' id='word_1_178' title='bbox 585 2303 721 2362; x_wconf 88' lang='lat' dir='ltr'>effectum</span> <span class='ocrx_word' id='word_1_179' title='bbox 744 2308 790 2362; x_wconf 84' lang='lat' dir='ltr'>est</span> <span class='ocrx_word' id='word_1_180' title='bbox 811 2321 849 2362; x_wconf 89' lang='lat' dir='ltr'>ne</span> <span class='ocrx_word' id='word_1_181' title='bbox 870 2303 1038 2380; x_wconf 76' lang='lat' dir='ltr'><strong>Torquatus</strong></span> 
     </span>
     <span class='ocr_line' id='line_1_25' title="bbox 74 2387 335 2446; baseline 0 0"><span class='ocrx_word' id='word_1_182' title='bbox 74 2387 185 2446; x_wconf 69' lang='lat' dir='ltr'>diceret</span> <span class='ocrx_word' id='word_1_183' title='bbox 206 2405 335 2446; x_wconf 90' lang='lat' dir='ltr'>eausam.</span> 
     </span>
    </p>

    <p class='ocr_par' dir='ltr' id='par_1_15' title="bbox 29 2469 1075 2786">
     <span class='ocr_line' id='line_1_26' title="bbox 29 2469 1075 2548; baseline 0 -21"><span class='ocrx_word' id='word_1_184' title='bbox 29 2485 61 2528; x_wconf 78' lang='lat'>25</span> <span class='ocrx_word' id='word_1_185' title='bbox 139 2471 179 2530; x_wconf 60' lang='lat' dir='ltr'>id.</span> <span class='ocrx_word' id='word_1_186' title='bbox 202 2469 346 2531; x_wconf 73' lang='lat' dir='ltr'>corneo</span> <span class='ocrx_word' id='word_1_187' title='bbox 369 2470 434 2546; x_wconf 89' lang='lat' dir='ltr'>ipso</span> <span class='ocrx_word' id='word_1_188' title='bbox 457 2469 520 2544; x_wconf 90' lang='lat' dir='ltr'>die,</span> <span class='ocrx_word' id='word_1_189' title='bbox 551 2489 610 2548; x_wconf 88' lang='lat' dir='ltr'>quo</span> <span class='ocrx_word' id='word_1_190' title='bbox 638 2473 739 2546; x_wconf 83' lang='lat' dir='ltr'>togam</span> <span class='ocrx_word' id='word_1_191' title='bbox 761 2470 877 2530; x_wconf 89' lang='lat' dir='ltr'>uirilem</span> <span class='ocrx_word' id='word_1_192' title='bbox 902 2471 1075 2548; x_wconf 84' lang='lat' dir='ltr'>sumpsit,4</span> 
     </span>
     <span class='ocr_line' id='line_1_27' title="bbox 75 2547 1040 2633; baseline -0.002 -19"><span class='ocrx_word' id='word_1_193' title='bbox 75 2559 110 2616; x_wconf 92' lang='lat' dir='ltr'>ut</span> <span class='ocrx_word' id='word_1_194' title='bbox 137 2575 153 2615; x_wconf 88' lang='lat' dir='ltr'><strong>c</strong></span> <span class='ocrx_word' id='word_1_195' title='bbox 176 2553 326 2630; x_wconf 79' lang='lat' dir='ltr'>Capitolio</span> <span class='ocrx_word' id='word_1_196' title='bbox 355 2555 523 2633; x_wconf 89' lang='lat' dir='ltr'>descendit,</span> <span class='ocrx_word' id='word_1_197' title='bbox 553 2553 606 2614; x_wconf 84' lang='lat' dir='ltr'>On.</span> <span class='ocrx_word' id='word_1_198' title='bbox 630 2547 810 2627; x_wconf 74' lang='lat' dir='ltr'>Carbonem,</span> <span class='ocrx_word' id='word_1_199' title='bbox 833 2574 852 2614; x_wconf 85' lang='lat' dir='ltr'>a</span> <span class='ocrx_word' id='word_1_200' title='bbox 873 2573 931 2630; x_wconf 91' lang='lat' dir='ltr'>quo</span> <span class='ocrx_word' id='word_1_201' title='bbox 953 2558 1040 2630; x_wconf 85' lang='lat' dir='ltr'>pater</span> 
     </span>
     <span class='ocr_line' id='line_1_28' title="bbox 75 2639 1039 2718; baseline -0.005 -17"><span class='ocrx_word' id='word_1_202' title='bbox 75 2641 138 2701; x_wconf 88' lang='lat' dir='ltr'><strong>cius</strong></span> <span class='ocrx_word' id='word_1_203' title='bbox 161 2640 318 2700; x_wconf 90' lang='lat' dir='ltr'>damnatus</span> <span class='ocrx_word' id='word_1_204' title='bbox 340 2640 448 2718; x_wconf 87' lang='lat' dir='ltr'>fuerat,</span> <span class='ocrx_word' id='word_1_205' title='bbox 471 2639 635 2715; x_wconf 89' lang='lat' dir='ltr'>postulauit</span> <span class='ocrx_word' id='word_1_206' title='bbox 655 2643 872 2715; x_wconf 88' lang='lat' dir='ltr'>peractumque</span> <span class='ocrx_word' id='word_1_207' title='bbox 895 2657 980 2697; x_wconf 90' lang='lat' dir='ltr'>reum</span> <span class='ocrx_word' id='word_1_208' title='bbox 995 2639 1039 2696; x_wconf 91' lang='lat' dir='ltr'>iu·</span> 
     </span>
     <span class='ocr_line' id='line_1_29' title="bbox 77 2725 299 2786; baseline -0.005 -1"><span class='ocrx_word' id='word_1_209' title='bbox 77 2726 152 2786; x_wconf 88' lang='lat' dir='ltr'>dicio</span> <span class='ocrx_word' id='word_1_210' title='bbox 176 2725 299 2784; x_wconf 82' lang='lat' dir='ltr'>adflixit.</span> 
     </span>
    </p>

    <p class='ocr_par' dir='ltr' id='par_1_16' title="bbox 34 2806 1093 3210">
     <span class='ocr_line' id='line_1_30' title="bbox 140 2806 1074 2886; baseline -0.009 -16"><span class='ocrx_word' id='word_1_211' title='bbox 140 2807 262 2870; x_wconf 80' lang='lat' dir='ltr'>Claudia</span> <span class='ocrx_word' id='word_1_212' title='bbox 288 2810 376 2886; x_wconf 85' lang='lat' dir='ltr'>uirgo</span> <span class='ocrx_word' id='word_1_213' title='bbox 398 2806 547 2884; x_wconf 83' lang='lat' dir='ltr'>Vestalis,</span> <span class='ocrx_word' id='word_1_214' title='bbox 575 2824 642 2866; x_wconf 91' lang='lat' dir='ltr'>cum</span> <span class='ocrx_word' id='word_1_215' title='bbox 674 2809 791 2883; x_wconf 89' lang='lat' dir='ltr'>patrem</span> <span class='ocrx_word' id='word_1_216' title='bbox 819 2825 906 2866; x_wconf 87' lang='lat' dir='ltr'>suum</span> <span class='ocrx_word' id='word_1_217' title='bbox 933 2807 1074 2866; x_wconf 82' lang='lat' dir='ltr'>trium-6</span> 
     </span>
     <span class='ocr_line' id='line_1_31' title="bbox 34 2890 1037 2971; baseline -0.005 -17"><span class='ocrx_word' id='word_1_218' title='bbox 34 2913 64 2954; x_wconf 84' lang='lat' dir='ltr'>ao</span> <span class='ocrx_word' id='word_1_219' title='bbox 78 2895 215 2971; x_wconf 79' lang='lat' dir='ltr'>phantom</span> <span class='ocrx_word' id='word_1_220' title='bbox 238 2915 253 2955; x_wconf 89' lang='lat' dir='ltr'>e</span> <span class='ocrx_word' id='word_1_221' title='bbox 276 2913 364 2954; x_wconf 89' lang='lat' dir='ltr'>curru</span> <span class='ocrx_word' id='word_1_222' title='bbox 386 2892 518 2953; x_wconf 88' lang='lat' dir='ltr'>uiolenta</span> <span class='ocrx_word' id='word_1_223' title='bbox 541 2890 654 2950; x_wconf 92' lang='lat' dir='ltr'>tribuni</span> <span class='ocrx_word' id='word_1_224' title='bbox 676 2892 717 2968; x_wconf 91' lang='lat' dir='ltr'>pl.</span> <span class='ocrx_word' id='word_1_225' title='bbox 741 2911 830 2951; x_wconf 88' lang='lat' dir='ltr'>manu</span> <span class='ocrx_word' id='word_1_226' title='bbox 846 2891 961 2950; x_wconf 89' lang='lat' dir='ltr'>detrahi</span> <span class='ocrx_word' id='word_1_227' title='bbox 977 2892 1037 2950; x_wconf 92' lang='lat' dir='ltr'>aui·</span> 
     </span>
     <span class='ocr_line' id='line_1_32' title="bbox 78 2976 929 3054; baseline -0.005 -15"><span class='ocrx_word' id='word_1_228' title='bbox 78 2980 295 3051; x_wconf 84' lang='lat' dir='ltr'>maduertisset,</span> <span class='ocrx_word' id='word_1_229' title='bbox 318 2997 349 3037; x_wconf 89' lang='lat' dir='ltr'>se</span> <span class='ocrx_word' id='word_1_230' title='bbox 371 2977 549 3054; x_wconf 89' lang='lat' dir='ltr'>interposuit</span> <span class='ocrx_word' id='word_1_231' title='bbox 570 2995 605 3036; x_wconf 91' lang='lat' dir='ltr'>ac</span> <span class='ocrx_word' id='word_1_232' title='bbox 627 2976 781 3036; x_wconf 88' lang='lat' dir='ltr'>tribunum</span> <span class='ocrx_word' id='word_1_233' title='bbox 804 2977 929 3051; x_wconf 88' lang='lat' dir='ltr'>depulit.</span> 
     </span>
     <span class='ocr_line' id='line_1_33' title="bbox 138 3057 1093 3162; baseline -0.004 -40"><span class='ocrx_word' id='word_1_234' title='bbox 138 3063 214 3122; x_wconf 88' lang='lat' dir='ltr'>Pero</span> <span class='ocrx_word' id='word_1_235' title='bbox 229 3066 344 3139; x_wconf 93' lang='lat' dir='ltr'>patrem</span> <span class='ocrx_word' id='word_1_236' title='bbox 353 3063 508 3138; x_wconf 87' lang='lat' dir='ltr'>Myconem</span> <span class='ocrx_word' id='word_1_237' title='bbox 523 3061 553 3120; x_wconf 94' lang='lat' dir='ltr'>in</span> <span class='ocrx_word' id='word_1_238' title='bbox 569 3079 712 3124; x_wconf 87' lang='lat' dir='ltr'>carcerem</span> <span class='ocrx_word' id='word_1_239' title='bbox 727 3061 893 3121; x_wconf 89' lang='lat' dir='ltr'>coniectum</span> <span class='ocrx_word' id='word_1_240' title='bbox 907 3060 1030 3120; x_wconf 88' lang='lat' dir='ltr'>ultimae</span> <span class='ocrx_word' id='word_1_241' title='bbox 1037 3057 1093 3162; x_wconf 57' lang='grc' dir='ltr'>Εἷῒ·</span> 
     </span>
     <span class='ocr_line' id='line_1_34' title="bbox 79 3145 789 3210; baseline -0.01 -1"><span class='ocrx_word' id='word_1_242' title='bbox 79 3149 236 3210; x_wconf 81' lang='lat' dir='ltr'>senectutis</span> <span class='ocrx_word' id='word_1_243' title='bbox 259 3147 344 3207; x_wconf 90' lang='lat' dir='ltr'>uelut</span> <span class='ocrx_word' id='word_1_244' title='bbox 364 3147 511 3208; x_wconf 80' lang='lat' dir='ltr'>infantam</span> <span class='ocrx_word' id='word_1_245' title='bbox 532 3146 608 3206; x_wconf 85' lang='lat' dir='ltr'>lacte</span> <span class='ocrx_word' id='word_1_246' title='bbox 631 3164 683 3206; x_wconf 89' lang='lat' dir='ltr'>suo</span> <span class='ocrx_word' id='word_1_247' title='bbox 705 3145 789 3205; x_wconf 85' lang='lat' dir='ltr'>aluit.</span> 
     </span>
    </p>
   </div>
   <div class='ocr_carea' id='block_1_5' title="bbox 78 3273 1041 3617">
    <p class='ocr_par' dir='ltr' id='par_1_17' title="bbox 78 3273 1041 3617">
     <span class='ocr_line' id='line_1_35' title="bbox 143 3273 1039 3346; baseline -0.004 -14"><span class='ocrx_word' id='word_1_248' title='bbox 143 3277 228 3332; x_wconf 83' lang='lat' dir='ltr'>asub</span> <span class='ocrx_word' id='word_1_249' title='bbox 247 3291 297 3332; x_wconf 85' lang='lat' dir='ltr'>om.</span> <span class='ocrx_word' id='word_1_250' title='bbox 316 3277 380 3332; x_wconf 83' lang='lat' dir='ltr'>Mai</span> <span class='ocrx_word' id='word_1_251' title='bbox 404 3277 466 3332; x_wconf 85' lang='lat' dir='ltr'>Vol.</span> <span class='ocrx_word' id='word_1_252' title='bbox 489 3277 498 3346; x_wconf 74' lang='lat' dir='ltr'>ss</span> <span class='ocrx_word' id='word_1_253' title='bbox 519 3277 622 3331; x_wconf 87' lang='lat' dir='ltr'>totiens</span> <span class='ocrx_word' id='word_1_254' title='bbox 640 3275 753 3344; x_wconf 79' lang='lat' dir='ltr'>graecia</span> <span class='ocrx_word' id='word_1_255' title='bbox 770 3275 836 3337; x_wconf 76' lang='lat' dir='ltr'>cod,</span> <span class='ocrx_word' id='word_1_256' title='bbox 860 3290 907 3332; x_wconf 79' lang='lat' dir='ltr'>ern.</span> <span class='ocrx_word' id='word_1_257' title='bbox 925 3273 989 3329; x_wconf 85' lang='lat' dir='ltr'>Mai</span> <span class='ocrx_word' id='word_1_258' title='bbox 1024 3279 1039 3328; x_wconf 83' lang='lat'>6</span> 
     </span>
     <span class='ocr_line' id='line_1_36' title="bbox 79 3342 1040 3415; baseline -0.007 -13"><span class='ocrx_word' id='word_1_259' title='bbox 79 3345 222 3402; x_wconf 87' lang='lat' dir='ltr'>aeculeum</span> <span class='ocrx_word' id='word_1_260' title='bbox 245 3347 256 3415; x_wconf 77' lang='lat' dir='ltr'>ss</span> <span class='ocrx_word' id='word_1_261' title='bbox 282 3351 312 3400; x_wconf 80' lang='lat'>19</span> <span class='ocrx_word' id='word_1_262' title='bbox 330 3348 496 3414; x_wconf 81' lang='lat' dir='ltr'>grauaretur</span> <span class='ocrx_word' id='word_1_263' title='bbox 520 3347 530 3414; x_wconf 74' lang='lat' dir='ltr'>lt</span> <span class='ocrx_word' id='word_1_264' title='bbox 554 3351 584 3398; x_wconf 76' lang='lat'>21</span> <span class='ocrx_word' id='word_1_265' title='bbox 604 3343 678 3414; x_wconf 89' lang='lat' dir='ltr'>petit</span> <span class='ocrx_word' id='word_1_266' title='bbox 700 3343 710 3410; x_wconf 77' lang='lat' dir='ltr'>ll</span> <span class='ocrx_word' id='word_1_267' title='bbox 734 3349 766 3396; x_wconf 76' lang='lat'>27</span> <span class='ocrx_word' id='word_1_268' title='bbox 785 3342 889 3396; x_wconf 89' lang='lat' dir='ltr'>iudicio</span> <span class='ocrx_word' id='word_1_269' title='bbox 906 3357 956 3397; x_wconf 85' lang='lat' dir='ltr'>om.</span> <span class='ocrx_word' id='word_1_270' title='bbox 1010 3345 1040 3396; x_wconf 65' lang='grc' dir='ltr'>αι’</span> 
     </span>
     <span class='ocr_line' id='line_1_37' title="bbox 78 3409 1040 3482; baseline -0.004 -14"><span class='ocrx_word' id='word_1_271' title='bbox 78 3413 162 3468; x_wconf 82' lang='lat' dir='ltr'>Halm</span> <span class='ocrx_word' id='word_1_272' title='bbox 175 3415 230 3482; x_wconf 76' lang='grc'>1129</span> <span class='ocrx_word' id='word_1_273' title='bbox 248 3428 311 3467; x_wconf 87' lang='lat' dir='ltr'>cum</span> <span class='ocrx_word' id='word_1_274' title='bbox 328 3415 439 3482; x_wconf 85' lang='lat' dir='ltr'>patrem</span> <span class='ocrx_word' id='word_1_275' title='bbox 458 3430 538 3466; x_wconf 89' lang='lat' dir='ltr'>suum</span> <span class='ocrx_word' id='word_1_276' title='bbox 556 3427 607 3466; x_wconf 87' lang='lat' dir='ltr'>om.</span> <span class='ocrx_word' id='word_1_277' title='bbox 625 3428 660 3466; x_wconf 86' lang='lat' dir='ltr'>m.</span> <span class='ocrx_word' id='word_1_278' title='bbox 673 3414 689 3463; x_wconf 92' lang='lat'><strong><em>1</em></strong></span> <span class='ocrx_word' id='word_1_279' title='bbox 702 3411 712 3480; x_wconf 90' lang='grc' dir='ltr'>ΙΙ</span> <span class='ocrx_word' id='word_1_280' title='bbox 725 3417 758 3466; x_wconf 86' lang='grc'>30</span> <span class='ocrx_word' id='word_1_281' title='bbox 774 3410 911 3464; x_wconf 89' lang='lat' dir='ltr'>uiolentia</span> <span class='ocrx_word' id='word_1_282' title='bbox 921 3411 957 3464; x_wconf 87' lang='lat' dir='ltr'>tr.</span> <span class='ocrx_word' id='word_1_283' title='bbox 969 3409 1040 3480; x_wconf 63' lang='lat' dir='ltr'>nali</span> 
     </span>
     <span class='ocr_line' id='line_1_38' title="bbox 79 3478 1038 3551; baseline -0.005 -14"><span class='ocrx_word' id='word_1_284' title='bbox 79 3489 110 3537; x_wconf 72' lang='lat'>32</span> <span class='ocrx_word' id='word_1_285' title='bbox 129 3481 201 3536; x_wconf 88' lang='lat' dir='ltr'>Nero</span> <span class='ocrx_word' id='word_1_286' title='bbox 219 3485 283 3535; x_wconf 72' lang='lat' dir='ltr'>ool</span> <span class='ocrx_word' id='word_1_287' title='bbox 305 3483 314 3550; x_wconf 87' lang='grc' dir='ltr'>ΙΙ</span> <span class='ocrx_word' id='word_1_288' title='bbox 335 3483 447 3551; x_wconf 88' lang='lat' dir='ltr'>patrem</span> <span class='ocrx_word' id='word_1_289' title='bbox 464 3480 613 3549; x_wconf 74' lang='lat' dir='ltr'>Myconum</span> <span class='ocrx_word' id='word_1_290' title='bbox 631 3493 681 3534; x_wconf 81' lang='lat' dir='ltr'>uos</span> <span class='ocrx_word' id='word_1_291' title='bbox 698 3479 757 3534; x_wconf 81' lang='lat' dir='ltr'><strong>coit.</strong></span> <span class='ocrx_word' id='word_1_292' title='bbox 774 3479 808 3532; x_wconf 87' lang='lat' dir='ltr'><em>H</em></span> <span class='ocrx_word' id='word_1_293' title='bbox 824 3479 882 3549; x_wconf 72' lang='lat' dir='ltr'><strong>piu.</strong></span> <span class='ocrx_word' id='word_1_294' title='bbox 902 3478 959 3545; x_wconf 72' lang='lat' dir='ltr'>fab.</span> <span class='ocrx_word' id='word_1_295' title='bbox 975 3481 1038 3542; x_wconf 80' lang='lat'>254,</span> 
     </span>
     <span class='ocr_line' id='line_1_39' title="bbox 79 3495 1041 3617; baseline -0.003 -13"><span class='ocrx_word' id='word_1_296' title='bbox 79 3551 192 3606; x_wconf 86' lang='lat' dir='ltr'>fratrem</span> <span class='ocrx_word' id='word_1_297' title='bbox 210 3549 346 3604; x_wconf 88' lang='lat' dir='ltr'>maiorem</span> <span class='ocrx_word' id='word_1_298' title='bbox 365 3551 421 3606; x_wconf 83' lang='lat' dir='ltr'>cod.</span> <span class='ocrx_word' id='word_1_299' title='bbox 441 3554 466 3604; x_wconf 87' lang='lat' dir='ltr'>et</span> <span class='ocrx_word' id='word_1_300' title='bbox 484 3565 545 3604; x_wconf 76' lang='lat' dir='ltr'>eccm</span> <span class='ocrx_word' id='word_1_301' title='bbox 563 3549 657 3603; x_wconf 74' lang='lat' dir='ltr'>recredi</span> <span class='ocrx_word' id='word_1_302' title='bbox 674 3553 741 3604; x_wconf 81' lang='lat' dir='ltr'>nota</span> <span class='ocrx_word' id='word_1_303' title='bbox 759 3495 845 3603; x_wconf 62' lang='lat' dir='ltr'>Hoim</span> <span class='ocrx_word' id='word_1_304' title='bbox 863 3549 873 3617; x_wconf 78' lang='lat' dir='ltr'>ss</span> <span class='ocrx_word' id='word_1_305' title='bbox 890 3552 923 3604; x_wconf 83' lang='grc'>33</span> <span class='ocrx_word' id='word_1_306' title='bbox 942 3547 1041 3602; x_wconf 72' lang='lat' dir='ltr'>aluiet</span> 
     </span>
    </p>
   </div>
   <div class='ocr_carea' id='block_1_6' title="bbox 0 0 1286 3950">
    <p class='ocr_par' dir='ltr' id='par_1_18' title="bbox 0 0 1286 3950">
     <span class='ocr_line' id='line_1_40' title="bbox 0 0 1286 3950; baseline 0 2"><span class='ocrx_word' id='word_1_307' title='bbox 0 0 1286 3950; x_wconf 95' lang='lat' dir='ltr'> </span> 
     </span>
    </p>
   </div>
  </div>
 </body>
</html>
