2606 3958
203 167 266 232 362
393 251 398 261 .
613 167 680 221 urs.
700 165 759 220 vir.

277 352 365 418 VlIl.
406 351 520 430 QVAE
548 353 666 417 RATA
695 352 969 418 MANSERVNT
998 353 1093 420 CVM

299 455 462 522 CAVSAS
486 455 843 623 HABdggdlpludVR
864 454 1071 522 RESCINDI

265 676 324 741 His
358 677 563 742 rescissorum
603 678 868 740 testamentorum
903 677 1057 760 exemplis
1094 699 1175 744 con·

177 763 284 826 ⁶teuti
319 762 516 845 attingamus
550 783 601 841 ea,
636 782 717 844 quae
749 763 819 825 rata
850 765 1055 844 manserunt,
1098 785 1175 828 cum

203 868 314 911 causas
337 846 506 925 haberent,
531 849 661 929 propter
683 867 762 930 quas
787 846 925 910 rescindi
948 849 1089 930 possent.

269 934 295 996 1.
320 929 421 1006 Quam
438 934 557 1008 certae,
582 952 676 1014 quam
697 931 794 995 etiam
817 934 915 996 notae
936 931 1083 996 insaniae
1108 931 1175 996 Tu·

204 1016 345 1080 ditanusl
369 1017 480 1098 utpote
497 1015 551 1098 qui
566 1016 686 1098 populo
702 1036 851 1080 nummos
868 1016 1022 1098 sparserit
1042 1020 1172 1101 togam-

203 1121 263 1184 que
286 1101 375 1163 uelut
396 1099 552 1184 tragicam
576 1103 696 1163 uestem
725 1100 760 1163 iu
783 1099 852 1164 foro
874 1101 1006 1164 trahens
1028 1103 1173 1166 maximo

166 1197 275 1248 1⁰cum
298 1183 465 1248 hominum
495 1185 561 1248 risu
589 1188 778 1267 conspectus
807 1184 905 1248 fuerit
935 1207 972 1249 ao
994 1186 1096 1250 multa
1119 1187 1172 1250 his

204 1271 420 1333 consentanea
446 1267 569 1333 fecerit.
626 1272 819 1333 testamento
848 1273 869 1350 †
897 1269 999 1333 filium
1025 1271 1172 1336 instituit

202 1353 365 1435 heredem,
401 1353 483 1437 quod
512 1354 560 1417 Ti.
595 1353 726 1438 Longus
755 1355 913 1438 sanguine
946 1355 975 1418 ei
1004 1355 1170 1438 proximus
1279 1383 1280 1388 ¹

202 1438 315 1502 hastae
337 1438 454 1503 iudicio
477 1439 660 1503 subuertere
682 1438 804 1502 frustra
820 1443 952 1503 conatus
975 1443 1038 1504 est:
1061 1441 1169 1524 magis

204 1523 289 1587 enim
311 1524 501 1588 centumuiri
517 1523 594 1608 quid
618 1523 771 1606 scriptum
787 1527 871 1588 esset
886 1525 921 1587 in
935 1524 1055 1588 tabulis
1072 1546 1169 1609 quam

164 1621 189 1660 1⁵
202 1609 274 1693 quis
303 1631 357 1673 eas
386 1609 566 1692 scripsisset
599 1607 861 1673 considerandum
890 1609 1168 1674 existimauerunt.

265 1693 295 1757 2.
326 1693 402 1759 Vita
424 1693 576 1758 Tuditani
599 1693 740 1773 demens,
764 1692 922 1757 Aebutiae
945 1696 1062 1772 autem,
1087 1716 1169 1778 quae
1279 1725 1280 1740 2

201 1776 236 1841 L.
252 1777 383 1842 Meneni
400 1779 564 1862 Agrippae
587 1799 666 1841 uxor
690 1777 809 1856 luerat,
833 1778 961 1842 tabulae
982 1780 1167 1844 testament'
1279 1827 1280 1830 ,

201 1862 315 1944 plenae
343 1863 479 1927 furoris:
515 1885 590 1926 nam
618 1884 690 1926 cum
719 1861 851 1926 haberet
880 1862 959 1927 duas
987 1863 1169 1928 simillimae

201 1947 369 2029 probitatis
392 1947 474 2010 filias
497 1949 518 2026 †
538 1946 717 2010 Pletoniam
735 1950 767 2011 et
789 1947 977 2030 Afroniam,
1002 1949 1102 2012 animi
1118 1950 1169 2013 sui

164 2033 310 2114 2⁰potius
332 2031 543 2094 inclinatione
572 2035 725 2113 prouecta
748 2053 843 2115 quam
867 2032 941 2096 ullis
963 2033 1095 2096 alterius
1117 2033 1168 2097 iu-

202 2116 291 2178 iuriis
314 2118 370 2179 aut
393 2115 508 2179 officiis
532 2119 698 2196 conmota,
723 2115 905 2180 Pletoniam
927 2120 1054 2182 tantum
1070 2117 1167 2184 modo

200 2197 348 2263 heredem
371 2199 527 2263 instituit:
550 2199 624 2264 filiis
646 2201 741 2265 etiam
764 2201 920 2266 Afroniae
936 2223 975 2266 ex
997 2203 1169 2267 admodum

201 2283 307 2367 amplo
340 2284 535 2367 patrimonio
568 2302 618 2348 xx
650 2307 815 2350 nummum
848 2287 978 2372 legauit.
1030 2287 1169 2352 Afronia
1279 2339 1280 2354 ,

201 2370 309 2433 tamen
341 2390 412 2433 cum
451 2391 559 2435 sorore
599 2374 799 2436 sacramento
833 2371 1026 2436 contendere
1060 2373 1169 2438 noluit

164 2464 188 2504 2⁵
202 2455 490 2537 testamentumque
531 2455 642 2519 matris
681 2455 837 2538 patientia
873 2457 1031 2521 honorare
1068 2479 1167 2541 quam

269 2612 281 2658 1
304 2607 419 2662 titulum
441 2621 492 2661 om.
516 2608 585 2662 Por.
607 2623 634 2661 u.
658 2608 696 2661 ad
719 2623 748 2675 p.
771 2611 872 2674 358,1
898 2609 907 2676 ΙΙ
936 2613 950 2662 7
975 2607 1077 2679 Quam]
1101 2610 1169 2670 odd.

201 2676 364 2728 maenenius
382 2676 502 2745 agrippa
519 2675 634 2729 insanus
652 2674 770 2729 habitus
788 2676 888 2744 utpote
906 2693 932 2744 q.
945 2693 973 2744 p.
987 2693 1015 2731 n.
1034 2693 1054 2734 s.
1073 2693 1169 2748 marpo

200 2741 227 2794 A
246 2758 259 2796 e
277 2743 345 2797 Par.
367 2743 377 2810 ll
398 2743 536 2796 tuditanis
553 2743 591 2795 L1
612 2744 622 2811 ll
643 2749 659 2797 8
682 2743 804 2812 populos
823 2746 848 2810 (s
866 2747 947 2807 eras.)
966 2744 994 2797 L
1014 2745 1024 2812 l
1045 2750 1061 2799 9
1079 2745 1168 2798 uelud
1279 2781 1280 2790 ÷

200 2809 279 2862 L¹A¹
303 2811 312 2879 ΙΙ
336 2817 365 2864 11
388 2809 478 2863 filium
501 2810 561 2864 LA
583 2827 610 2868 u,
635 2810 723 2863 filiam
745 2826 838 2880 morpo
860 2812 888 2864 A
906 2828 920 2866 e
940 2811 1025 2877 Par„
1052 2812 1168 2866 Ofilium

200 2877 331 2944 Lipsius,
356 2877 486 2932 Fuluium
514 2879 544 2946 (i.
567 2893 589 2931 a.
616 2894 745 2947 passerum
770 2881 861 2944 suana)
888 2879 1066 2945 Perizonius,
1093 2881 1169 2949 quod

200 2961 297 3026 uerum
314 2946 376 3000 oid.
387 2946 515 3024 Holmoe,
534 2962 573 3000 aa
585 2945 714 3024 Fuluiam
733 2946 763 3013 (i.
778 2964 800 3048 a.
812 2946 953 3050 ufpteml?
969 2946 1005 3012 cf.
1023 2948 1065 3004 ed.
1079 2964 1168 3028 rusam

200 3029 269 3133 lh
282 3014 600 3150 lithlllllltl
619 3015 827 3152 tilithi
842 3014 986 3160 latita
1004 3016 1166 3160 latitat

199 3149 235 3201 Α1
250 3149 260 3216 ll
280 3155 310 3202 16
329 3148 460 3203 demenso
480 3153 507 3216 (o
525 3166 560 3202 m.
579 3152 598 3203 2
616 3150 696 3218 add.)
715 3150 742 3202 L
754 3151 763 3218 l
776 3163 812 3222 *e
833 3152 910 3204 utrae
929 3150 969 3216 L,
989 3150 1165 3229 ebutrasldll

201 3221 231 3268 17
249 3231 321 3270 uxor
338 3215 430 3270 fuerat
442 3216 494 3284 Αἱ,
513 3232 608 3271 uxoris
622 3217 725 3282 (fuerat
736 3218 854 3284 todoat.)
868 3220 906 3274 ΔΞ
920 3219 930 3288 ll
946 3224 975 3272 19
993 3217 1164 3272 Plaetorram

201 3284 230 3336 et
246 3283 392 3338 Afranium
414 3285 544 3355 Ptolu'us,
567 3301 605 3339 ou
630 3285 803 3353 Aproniam?
827 3287 862 3352 cf.
883 3286 914 3340 0.
933 3287 959 3339 Ι.
978 3285 1014 3343 L.
1036 3285 1081 3340 VI
1095 3289 1131 3340 Ρ.
1148 3290 1166 3341 3

199 3366 227 3407 u.
246 3353 405 3405 24236-44
428 3358 453 3406 et
475 3353 509 3411 P.
528 3356 590 3420 21⁰-
610 3354 717 3472 1523111
732 3359 765 3407 ‘20
790 3353 1002 3408 inclinationem
1027 3355 1165 3421 prouecta

201 3417 280 3470 11114ί
303 3420 312 3485 ΙΙ
332 3426 365 3472 22
384 3419 455 3473 filios
473 3420 534 3473 LA
555 3422 564 3488 l
585 3420 672 3473 etiam
722 3421 762 3486 A,
782 3424 880 3500 autem
897 3421 921 3474 0
933 3423 958 3542 (h
972 3427 1005 3476 25
1022 3422 1163 3490 patientia

200 3483 337 3536 honerare
355 3487 407 3547 ΔΙ,
431 3502 548 3540 onerare
568 3487 605 3540 L¹
625 3491 654 3541 et
677 3488 740 3554 (del.
760 3488 912 3555 patrentral

200 3549 263 3606 Tuo.
282 3565 349 3602 aaa.
368 3553 445 3604 ΙΙΙΙ
459 3557 502 3618 68,
521 3555 584 3611 hist.
602 3554 643 3607 II
657 3559 699 3622 64,
721 3554 782 3610 Vol.
804 3554 886 3609 VIII
900 3560 925 3623 5,
943 3559 961 3610 4

960 3494 1016 3543 crta
1032 3491 1087 3543 289
1104 3490 1164 3547 coll.
1279 3489 1280 3496 ’
