2606 3952
212 187 274 254 102
632 181 700 237 ure.
718 183 754 238 11.

1294 255 1295 290 t

211 339 412 416 iurauerant,
436 336 576 420 dereptis
599 335 687 420 equis
709 334 847 419 publicis
869 333 955 432 inter
970 335 1112 402 aerarios
1135 359 1186 406 re·
1292 303 1295 454 i

211 423 361 488 ferendos
385 425 588 487 cureuerunt.
622 441 678 485 eos
699 439 823 504 quoque
846 439 939 504 grem
960 423 1040 485 nete
1057 420 1186 490 edisce·

211 512 305 588 runt,
334 507 389 592 qui
412 529 485 576 cum
507 507 541 571 in
564 507 758 590 potestatem
780 502 973 570 Hannibalis
1001 507 1183 591 uenissent,

212 591 314 676 legati
350 592 390 657 ab
427 613 465 657 eo
500 591 591 656 missi
633 589 851 656 adsecutum
887 588 926 654 de
962 591 1185 673 permutandis

185 677 366 761 scaptium,
389 697 494 760 neque
516 677 734 759 inpetrassent
748 673 832 758 qued
853 673 1022 757 petebant,
1045 676 1081 740 in
1102 677 1184 746 urbe

211 766 416 845 manserunt,
448 760 525 845 quic
553 763 587 825 et
613 758 761 824 Romame
789 757 939 856 sangnini
966 758 1064 824 fidem
1090 782 1184 844 pree·
1295 746 1297 852 i

211 849 296 911 stere
319 845 514 911 conueniens
542 847 612 909 eret
634 846 667 908 et
688 841 731 907 M.
754 842 873 908 Atihue
894 841 1039 927 Regulus
1068 866 1185 912 censor
1296 853 1297 928 ἴ

211 930 378 1014 perfidiam
400 929 546 1012 notabat,
576 928 665 993 cuius
692 930 785 1013 peter
811 948 869 1012 per
894 949 1037 994 summos
1060 931 1181 998 crucie-

211 1019 264 1080 tus
301 1015 446 1098 expirere
481 1035 576 1098 quam
609 1013 721 1078 fellere
753 1011 1045 1098 Karthaginienses
1079 1017 1183 1084 setius

172 1120 198 1160 ιο
211 1119 281 1164 esse
303 1099 446 1164 duxerat.
490 1099 555 1163 iem
581 1097 661 1162 haec
690 1117 826 1162 censure
853 1118 892 1164 ex
914 1097 984 1162 fore
1012 1100 1048 1164 in
1075 1104 1184 1166 castre

208 1184 426 1332 {rspscendit
454 1203 536 1267 quae
557 1203 662 1266 neque
684 1182 792 1248 timeri
814 1203 917 1266 neque
944 1182 1049 1267 decipi
1075 1184 1183 1252 uoluit
1297 1227 1299 1340 p

235 1289 271 1332 os
288 1289 348 1334 em.

274 1353 304 1416 9.
331 1350 489 1418 Secuntur
503 1352 566 1416 duo
582 1351 873 1437 eiusdemgeneris
895 1351 1051 1440 exempla,
1076 1374 1114 1418 ee
1138 1377 1179 1422 ue
1298 1353 1299 1398 i

209 1436 362 1502 adiecisse
384 1437 462 1502 setis
485 1437 554 1502 erit.
583 1435 618 1504 0.
636 1435 727 1520 Geta,
750 1457 823 1501 cum
838 1457 857 1501 a
872 1435 906 1501 L.
923 1436 1054 1502 Metelle
1071 1441 1104 1506 et
1116 1375 1179 1506 dn.

170 1542 195 1582 rs
210 1520 353 1586 Domitio
376 1522 562 1587 censoribus
584 1524 698 1585 senatu
720 1523 826 1585 metus
849 1525 948 1605 esset,
995 1525 1086 1588 ostes
1108 1544 1181 1590 cen·
1299 1505 1300 1562 i

209 1627 262 1672 ser
287 1607 392 1672 fectus
421 1610 478 1672 est.
522 1607 599 1672 iem
627 1603 672 1670 M.
688 1605 837 1672 Valerius
867 1544 1004 1672 Messeis
1033 1609 1181 1674 censoria
1299 1607 1300 1650 ἴ

207 1695 288 1758 note
315 1692 502 1776 perstrictus
536 1691 714 1756 censoriam
747 1691 951 1775 postmodum
982 1695 1179 1776 potestatem

206 1776 403 1859 impetrauit.
449 1797 584 1861 querum
611 1776 791 1860 ignominie
820 1776 974 1841 uirtutem
995 1778 1098 1842 scuit:
1126 1800 1180 1846 ru·

207 1860 284 1924 bore
307 1862 394 1926 enim
417 1861 485 1926 eius
500 1861 631 1926 exciteti
647 1860 797 1926 omnibus
811 1860 933 1925 uiribus
947 1861 1175 1942 incubuerunt,

170 1965 197 2004 se
210 1948 245 2008 ut
268 1945 358 2030 digni
382 1946 504 2011 ciuibus
527 1946 721 2029 uiderentur,
745 1945 859 2031 quibus
876 1945 944 2010 deri
958 1946 1066 2030 potius
1081 1968 1177 2031 quern

207 2028 292 2093 obiri
313 2051 447 2096 censure
470 2030 609 2099 deberet.

277 2220 288 2268 1
309 2214 427 2284 direptis
446 2214 519 2282 LA,
537 2231 586 2270 em.
602 2214 753 2270 Torrentius
765 2215 775 2282 ΙΙ
787 2214 949 2270 referendos
967 2230 1002 2268 cu
1018 2216 1051 2270 in
1067 2231 1124 2272 rae.
1137 2218 1180 2283 A,

208 2280 401 2336 defendendos
419 2299 476 2338 eur.
497 2284 523 2339 L
547 2285 557 2352 d
581 2290 664 2338 teos
702 2298 795 2350 uoque
813 2283 995 2352 Perizonius,
1015 2299 1091 2351 eosq.
1110 2285 1177 2354 LA,

206 2347 228 2400 I.
246 2347 277 2401 P.
296 2348 361 2404 eide
365 2367 396 2418 q:
416 2366 546 2406 censores
563 2366 625 2405 mar
643 2300 711 2429 od.
731 2351 781 2429 sed
796 2350 876 2406 hebet
893 2350 980 2429 iidem
999 2367 1127 2406 censores
1146 2356 1176 2409 et

206 2417 341 2494 ecsnPer.
354 2419 392 2486 113
411 2435 531 2486 quacum
549 2417 587 2472 L¹
625 2367 796 2472 denmbelhs
815 2418 1019 2487 L¹nuen1sent
1036 2418 1063 2473 L
1074 2421 1113 2490 lit
1132 2420 1177 2475 le·

226 2483 279 2554 stu]
299 2484 460 2563 lacunosum
477 2491 586 2541 censent
616 2487 723 2544 ,roem
736 2484 856 2564 Wecsiry
863 2490 921 2554 μδ
935 2491 961 2541 et
974 2486 1058 2542 Gesta
1064 2503 1095 2608 p.
1105 2491 1176 2556 269,-

204 2501 254 2604 dle
266 2557 332 2618 poet
353 2552 473 2621 ceptiurs
495 2571 529 2609 su
568 2554 604 2608 let
627 2570 799 2622 quemquem
821 2555 962 2608 iurassent
984 2570 1013 2608 se
1036 2555 1176 2611 reiturus

205 2617 235 2670 in
254 2619 346 2673 cestre
363 2620 481 2688 Punice,
500 2622 524 2674 si
567 2621 663 2675 omani
679 2635 736 2676 non
753 2623 950 2691 permutarent
967 2623 1107 2691 captiuos,
1129 2623 1176 2680 tic

204 2689 272 2740 aete
293 2686 380 2756 legati
403 2688 470 2744 add.
493 2687 668 2757 Remumque
693 2690 798 2756 essent,
819 2689 868 2744 sed
885 2689 974 2756 plera
997 2690 1080 2745 etium
1102 2694 1176 2748 ecci·

206 2753 281 2809 disee
291 2755 459 2822 suspicasse.
477 2756 548 2811 miti
555 2762 670 2825 propter
681 2756 801 2812 Paridis
818 2771 971 2826 secernens
988 2758 1175 2816 testimonium

204 2821 697 2964 idfflidffldtqdmpm‘dt
710 2825 770 2961 'dd'
787 2826 960 2948 diddd'd
973 2831 1176 2962 reddet

203 2894 1177 3097 eeirruenteitereteresee

205 3107 230 3146 e„
243 3092 261 3145 l.
271 3093 387 3148 metello
410 3044 442 3150 dn
458 3111 514 3152 rae.
527 3098 555 3149 A
567 3112 580 3150 e
591 3095 660 3154 Par.
674 3098 684 3165 ΙΙ
699 3101 730 3151 15
742 3098 861 3152 senetur
873 3095 901 3150 L
937 3101 968 3150 16
985 3095 1107 3152 messelc
1124 3101 1176 3165 (etc

204 3162 319 3229 semper)
338 3161 411 3230 LA,
435 3168 467 3218 ut
488 3163 518 3218 U.
535 3163 561 3220 Ι.
581 3163 615 3218 L.
633 3165 655 3218 I
669 3181 697 3224 n.
716 3167 782 3230 612,
809 3163 941 3220 messels
961 3164 1030 3218 Par.
1049 3165 1133 3220 Halm
1158 3167 1173 3238 Η

205 3231 237 3279 17
256 3227 381 3306 censoris
394 3261 428 3308 “.
438 3232 580 3300 potestate
600 3231 660 3286 LA
680 3233 691 3300 ΙΙ
711 3231 865 3300 imperauit
881 3233 922 3298 A,
942 3232 1008 3288 add.
1027 3231 1048 3288 1.
1067 3231 1097 3287 P.
1117 3249 1173 3293 um.

202 3292 271 3414 terem.
290 3301 443 3432 mpprpppp
461 3299 521 3366 (sic)
539 3313 635 3369 murpo
652 3299 679 3353 A
697 3301 706 3368 ΙΙ
726 3305 757 3355 18
775 3300 875 3354 robore
894 3300 973 3354 L¹A¹
992 3301 1002 3369 ΙΙ
1025 3303 1057 3354 20
1076 3304 1127 3356 eut
1145 3305 1174 3372 (e

202 3375 272 3415 eas.
291 3377 351 3416 m.
