2606 3958
202 9 268 24 ῤ’
317 8 358 28 ,·

229 172 291 236 388
639 173 706 225 LlB.
723 172 798 227 VIII.

229 324 402 388 maximam
424 326 509 389 inter
530 325 630 390 totius
653 324 806 389 Graeciae
828 323 1073 388 admirationem
1097 325 1203 406 speci-

231 429 306 472 men
329 410 544 486 exhibuisset‚
568 431 631 493 quo
648 410 843 494 cognomine
858 412 1043 474 censeretur
1064 409 1202 472 interro-

230 497 340 578 gatus,
363 517 429 559 non
452 517 486 558 se
508 495 696 578 sapientem,
712 531 755 544 -
773 495 839 558 iam
862 495 948 563 enim
969 492 1051 556 illud
1072 510 1126 556 vn
1151 515 1201 558 ex-

230 579 383 644 cellentes
405 580 468 644 uiri
490 582 782 663 occupauerant-
797 578 852 643 sed
874 580 1051 642 amatorem
1073 579 1200 662 sapien·

205 665 310 746 stiae,
343 665 376 728 id
410 668 459 729 est
488 663 608 729 Graece
637 665 830 747 φιλόσοφον
858 663 968 727 edidit.
1022 663 1059 726 in
1086 662 1202 726 Italiae

231 750 328 813 etiam
351 753 490 833 partem,
522 770 602 832 quae
630 752 709 813 tunc
730 749 831 812 maior
855 747 991 812 Graecia
1013 747 1202 831 appellaba·
1275 824 1276 828 Ἰ

232 837 303 916 tur,
326 835 484 918 perrexit,
506 833 541 896 in
564 854 627 916 qua
648 834 797 917 plurimis
820 836 853 896 et
874 832 1129 916 opulentissimis
1153 855 1203 896 ur-

230 919 326 982 bibus
349 918 479 982 effectus
502 917 680 981 studiorum
711 939 841 982 suorum
863 916 1063 1000 adprobauit.
1110 919 1202 982 cuius
1275 877 1276 960 l

231 1005 396 1067 ardentem
431 1023 544 1086 rogum
577 1002 682 1084 plenis
716 1002 934 1067 uenerationis
963 1002 1066 1065 oeulis
1100 1001 1201 1066 Meta

195 1110 221 1150 ιο
234 1091 352 1171 pontus
375 1088 501 1170 aspexit
522 1087 693 1170 oppidum,
722 1086 924 1171 Pythagorae
951 1107 1047 1169 quam
1069 1108 1201 1151 sucrum
1276 1111 1277 1118 ¹

233 1173 376 1236 cinerum
399 1171 542 1236 nobilius
564 1171 745 1256 clariusque
766 1173 1018 1235 monumentum.

296 1257 326 1323 3.
351 1255 468 1320 Platon
487 1260 594 1320 autem
614 1259 752 1340 patriam
775 1256 936 1332 Athenas,
959 1260 1203 1338 praeceptorem

233 1341 397 1406 Socratem
420 1342 567 1423 sortitus,
598 1347 631 1405 et
657 1341 764 1406 locum
787 1351 819 1405 et
846 1340 1012 1404 hominem
1035 1340 1201 1405 doctrinae

232 1425 481 1507 fertilissimum,
510 1427 634 1510 ingenii
663 1447 790 1510 quoque
812 1426 923 1490 diuina
944 1425 1122 1490 instructus
1144 1426 1201 1489 ab·
1278 1417 1279 1468 l

195 1535 220 1574 15
233 1510 405 1594 undantia,
434 1533 506 1575 cum
535 1511 680 1575 omnium
707 1512 771 1575 iam
794 1511 980 1574 mortalium
1002 1510 1202 1593 sapientissi-

232 1618 303 1660 mus
319 1596 506 1676 haberetur,
530 1617 568 1660 eo
586 1596 713 1679 quidem
729 1617 845 1678 usque,
862 1600 912 1676 ut,
928 1596 956 1658 si
971 1597 1040 1678 ipse
1055 1594 1203 1679 Iuppiter

232 1681 322 1746 caelo
345 1681 576 1759 descendisset,
606 1701 666 1745 nec
688 1680 886 1765 elegantiore
907 1701 968 1744 nec
991 1681 1132 1743 beatiore
1153 1679 1202 1744 fa-

234 1765 351 1831 cundia
366 1788 479 1830 usurus
495 1765 675 1849 uideretur,
697 1766 881 1849 Aegyptum
904 1765 1101 1850 peragrauit,
1126 1763 1202 1829 dum

236 1874 256 1915 a
288 1852 504 1915 sacerdotibus
536 1851 604 1913 eius
638 1851 746 1934 gentis
778 1850 974 1933 geometriae
1007 1849 1203 1932 multiplices

200 1955 228 1996 ro
239 1956 389 2000 numeros
411 1940 440 2000 et
461 1935 646 2000 caelestium
668 1934 929 2000 obseruationum
950 1935 1109 1999 rationem
1132 1955 1205 2017 per·
1281 1939 1282 1944 ’

234 2021 323 2104 cipit.
369 2041 494 2104 quoque
515 2024 661 2103 tempore
691 2041 709 2082 a
737 2019 888 2084 studiosis
911 2019 1082 2083 iuuenibus
1104 2023 1205 2083 certa·
1282 2059 1283 2072 κ

235 2107 294 2167 tim
317 2105 467 2168 Athenae
490 2103 659 2168 Platonem
681 2106 845 2169 doctorem
868 2104 1094 2187 quaerentibus
1115 2107 1206 2187 pete·

234 2188 363 2271 bantur,
379 2190 448 2271 ipse
463 2189 532 2254 Nili
546 2189 691 2253 fluminis
702 2189 945 2272 inexplicabiles
960 2191 1046 2272 ripas
1062 2189 1207 2252 uastissi-

234 2295 366 2356 mosque
389 2295 533 2358 campos,
562 2278 583 2354 †
611 2274 744 2338 effusam
774 2274 955 2338 barbariam
983 2278 1017 2338 et
1043 2274 1204 2338 flexuosos

197 2376 222 2416 ra
234 2358 393 2422 fossarum
432 2359 571 2423 ambitus
611 2359 843 2444 Aegyptiorum
881 2380 994 2422 senum
1027 2357 1204 2441 discipulus

234 2443 398 2508 lustrabat.
436 2465 499 2527 quo
523 2445 628 2507 minus
649 2445 748 2507 miror
762 2443 797 2507 in
812 2443 938 2508 Italiam
953 2447 1202 2528 transgressum,

303 2619 315 2665 1
329 2614 404 2666 inter
415 2612 502 2666 totius
515 2611 555 2676 L,
574 2610 622 2665 ini
640 2611 702 2666 oms
714 2611 801 2665 totius
818 2613 851 2666 im
863 2628 917 2666 rar.
932 2617 966 2666 11
978 2613 1024 2666 ael
1036 2615 1072 2665 12
1084 2613 1205 2666 litterar.

239 2699 273 2740 m,
291 2683 369 2746 211,
386 2681 447 2734 m'd.
465 2680 531 2733 olim
547 2679 636 2745 tmere
652 2681 853 2747 interrogatus,
873 2681 946 2748 qaod
962 2681 1043 2734 babet
1058 2680 1205 2748 promimus

235 2751 270 2803 ab
288 2765 317 2802 eo
340 2749 374 2809 0,
396 2749 471 2801 inter
494 2748 584 2800 omnis
608 2747 695 2802 Halm
716 2749 727 2817 ll
747 2748 933 2803 admiratione
955 2749 995 2800 A²
1016 2749 1025 2815 ΙΙ
1047 2755 1062 2801 5
1081 2747 1204 2815 philoso-

235 2818 329 2886 phone
349 2815 449 2869 didicit
466 2814 519 2879 Al,
542 2814 730 2884 philosopher
749 2815 839 2870 edixit
855 2817 909 2881 At,
932 2821 964 2869 ut
981 2831 1030 2869 mos
1047 2815 1075 2868 L
1092 2820 1118 2868 ct
1135 2815 1202 2868 dett.

235 2886 343 2952 aliquot
356 2885 365 2952 ΙΙ
379 2888 394 2936 6
412 2901 451 2937 aa
464 2883 550 2936 etiam
563 2884 686 2953 <eam>?
699 2885 709 2951 11
722 2888 737 2936 9
748 2883 865 3003 plenum
879 2883 950 2950 LA,
970 2885 1036 2938 add.
1051 2883 1142 2952 plenis
1155 2899 1204 2936 ue·
1219 2893 1223 2900 '

235 2951 391 3006 nerationis
422 2951 510 3005 oculis
535 2965 629 3019 marpo
655 2952 683 3003 A
707 2967 720 3005 c
776 2968 818 3004 ar.
842 2953 851 3018 ΙΙ
877 2958 906 3004 11
935 2953 1118 3006 monumento
1144 2950 1204 3004 cod.

236 3020 349 3074 Sasiam
367 3019 467 3088 Pr'phr'a‘
488 3020 498 3085 ΙΙ
523 3025 552 3071 13
575 3023 713 3072 sacratam
732 3018 770 3071 L¹
787 3021 797 3086 ΙΙ
821 3026 852 3073 18
871 3019 938 3071 dum
957 3018 1122 3082 LOEFP,
1147 3018 1206 3072 dds

235 3089 268 3141 im
285 3103 340 3144 rac.
359 3088 399 3150 A,
419 3087 468 3140 ubi
480 3087 510 3140 D
528 3086 615 3140 Halm
628 3088 637 3155 ΙΙ
651 3093 683 3140 20
701 3089 731 3140 et
742 3089 822 3153 Par,
839 3102 888 3145 om.
910 3087 969 3141 LA
980 3088 991 3155 ΙΙ
1004 3085 1208 3141 obseruationd

235 3155 346 3209 ratione
364 3155 421 3224 (scd
439 3156 456 3208 ir
472 3161 498 3208 et
515 3156 530 3208 d
550 3155 582 3207 im
600 3156 669 3222 ras.)
682 3155 724 3220 A,
744 3154 940 3209 obseruatione
957 3155 1072 3209 rationi
1083 3154 1110 3208 L
1128 3155 1207 3220 aare„

235 3229 269 3278 ot
285 3237 336 3277 mos
346 3224 417 3277 Par.
430 3223 442 3292 ΙΙ
453 3223 576 3291 percipit
588 3223 650 3291 (sic)
668 3222 753 3287 LA¹,
770 3237 855 3290 perce
877 3223 900 3276 it
916 3223 1003 3278 Halm
1020 3229 1045 3277 et
1062 3228 1129 3276 arcta
1139 3239 1206 3284 ras,

238 3307 294 3360 qma
327 3292 429 3359 ercipit
445 3292 604 3344 restitutam
616 3296 668 3355 est,
686 3292 724 3343 A²
737 3291 747 3359 ΙΙ
760 3297 793 3343 24
811 3241 971 3345 barbariam
985 3292 1025 3357 L,
1044 3290 1207 3344 barbariem

236 3360 279 3424 A,
334 3358 490 3412 areotidem
513 3359 654 3426 marmore
676 3358 801 3426 Maduip
821 3359 843 3410 I
861 3362 913 3413 146
932 3361 1067 3428 probante
1089 3358 1208 3412 Halmio

236 3427 268 3478 im
291 3424 425 3479 Flectere.
451 3443 517 3479 amm.
540 3429 609 3481 1874
627 3442 657 3492 p.
680 3429 748 3489 403,
771 3427 820 3480 sed
840 3427 961 3482 similias
978 3429 1041 3481 ueri
1063 3433 1092 3480 et
1114 3427 1209 3480 fusam

236 3491 363 3543 Marcam
383 3492 489 3545 Gertz*
512 3495 570 3552 coll,
598 3491 690 3548 Strab.
716 3493 815 3546 XVII
831 3499 861 3558 1,
890 3500 919 3558 7,
942 3496 1038 3549 malim
1059 3500 1154 3549 tamea
1179 3497 1211 3549 et

238 3555 354 3610 effusam
372 3558 489 3612 Mariam
503 3561 513 3627 ll
525 3566 557 3613 26
576 3576 632 3628 quo
650 3561 732 3627 LA²‚
752 3561 803 3630 qd,
823 3568 855 3616 at
872 3563 945 3623 mid..
963 3565 1000 3616 A¹
