2550 3958
212 148 275 212 428
603 143 779 198 amum

215 300 307 360 extra
328 296 456 360 moenia
477 295 648 378 municipii
663 300 807 378 euocata,
830 315 904 358 cum
926 294 1068 359 abiectis
1092 297 1194 359 armis

213 382 305 445 humi
327 403 462 465 corpora
483 381 752 464 prostrauissent,
774 379 1000 443 interficienda
1021 382 1193 462 protinus-

214 488 277 551 que
298 488 357 550 per
379 487 475 551 agros
497 465 711 550 dispergenda
740 465 873 529 curauit
917 467 1078 547 quattuor
1099 465 1192 528 milia

214 557 247 616 et
268 567 340 616 occ
367 551 455 614 dirse
483 550 730 634 proscriptionis
758 549 863 613 edicto
889 548 1058 633 iugulatos
1082 549 1121 613 in
1147 554 1192 612 ln·

188 636 308 701 sbulas
335 636 480 720 publicas
513 635 640 716 retulit,
675 633 824 698 uidelicet
854 655 897 696 ne
928 634 1091 698 memoria
1125 639 1192 698 tam

213 722 398 804 praeclarae
418 721 466 784 rei
487 720 671 783 dilueretur.
707 740 768 782 nec
783 721 956 782 contentus
977 719 1014 781 in
1036 739 1097 782 eos
1120 741 1192 783 sae-

214 808 292 885 uire,
315 806 370 889 qni
392 805 490 867 armis
512 825 532 866 a
553 827 587 867 se
601 804 829 884 dissenserant,
845 803 943 866 etiarn
959 803 1064 886 quieti
1087 805 1191 867 animi

216 891 303 954 ciues
325 893 457 973 propter
471 890 627 971 pecuniae
648 887 904 972 magnitudinem
918 909 976 970 per
997 889 1191 952 nomencla-

215 978 320 1040 torem
356 973 554 1056 conquisitos
591 975 847 1056 proscriptorum
884 992 1020 1036 numero
1058 973 1190 1037 adiecit.

179 1079 204 1118 ιο
216 1059 368 1122 aduersus
396 1057 545 1120 mulieres
573 1078 700 1141 quoqne
726 1057 851 1142 gladios
879 1057 1067 1137 destrinxit,
1098 1058 1191 1142 quasi

215 1165 330 1226 parum
352 1141 502 1205 caedibus
524 1141 669 1206 uirorum
694 1143 836 1206 satiatus
882 1142 916 1204 id
941 1162 1070 1224 quoque
1100 1145 1192 1206 inex·

215 1226 344 1310 plebilis
375 1225 513 1290 feritatis
544 1226 700 1291 indicium
734 1231 798 1290 est:
836 1226 961 1290 abscisa
992 1227 1191 1291 miserorum
1262 1291 1263 1296 ,

216 1311 324 1394 capita
351 1309 445 1374 modo
472 1331 538 1374 non
566 1311 694 1375 uultum
721 1333 760 1375 ac
781 1311 931 1394 spiritum
952 1311 1133 1375 retinentia
1156 1313 1191 1374 in

217 1399 425 1480 conspectum
446 1418 541 1460 suum
562 1396 670 1460 afferri
692 1396 806 1470 uoluit,
829 1399 867 1459 ut
888 1395 990 1459 oculis
1011 1395 1087 1478 illa,
1111 1397 1191 1480 qnia

180 1499 204 1540 a
218 1503 273 1545 ore
295 1481 386 1544 nefas
410 1484 488 1557 erat,
511 1481 686 1546 manderet.
723 1501 821 1564 quem
842 1501 939 1563 porro
963 1480 1139 1544 crudeliter
1155 1503 1190 1544 se

216 1567 252 1630 in
274 1564 318 1633 M.
342 1565 446 1630 Mario
468 1569 618 1648 praetore
632 1566 746 1650 gessit!
769 1586 863 1649 quem
878 1586 937 1647 per
958 1586 1014 1628 ora
1037 1565 1133 1650 uulgi
1149 1565 1190 1629 ad

217 1651 398 1734 sepulcrum
419 1651 568 1714 Lutatiae
588 1650 696 1735 gentis
710 1653 907 1733 pertractum
929 1671 995 1712 non
1009 1650 1104 1733 prius
1120 1652 1191 1714 uita
1262 1649 1263 1654 ’

216 1737 360 1820 priuauit
387 1757 484 1819 quam
511 1736 623 1798 oculos
651 1735 796 1798 infelices
823 1737 949 1798 erueret
976 1737 1009 1797 et
1040 1735 1190 1819 singulas
1262 1737 1263 1766 ³

218 1821 361 1904 corporis
384 1823 493 1903 partes
515 1819 748 1904 confringeret.
797 1820 853 1883 uix
875 1818 955 1882 mihi
978 1820 1046 1882 neri
1069 1819 1191 1884 similia
1262 1823 1263 1830 ’

179 1925 205 1966 ao
218 1925 350 1968 narrare
377 1904 503 1968 uideor:
531 1908 565 1968 at
593 1904 649 1967 ille
676 1905 774 1968 etiam
801 1903 847 1970 M.
870 1903 1078 1983 Plaetorium,
1104 1905 1190 1988 quod

218 1989 258 2054 ad
282 1991 350 2054 eius
371 1989 566 2072 supplicium
589 1989 746 2053 exanimis
768 1989 935 2068 ceciderat,
959 1990 1120 2053 contiuuo
1142 1989 1188 2053 ibi

218 2075 388 2155 maetauit,
418 2095 524 2137 nouus
552 2075 685 2157 punitor
706 2073 955 2150 misericordiae,
981 2074 1067 2156 apud
1089 2095 1188 2156 quem

218 2157 330 2303 iuiiquo
361 2157 472 2306 ptnimo
506 2159 618 2305 scelup)
638 2158 759 2307 'inlueli
787 2158 890 2222 scelus
917 2157 1087 2306 adprptte're
1113 2158 1189 2256 fuit
1262 2215 1263 2220 ,

218 2261 251 2304 se
306 2262 359 2305 mo
393 2264 509 2306 nomm
541 2265 596 2306 um
619 2264 663 2308 r1s
691 2265 727 2306 sa
755 2263 806 2306 em
858 2265 875 2306 e
898 2263 964 2306 orci
1036 2265 1190 2307 mm1me:

181 2343 206 2384 ss
219 2347 296 2390 nam
319 2324 354 2390 O.
377 2325 490 2407 Marii,
521 2328 628 2411 cuiue,
657 2328 717 2392 etsi
744 2264 858 2412 poste}
875 2264 1001 2407 Ibostis,
1031 2333 1187 2411 quaestor

218 2414 328 2475 tamen
351 2410 524 2496 aliquando
551 2412 672 2496 fuerat,
702 2415 807 2476 erutos
834 2413 959 2476 eineres
986 2413 1022 2474 in
1049 2413 1189 2477 Anienis

219 2495 346 2560 alueum
374 2497 502 2579 sparsit.
558 2518 599 2560 en
626 2497 743 2581 quibus
771 2497 850 2561 actis
878 2496 1045 2560 felicitatis
1066 2519 1190 2562 nomen

218 2580 427 2645 adserendum
449 2581 593 2663 putauit!

218 2852 254 2904 A¹
268 2852 279 2920 ΙΙ
291 2849 404 2904 rettulit
420 2849 530 2918 Halmss
548 2855 564 2902 6
582 2849 757 2903 dilaberetur
774 2850 846 2904 eous
863 2849 1048 2916 Perizonius!
1076 2855 1094 2904 8
1112 2849 1186 2916 norbl

218 2917 344 2972 culstorb
362 2917 495 2986 &quisitos
502 2917 583 3037 plin.
604 2917 730 2972 culatore
754 2919 817 2972 tiu
833 2921 901 2979 ros.)
919 2917 970 2985 An
990 2923 1023 2971 10
1061 2917 1189 2971 istrinxit

219 2986 267 3054 Lll
288 2984 484 3040 remandaret
533 2986 541 3019 ¹
563 2986 573 3054 ll
595 2991 625 3038 17
644 2986 825 3053 sepulchrum
842 2984 912 3038 LA¹
929 2986 1010 3039 Par.1
1031 2986 1042 3054 ll
1063 2985 1189 3040 tractum

217 3055 286 3112 Pur.
304 3054 314 3122 l
331 3053 421 3106 uitem
440 3051 521 3107 L¹A¹
543 3054 553 3122 ΙΙ
577 3057 607 3106 18
625 3052 746 3107 infelicis
764 3054 803 3106 A²
820 3054 830 3120 l
847 3053 973 3122 singulos
991 3053 1070 3105 artus
1092 3053 1189 3120 Paul

219 3127 250 3176 1⁹
268 3120 323 3174 uiri
340 3120 367 3174 L
380 3122 390 3188 ΙΙ
403 3126 435 3174 20
453 3120 607 3190 pletorium
625 3119 701 3186 LA,
723 3121 787 3175 add.
807 3137 833 3174 u.
852 3119 1026 3189 praetorium
1044 3135 1141 3190 margo
1160 3123 1187 3173 A

218 3190 318 3244 ePor.
336 3190 347 3256 ΙΙ
364 3194 395 3241 21
414 3188 586 3266 subplicium
603 3187 644 3242 13¹
661 3189 671 3256 l
692 3195 726 3242 24
743 3189 868 3242 salrtem
885 3187 914 3240 A
931 3189 941 3256 ΙΙ
957 3193 990 3241 26
1009 3187 1106 3241 erotus
1124 3188 1185 3256 L¹l
1262 3199 1263 3216 ³

218 3255 320 3310 cineris
338 3256 432 3321 L¹A¹,
452 3256 592 3310 erneribus
609 3255 648 3308 Β
660 3257 670 3324 ll
682 3255 799 3310 Anienis
817 3256 859 3310 ed.
881 3255 974 3310 Vocet.
992 3259 1076 3321 1478,
1097 3257 1189 3308 amnis
1262 3243 1263 3334 l

217 3323 276 3377 LA
288 3326 298 3391 ΙΙ
311 3328 344 3378 27
361 3322 462 3377 Felicis
479 3324 601 3393 Pipbius
619 3339 680 3378 cum
699 3325 777 3389 dett,
793 3328 823 3378 ot
841 3340 870 3380 a.
889 3323 1187 3390 c.11‚1uicumeo-
1262 3335 1263 3362 l

217 3391 350 3458 gnomine
374 3389 488 3445 sceleris
507 3392 698 3509 [picognomen
720 3391 787 3445 dcet.
808 3392 818 3460 ΙΙ
840 3397 873 3444 28
895 3390 1083 3445 adserendum
1108 3391 1188 3454 LA',
1262 3379 1263 3428 l

217 3456 432 3573 gpffqpeggum
451 3459 490 3509 A²
539 3458 603 3511 aloc.
632 3459 666 3524 cf.
685 3458 763 3514 Plio.
783 3458 1069 3524 u.h.V1143‚173;
1088 3459 1186 3528 Quint.
1262 3453 1263 3462 ’

1259 2569 1263 2614 ⁴

290 2790 302 2837 1
323 2784 456 2837 euocatos
474 2780 557 2845 Μ,
577 2780 1017 2852 euocatasPar.l14DCC*Al
1031 2787 1047 2836 5
1065 2781 1190 2836 sublicas

1259 3069 1263 3100 t
