2562 3950
195 104 258 169 548
419 99 488 154 ure.
508 99 569 159 vn,
606 75 684 154 cnr.
704 104 728 165 a,
747 96 811 156 xxc.
829 103 906 156 2-9,

194 263 290 336 neret,
313 257 482 336 respondit,
505 260 608 316 utrum
629 257 750 333 fecerit,
771 258 909 316 acturum
936 255 1167 332 paenitentiam.

196 346 283 405 ‘hinc
305 345 353 404 te'
376 343 475 418 inquit
497 341 662 414 ‘solitudo‚
695 341 765 400 hinc
788 340 917 416 orbitas,
951 341 1021 400 hinc
1042 342 1167 417 generis
1267 349 1268 354 ’

194 431 349 502 interitus,
383 428 452 488 hinc
480 428 565 488 heres
593 427 709 486 alienus
732 426 886 501 excipiet'.
917 457 959 468 —
991 424 1075 484 Idem
1098 443 1170 485 cum

196 516 353 574 damnatus
381 532 399 571 a
427 512 542 572 ciuibus
572 512 728 588 potionem
754 511 864 570 ueneni
887 531 904 568 a
926 509 1062 570 carnifice
1083 529 1169 570 acce·

195 600 305 676 piscat,
336 617 426 657 uxore
447 597 617 673 Xanthippe
646 595 727 654 inter
748 595 852 654 fletum
875 595 1058 654 uociferante
1080 594 1193 655 inno-s

196 688 311 744 centem
326 702 395 742 eum
409 681 585 757 periturum,
609 680 694 756 ‘quid
709 678 815 756 ergol'
831 679 930 756 inquit
945 680 1077 740 ‘nocenti
1092 680 1171 738 mihi
1267 737 1268 740 ,

196 769 273 829 mori
296 769 389 828 satius
411 764 562 826 duxistil'

164 865 180 914 2
264 852 334 911 Solo
356 851 540 927 legumlator
560 851 720 923 neminem,
743 849 813 908 dum
836 848 932 908 adhuc
951 849 1076 927 uiueret,
1100 850 1170 908 bea·

197 941 263 997 tum
286 937 346 996 dici
368 935 475 995 debere
497 934 708 994 arbitrabatur.
731 967 773 978 —
795 932 894 1008 idem,
918 952 985 993 cum
1007 935 1170 994 examinis

198 1022 347 1098 quendam
375 1019 509 1096 grauiter
536 1022 717 1078 maerentem
743 1017 887 1095 uidisset,
920 1018 953 1077 in
981 1037 1080 1078 arcem
1102 1031 1207 1094 per-1⁰

198 1108 322 1166 ductum
344 1106 481 1164 hortatus
511 1106 558 1164 est
585 1106 620 1163 ut
641 1122 694 1180 per
716 1122 818 1163 omnes
840 1103 1044 1162 subiectorum
1066 1103 1171 1162 aedifi·

198 1193 314 1251 ciorum
346 1191 447 1264 partes
481 1188 583 1247 oculos
616 1187 830 1249 circumferret.
876 1187 957 1263 quod
990 1190 1025 1246 ut
1054 1187 1171 1246 factum

198 1274 427 1346 animaduertit,
451 1273 567 1349 ‘cogita
588 1291 668 1332 nunc
689 1272 805 1332 tecum’
830 1272 929 1347 inquit
950 1272 1057 1349 ‘quem
1078 1273 1172 1332 multi

198 1360 297 1419 luctus
328 1359 383 1418 sub
413 1357 459 1417 his
488 1361 520 1416 et
548 1357 620 1416 olim
648 1356 762 1416 fuerint
789 1359 820 1416 et
845 1356 933 1416 hodie
955 1359 1115 1418 uersentur
1137 1360 1171 1416 ct

198 1444 425 1520 insequentibus
447 1442 572 1502 saeculis
595 1443 658 1502 sint
679 1440 799 1504 futuri'.
1036 1476 1040 1482 ·
1186 1452 1208 1492 1⁵

166 1543 182 1591 3
263 1528 335 1588 Bias
356 1528 466 1588 Priene
489 1529 584 1603 cepta,
607 1525 746 1586 omnibus
768 1526 885 1586 onustis
907 1526 1103 1602 fugientibus,
1127 1527 1173 1586 in-

199 1616 371 1690 terrogatus
398 1612 470 1689 quid
497 1613 541 1672 ita
567 1611 643 1670 nihil
670 1629 706 1669 ex
735 1610 823 1670 bonis
851 1610 911 1670 suis
945 1629 1044 1671 secum
1066 1611 1172 1686 ferret,

201 1700 268 1774 ‘ego
291 1697 372 1758 uero’
397 1697 497 1773 inquit
518 1696 607 1755 ‘bona
629 1713 694 1756 cocu
715 1713 830 1754 mecum
853 1695 953 1754 omnia
974 1695 1061 1756 fero'.

167 1795 185 1843 4
265 1782 352 1841 Plato
379 1785 444 1840 tum
473 1781 592 1840 demum
619 1779 741 1839 beatum
769 1779 872 1838 orbem
894 1780 1031 1839 futurum
1052 1781 1174 1856 praedi-

202 1867 302 1940 cabat,
327 1885 396 1925 cum
420 1869 472 1925 aut
493 1865 642 1940 sapientes
664 1883 790 1940 regnare
812 1868 866 1924 aut
885 1882 970 1941 reges
986 1883 1088 1941 sapere
1105 1883 1173 1925 coe·
1186 1875 1209 1915 ²⁰

201 1952 325 2028 piscant.

169 2047 185 2095 o
266 2035 330 2094 Rex
351 2034 473 2108 quidam
487 2034 582 2094 fertur
597 2033 742 2093 traditum
758 2033 814 2092 sibi
830 2033 967 2093 diadema
980 2033 1064 2109 prius
1078 2052 1173 2108 quam

202 2119 295 2194 capiti
316 2119 472 2193 inponeret
493 2121 645 2178 retentum
668 2119 718 2176 diu
740 2119 941 2178 considerasse
965 2136 999 2177 ac
1013 2117 1125 2178 dixisse
1141 2119 1172 2178 ‘o

201 2202 334 2263 nobilem
355 2203 451 2279 magis
473 2222 563 2277 quam
585 2204 703 2263 felicem
724 2203 890 2278 pennumi'

172 2299 187 2347 6
269 2287 465 2360 Xenocrates,
488 2306 555 2346 cum
578 2287 792 2347 maledicorum
814 2287 1003 2363 quorundam
1025 2288 1172 2348 sermoni-
1185 2297 1209 2338 ²⁵

203 2373 260 2432 bus
282 2391 398 2432 summo
422 2372 540 2432 silentio
562 2373 732 2445 interesset,
755 2373 807 2430 uni
829 2391 865 2431 ex
886 2372 933 2432 his
948 2373 1103 2448 quaerenti
1119 2390 1173 2432 cur

204 2458 284 2518 solus
307 2459 420 2517 taceret
452 2456 580 2516 ‘dixisse
602 2458 666 2518 me'
690 2457 789 2533 inquit
811 2457 988 2533 ‘aliquando
1009 2457 1172 2534 paenituit,

203 2543 331 2603 tacuisse
351 2543 536 2617 numquam’.
1267 2609 1268 2612 Ἴ

172 2639 189 2688 8
271 2626 378 2686 Thales
400 2627 602 2703 interrogatus
617 2645 655 2686 an
670 2626 750 2686 faeta
764 2626 917 2686 hominum
934 2626 1003 2688 deos
1017 2625 1169 2701 fallerent,
1267 2653 1268 2720 p

205 2714 255 2772 ‘ne
277 2712 408 2788 cogitate
429 2711 562 2786 quidam'
585 2711 692 2787 inquit.
1165 2713 1210 2761 '³⁰

176 2808 192 2856 9
274 2796 388 2856 Vnicae
413 2795 491 2854 filiae
518 2798 602 2872 pater
623 2795 839 2856 Themistoclea
867 2796 1042 2856 consulebat
1069 2798 1173 2855 utrum

206 2901 271 2941 eam
302 2881 441 2956 pauperi,
464 2880 516 2940 sed
543 2882 649 2940 ornato
679 2899 717 2939 an
743 2881 885 2957 locupleti
911 2899 1018 2957 parum
1044 2880 1173 2955 probato

207 2966 384 3026 conlocaret.
417 2965 531 3024 tumis
556 2964 657 3023 ‘malo’
680 2966 782 3041 inquit
804 2966 914 3024 ‘uirum
937 2965 1061 3042 pecunia
1082 2984 1174 3041 quam

206 3051 361 3128 pecuniam
382 3051 448 3108 uiro
470 3049 679 3136 indigentcm’3

276 3145 416 3228 rutrum]
436 3145 502 3225 add.
520 3161 617 3200 eorum
635 3146 693 3201 cod.
710 3162 745 3200 m.
756 3148 784 3214 2,
802 3146 890 3200 Halm
902 3145 973 3214 Vol,
990 3161 1006 3226 a
1021 3161 1038 3226 ‚⁰
1056 3146 1172 3214 deleuit

208 3213 1176 3360 irrotulabunturiritte⁰uttuuarouu

208 3351 389 3402 reuersentur
406 3351 546 3414 (=et1am
563 3350 721 3414 uersentur)
736 3349 844 3414 Gener,
861 3366 900 3404 ab
918 3351 946 3403 et
957 3349 1099 3418 hodieque
1111 3367 1177 3404 uer-

208 3416 346 3482 centuli}
361 3421 392 3468 16
409 3417 538 3470 onusties
551 3418 560 3485 ΙΙ
575 3423 606 3471 18
623 3432 688 3470 meu
704 3417 771 3490 add.
783 3417 895 3483 Gener,
913 3431 965 3474 om.
984 3417 1042 3472 cod.
1059 3417 1151 3474 Halm
1163 3421 1173 3488 l!

212 3486 243 3532 19
260 3481 322 3531 turn
339 3495 390 3536 om.
409 3483 473 3535 Mei
485 3485 495 3550 ΙΙ
508 3489 540 3538 25
558 3484 656 3540 melius
673 3485 852 3539 maledico-
863 3485 985 3540 sermoni
1005 3484 1065 3539 Val.
