2562 3950
207 159 271 222 578
433 155 599 211 mnvnu.
622 156 739 225 cena,
753 162 826 212 r-r.
844 157 908 215 axa.
923 163 948 216 1.

418 386 421 390 -
502 349 555 406 DE
576 347 649 406 IRA
671 347 753 406 AVT
780 346 891 408 ODIO.

152 454 202 520 8‚t
268 448 343 509 cum
366 450 510 510 aduersus
531 449 753 509 Hasdrubalem
779 450 885 508 Liuius
901 449 1053 511 Salinator
1076 454 1193 514 missus
1273 449 1274 470 ¹

203 537 289 606 esset,
315 535 407 595 Fabio
429 538 569 594 monente
591 553 628 592 ne
650 537 763 594 temere
798 535 999 594 committeret
1013 537 1122 609 aciem,
1148 559 1192 598 re

203 620 326 695 spondit
347 621 476 694 primam
500 637 532 678 se
555 619 743 678 occasionem
767 637 885 695 pugnae
907 637 968 677 non
990 621 1190 693 omissurum,

204 704 464 780 interrogatusque
491 703 565 779 quid
596 703 642 760 ita
671 706 734 761 tarn
763 705 939 762 festinanter
967 723 1090 763 manum
1115 721 1216 765 oon-s

205 806 303 846 serere
325 789 431 860 uellet,
455 789 509 846 ‘ut
531 806 621 863 quam
643 787 818 846 celerrime'
841 787 942 862 inquit
963 787 1033 848 ‘aut
1054 791 1190 866 gloriam

203 891 239 930 ex
268 873 405 932 hostibus
437 873 526 931 uictis
555 875 607 930 aut
636 891 671 930 ex
700 872 817 932 ciuibus
851 873 1010 946 prostratis
1037 875 1189 949 gaudium
1273 903 1274 938 3

203 957 341 1032 capiam'.
386 958 504 1016 miscuit
526 963 597 1014 tunc
618 956 701 1028 ‘sira
726 956 881 1030 uirtutem,
903 959 1062 1033 repetentis
1085 961 1119 1017 et
1141 961 1188 1018 in·

202 1042 315 1100 iustam
338 1041 563 1100 damnationem
589 1044 622 1098 et
644 1040 791 1115 triumphi
813 1040 939 1116 gloriam
962 1045 1148 1116 quaerentis.

172 1136 188 1183 2
269 1123 301 1188 O.
322 1126 448 1201 Figulus
471 1125 658 1184 consulatum
686 1143 748 1182 non
775 1124 919 1198 adeptus,
954 1144 1022 1184 cum
1046 1127 1083 1184 ad
1109 1147 1182 1186 eum
1200 1145 1222 1182 ro

209 1213 329 1284 postero
353 1209 400 1268 dia
423 1209 597 1269 consulendi
619 1228 707 1268 causa
730 1208 818 1270 multi
835 1209 996 1287 uenissent,
1021 1228 1125 1272 omncs
1136 1214 1186 1272 di·

206 1295 286 1353 misit
308 1295 351 1354 sic
372 1294 541 1370 praefatus:
565 1294 620 1352 ‘an
642 1312 696 1353 nos
719 1294 873 1353 consulere
896 1295 1000 1368 scitis,
1025 1299 1185 1356 consulem

208 1379 305 1438 facere
327 1378 488 1438 nescitisl’

178 1478 194 1526 3
277 1461 351 1522 Cum
373 1463 493 1538 quidam
516 1461 572 1521 Cn.
593 1462 715 1520 Flauius
736 1461 922 1520 humillimae
945 1462 1034 1522 sortis
1057 1468 1185 1539 praetor

208 1547 304 1607 factus
333 1549 424 1620 esset,
457 1547 580 1623 plurimi
613 1564 628 1604 e
657 1546 806 1606 nobilibus
838 1547 945 1606 anulos
977 1547 1183 1623 proiecerunt,
1200 1564 1223 1603 rs

207 1630 344 1707 phaleras
366 1633 452 1708 equis
476 1632 680 1706 detraxerunt,
704 1633 855 1706 tamquam
877 1631 1012 1707 indignis
1035 1632 1185 1693 darentur

207 1717 410 1794 magistratus.

172 1815 189 1864 4
272 1801 384 1860 Manlio
406 1801 559 1876 Torquato
589 1819 623 1856 ex
645 1798 763 1857 Latinis
791 1801 822 1856 et
844 1797 1005 1876 Campanis
1032 1801 1181 1862 referenti

207 1885 363 1944 uictoriam
385 1902 472 1944 nemo
494 1885 637 1942 iuuenum
661 1884 798 1955 occurrit,
823 1885 904 1959 quod
929 1885 954 1942 is
977 1884 1073 1943 filium
1088 1905 1179 1945 suum

208 1970 303 2029 securi
325 1972 521 2047 percusserat.
1195 1983 1222 2025 eo

173 2068 189 2116 5
272 2054 432 2128 Equitatus
455 2053 607 2112 Romanus
630 2051 755 2111 aFabio
778 2069 837 2110 cos.
860 2053 896 2110 ad
920 2053 1049 2112 hostium
1073 2055 1177 2130 copias

206 2139 424 2214 persequendas
446 2139 563 2205 missus,
585 2154 698 2195 memor
719 2137 854 2210 agrariae
876 2138 952 2210 legis
974 2139 1012 2196 ab
1034 2157 1067 2196 eo
1091 2139 1176 2214 inpe-

208 2221 287 2281 ditae
308 2240 369 2280 non
391 2224 418 2280 ei
441 2223 598 2282 obsecutus
621 2224 678 2279 est.
722 2221 813 2296 Appii
836 2222 981 2280 exercitus
1003 2223 1177 2282 uoluntaria

207 2305 279 2380 fuga
301 2311 386 2382 terga
407 2306 488 2365 hosti
510 2305 608 2377 dedit,
632 2325 670 2363 na
693 2304 880 2380 triumphum
904 2311 1060 2381 quaereret
1082 2308 1177 2383 impe-

203 2391 306 2467 ratori,
330 2410 443 2450 memor
464 2394 580 2466 patrem
602 2391 666 2448 eius
689 2389 840 2447 infensum
866 2391 976 2466 populo
1001 2392 1097 2451 fuisse.
1190 2405 1219 2444 ²⁵

169 2487 184 2536 ‘t
268 2476 406 2535 Metellus
429 2480 495 2535 tota
516 2493 611 2550 paene
626 2474 770 2548 Hispania
793 2475 924 2543 subactu,
947 2473 1173 2550 Q.Pompeium

202 2560 354 2619 consulem
381 2561 536 2619 inimicum
563 2578 649 2617 suum
678 2575 876 2617 successorem
904 2560 963 2618 sibi
990 2559 1071 2618 mitti
1101 2579 1172 2620 cum

202 2643 351 2719 audisset,
381 2663 498 2723 omnes,
526 2643 578 2718 qui
602 2643 710 2700 militia
731 2660 836 2701 uacare
859 2644 1014 2723 uolebant,
1044 2645 1170 2714 dimisit,

202 2730 308 2788 horrea
340 2730 515 2788 custodibus
543 2728 665 2786 remotis
694 2728 813 2801 rapinas
841 2728 994 2802 praebuit,
1023 2747 1107 2788 arcus
1137 2735 1171 2788 et

202 2813 326 2888 sagittas
345 2811 528 2872 Cretensium
551 2812 650 2888 frangi
674 2810 770 2883 iussit,
795 2811 960 2886 elephantis
976 2813 1087 2873 cibaria
1102 2813 1169 2872 dari
1185 2829 1213 2868 ao

200 2899 307 2957 uetuit.

148 2979 203 3081 Eff-
268 2983 436 3041 Alexander
454 2983 548 3041 iratus
564 2980 743 3056 Lysimacho
765 2980 846 3038 leoni
869 3000 935 3040 eum
952 2982 1071 3060 obiecit,
1086 2982 1168 3041 idem

268 3133 283 3182 8
301 3127 372 3181 iram
390 3127 545 3196 repetentis
564 3126 635 3194 (scil.
648 3127 787 3190 memoria)
805 3125 899 3180 iniust
918 3126 1013 3181 damn.
1032 3129 1062 3182 et
1078 3128 1168 3182 uirtu-

200 3198 257 3249 tem
276 3195 412 3263 triumphi
430 3212 455 3263 g.
472 3212 498 3263 q.
517 3195 583 3249 benc
602 3193 711 3256 certas,
725 3197 836 3260 poterat
853 3194 918 3260 fort.
938 3197 1029 3250 lentus
1046 3197 1118 3251 iram
1136 3199 1168 3250 et
1271 3189 1274 3206 ¹

199 3262 335 3316 uirtutem
359 3264 513 3331 repetentis
535 3262 785 3339 iniustamtdamn.
805 3263 834 3314 et
850 3267 886 3318 tr.
905 3279 932 3331 g.
952 3281 979 3332 q.
1005 3264 1015 3332 ΙΙ
1038 3263 1165 3332 repentis

199 3331 267 3394 cod,
286 3346 333 3387 em.
351 3330 416 3384 Mai
428 3332 438 3398 ΙΙ
455 3337 481 3382 ll
502 3345 597 3383 omnes
615 3330 722 3382 dimisit
738 3343 795 3394 uos,
813 3344 863 3384 oar.
878 3346 911 3385 m.
923 3336 949 3398 1,
967 3331 1075 3384 dimisit
1093 3331 1166 3396 (siae

198 3397 394 3529 resistet.
407 3395 1083 3530 {ttatutistarr-ttlssntttt
1096 3414 1164 3532 fta

197 3528 297 3579 missus
314 3541 364 3580 om.
383 3530 450 3594 cod,
468 3531 559 3596 suppl.
578 3529 666 3584 Halm
677 3531 689 3598 ΙΙ
701 3535 734 3583 26
752 3530 869 3586 subactu
888 3547 938 3588 om.
957 3538 1020 3587 aaz
