2606 3958
207 166 270 230 350
620 163 687 222 nra,
705 162 766 217 vn.

170 355 174 363 ·
208 316 363 384 ciderunt.
402 316 481 381 haec
502 316 566 380 fuit
581 316 704 380 Punica
718 315 883 399 fortitudo,
908 317 988 382 dolis
1004 321 1037 382 et
1050 317 1176 386 insidiis

208 405 241 466 et
261 401 391 466 fallacia
418 402 586 466 instructa.
620 422 702 485 quae
730 421 818 466 nunc
841 403 1020 467 certissima
1043 403 1179 468 circum·
1289 397 1294 410 ’

208 489 324 551 nonme
352 486 481 550 uirtutis
512 488 639 550 nostrae
669 486 831 550 excusatio
855 491 918 566 est,
946 488 1100 572 quoniam
1124 490 1177 554 de-

208 572 292 656 cepti
314 573 417 657 magis
439 593 534 656 quam
555 571 633 635 uicti
656 592 772 636 sumus.

180 783 193 823 ⁵
500 756 542 823 v.
580 707 882 822 ou'aurvcsrs.

271 875 385 960 Campi
413 896 538 959 quoque
571 877 812 958 repraesentata
846 874 991 940 condicio
1025 876 1176 943 ambitio-

207 984 274 1026 sam
296 961 508 1045 ingredientis
531 959 618 1024 uiam
639 960 679 1025 ad
701 961 817 1024 fortius
833 960 1037 1025 sustinendos
1058 983 1175 1044 parum

205 1066 376 1131 prosperos
413 1044 613 1110 comitiorum
647 1051 780 1110 euentus
813 1045 936 1110 utiliter
972 1045 1173 1128 instruxerit,

206 1132 282 1214 quia
312 1130 486 1214 propositis
515 1133 590 1194 ante
618 1128 725 1194 oculos
753 1129 1001 1194 clarissimorum
1029 1132 1173 1198 uirorum

168 1241 192 1280 ιο
206 1214 342 1298 repulsis
369 1217 405 1277 ut
432 1235 500 1280 non
528 1215 652 1278 minore
675 1235 749 1280 oum
770 1235 827 1298 spe
848 1213 1000 1296 honores,
1030 1215 1077 1279 ita
1099 1238 1175 1299 pru-

206 1299 351 1364 dentiore
380 1320 453 1363 cum
481 1299 579 1364 animi
608 1299 726 1365 iudicio
758 1303 871 1382 petent
903 1301 1174 1384 meminerintque

205 1384 297 1448 nefas
320 1406 386 1450 non
409 1405 477 1447 esse
500 1383 621 1468 aliquid
636 1384 677 1448 ab
699 1383 848 1448 omnibus
870 1384 928 1448 uni
949 1385 1073 1482 negari,
1100 1407 1175 1450 cum

205 1490 299 1553 saepe
327 1490 462 1534 numero
490 1469 610 1553 singuli
639 1472 828 1534 cunctorum
850 1468 1072 1534 uoluntatibus
1093 1471 1173 1535 resi-

205 1559 289 1619 stere
324 1555 372 1618 fas
407 1575 475 1619 esse
507 1553 674 1636 duxerint,
709 1555 845 1617 scientes
883 1553 979 1618 etiam
1012 1553 1175 1637 patientia

166 1661 191 1703 15
206 1639 318 1724 quaeri
340 1638 455 1704 debere
478 1639 561 1723 quod
586 1640 692 1723 gratia
715 1638 881 1721 impetrari
904 1638 1073 1722 nequierit.

270 1726 297 1788 1.
322 1722 358 1799 Q.
374 1724 486 1788 Aelius
507 1723 634 1787 Tubero
657 1745 676 1787 a
698 1721 734 1798 Q.
758 1721 857 1787 Fabio
878 1721 1018 1786 Maximo
1041 1724 1172 1806 epulum

203 1809 324 1893 populo
346 1808 477 1873 nomine
500 1807 536 1871 P.
553 1807 699 1872 Africani
721 1808 828 1891 patrui
850 1809 899 1872 sui
922 1807 1019 1873 dante
1037 1813 1174 1892 rogatus

203 1897 239 1958 ut
266 1892 443 1957 triclinium
470 1895 629 1956 sterneret
657 1892 792 1957 lectulos
820 1892 1002 1956 Punicanos
1031 1893 1173 1976 pellibus

203 1977 349 2042 haedinis
372 1977 488 2040 strauit
510 1981 543 2040 et
564 1998 623 2059 pro
646 1977 807 2062 argenteis
836 1978 921 2042 uasis
944 1975 1051 2043 Samia
1074 1999 1172 2062 expo·

164 2085 190 2124 ro
203 2063 276 2130 suit.
324 2063 413 2125 cuius
435 2062 482 2124 rei
505 2060 692 2126 deformitas
714 2062 761 2126 sic
782 2060 930 2126 homines
952 2061 1100 2141 offendit,
1123 2066 1170 2143 ut,

204 2168 276 2209 cum
299 2144 421 2228 alioqui
442 2145 494 2209 uir
510 2146 657 2231 egregius
676 2145 847 2212 haberetur
863 2147 1065 2231 comitiisque
1079 2169 1171 2231 prae·

201 2231 294 2296 toriis
310 2229 497 2294 candidatus
512 2231 546 2294 in
561 2252 711 2315 campum
731 2231 767 2296 L.
783 2230 885 2296 Paulo
900 2252 961 2296 auo
984 2237 1017 2296 et
1033 2231 1067 2295 P.
1083 2231 1171 2296 Afri·

204 2336 285 2379 cano
308 2315 469 2380 auunculo
491 2317 586 2381 nixus
610 2315 839 2398 descendisset,
861 2317 989 2400 repulsa
1010 2315 1084 2381 inde
1100 2317 1168 2383 abi·

201 2403 251 2464 ret
273 2402 418 2464 notatus:
447 2421 523 2465 nam
549 2404 585 2465 ut
611 2401 764 2485 priuatim
787 2422 912 2485 semper
935 2401 1170 2466 continentiam

163 2504 189 2546 rs
202 2484 399 2569 probabant,
429 2484 476 2550 ita
503 2485 630 2569 publice
653 2485 791 2550 maxims
813 2507 890 2551 cura
911 2485 1091 2569 splendoris
1113 2486 1170 2551 ha-

202 2571 271 2634 bita
294 2574 351 2634 est.
398 2570 546 2653 quocirca
573 2571 650 2635 urbs
679 2592 747 2635 non
774 2572 869 2634 unius
892 2570 1034 2635 conuiuii
1056 2592 1170 2636 nume·

200 2676 281 2737 rum,
305 2655 358 2718 sed
381 2658 484 2719 totam
506 2676 540 2719 se
562 2655 597 2720 in
618 2655 683 2720 illis
705 2655 864 2739 pelliculis
886 2655 1021 2720 iacuisse
1035 2655 1170 2721 credens

200 2739 350 2804 ruborem
374 2739 460 2823 epuli
483 2740 648 2825 suffragiis
671 2741 736 2805 suis
759 2740 949 2805 uindicauit.

270 2880 283 2926 1
303 2873 395 2927 dolis*
412 2875 470 2941 (sed
488 2875 546 2928 siu
556 2876 622 2942 rus.)
634 2876 681 2940 ΑΞ,
700 2875 789 2935 dolus,
808 2879 841 2930 ut
852 2875 921 2941 uid,
934 2874 984 2939 A¹‚
1003 2873 1071 2928 dolii
1085 2875 1167 2944 (ectr.

199 2943 209 2994 i
227 2943 309 3007 corr.)
328 2941 354 2995 L
367 2943 376 3010 ΙΙ
398 2949 413 2995 5
431 2940 480 2994 DE
498 2941 641 2996 AMBITV
658 2943 728 3002 Par.
750 2943 763 3014 ΙΙ
783 2949 797 2997 7
816 2959 855 2996 uu
872 2943 980 2996 uitam?
999 2943 1170 2997 Perizonius

199 3014 279 3076 recte,
296 3009 328 3063 ui
345 3009 453 3077 salioru
477 3010 533 3078 1110
550 3010 656 3064 honore
668 3012 716 3078 A¹,
735 3009 849 3065 honoris
862 3011 889 3064 L
906 3015 932 3065 et
949 3011 1015 3065 cett.
1027 3011 1037 3079 ΙΙ
1052 3016 1083 3063 14
1100 3009 1168 3076 fort.

199 3077 288 3131 scient
301 3077 482 3146 probabiliter
499 3079 666 3133 Perizonius
686 3080 697 3148 ΙΙ
717 3078 859 3147 patientia
875 3078 913 3131 L¹
935 3079 945 3147 ΙΙ
968 3083 999 3132 15
1017 3077 1112 3147 gratia
1128 3077 1168 3131 L¹

197 3147 235 3199 A¹
249 3147 260 3214 ΙΙ
276 3149 305 3198 16
323 3144 413 3198 delius
432 3147 477 3212 (ee
494 3145 582 3200 asbus
599 3146 660 3202 uici.
678 3148 758 3214 corr.)
777 3147 804 3198 L
821 3147 832 3213 l}
854 3145 886 3211 Q.
905 3146 993 3200 Fabio
1005 3175 1037 3185 —
1049 3146 1167 3201 nomine

197 3227 248 3267 om.
266 3213 303 3280 L,
321 3213 369 3267 sed
386 3214 495 3280 supplet
511 3219 575 3270 rar
592 3229 687 3284 murpo
705 3215 732 3268 L
744 3215 754 3282 ΙΙ
774 3215 931 3267 maximum
948 3228 1044 3282 murpo
1055 3213 1083 3266 A
1096 3217 1106 3284 ΙΙ
1120 3229 1169 3267 ae·

218 3280 298 3332 ulum
316 3280 386 3333 LA¹
399 3282 408 3347 l
422 3287 454 3334 17
472 3282 562 3348 patris
578 3281 648 3336 Pur.
662 3284 671 3351 ΙΙ
686 3288 717 3336 18
734 3282 822 3335 lectos
840 3282 910 3338 Por.
925 3283 935 3350 ΙΙ
950 3287 980 3336 19
999 3280 1108 3336 aedinis
1118 3281 1168 3344 ΑΙ,

197 3295 309 3399 declinis
326 3347 366 3423 A²
377 3347 433 3465 quo
450 3347 578 3402 homines
595 3349 643 3415 Al,
663 3365 760 3404 omnes
777 3348 816 3402 A²
830 3349 900 3404 Par.
915 3351 968 3418 1121
988 3349 1110 3402 habetur
1128 3349 1168 3402 L¹

198 3413 225 3462 A
249 3413 259 3478 ΙΙ
282 3418 315 3464 22
333 3430 362 3465 rn
392 3429 472 3468 orum
489 3417 558 3470 Pur.
581 3418 591 3485 ΙΙ
612 3422 644 3470 23
661 3417 775 3470 habiret
791 3417 830 3470 L¹
860 3417 964 3471 abierit
980 3418 1020 3471 A²
1037 3417 1047 3485 ΙΙ
1064 3423 1097 3472 27
1115 3432 1168 3472 uu.

198 3477 249 3530 sed
270 3479 406 3556 tptam-
419 3480 513 3550 Scipio
536 3483 580 3538 Na
603 3484 644 3539 bis
665 3485 770 3553 scriptu
791 3458 871 3539 tabet
895 3483 996 3556 (epulis
1014 3483 1046 3538 iu
1061 3486 1168 3554 priore,

198 3542 313 3612 aepubs
331 3561 364 3599 eu
381 3547 473 3602 alteru
485 3553 579 3618 purte)
598 3551 626 3604 L
637 3552 647 3619 ΙΙ
660 3557 693 3607 28
711 3551 802 3620 epulis
819 3553 847 3605 A
1283 3559 1288 3574 “
