2590 3948
481 179 695 238 PRAEFATIO.
1003 179 1072 238 xm

92 335 319 420 impugnsuit,
342 332 407 399 iam
422 335 601 400 accuratius
616 334 782 419 explorato
798 335 956 400 bonorum
970 333 1066 400 libro·

92 441 172 484 rum
194 419 381 486 testimonio
403 419 461 484 illa
482 419 733 504 reprehensione
756 439 872 486 carere.

164 504 258 570 Haec
272 504 373 570 habui
387 525 467 588 quae
482 505 620 570 dicerem
638 504 677 568 de
693 503 870 570 Halmiana
890 506 1068 588 scripturae

94 589 259 654 uarietate
278 610 296 654 e
312 587 468 654 Bcrnensi
489 589 572 656 libro
594 591 753 673 excerpta,
776 609 895 674 magna
916 610 955 654 ex
976 592 1069 673 parte

93 674 186 740 leuia
212 675 269 739 illa
295 673 437 758 quidem,
465 674 493 740 si
520 678 631 740 tamen
658 675 831 758 quicquam
858 674 928 738 leue
957 678 1006 738 est
1033 674 1068 738 in

95 759 162 824 hoo
185 779 304 844 genere
325 759 464 826 maxime
485 758 520 824 in
542 759 623 824 locis
645 759 820 842 corruptis,
844 757 899 823 sed
922 757 1068 842 profecto

96 864 168 908 non
196 845 305 909 omnia
333 843 454 909 nullius
482 844 640 910 momenti
662 844 698 908 in
719 842 925 908 restituendis
949 841 1069 908 Valerii

96 929 219 993 uerbis.
256 930 292 994 in
313 950 377 1012 qua
398 951 433 994 re
454 949 555 994 unum
579 928 660 994 illud
681 928 849 1012 deprecor,
877 928 991 1012 nequis
1019 949 1069 992 me

98 1015 181 1112 liaeo
206 1016 274 1110 tam
302 1013 411 1078 sedulo
433 1014 603 1112 collegisse
616 1013 776 1111 'opine-tur
798 1013 839 1078 ad
861 1012 1071 1110 detrectarrda

97 1119 249 1248 erut
269 1098 1070 1280 eluateurlluuururruu

100 1269 214 1333 abesse
229 1271 262 1332 et
277 1269 354 1332 olim
368 1268 403 1332 in
417 1266 521 1334 Nouis
536 1269 778 1352 quaestrombus
792 1268 873 1332 meis
888 1265 939 1332 Va
951 1287 1069 1332 enanis

99 1352 147 1438 (p.
162 1354 197 1434 l)
219 1352 384 1440 professus
412 1373 498 1437 sum,
526 1373 599 1418 cum
626 1353 730 1418 acrius
758 1352 800 1416 nb
821 1373 859 1418 ec
881 1352 1070 1436 obiurgatus

102 1458 257 1502 excusare
272 1437 433 1502 studerem
448 1458 530 1522 quae
545 1437 581 1503 in
603 1437 820 1502 describendis
843 1436 962 1502 codicis
984 1436 1070 1502 illius

100 1522 294 1587 lectionibus
321 1542 519 1606 peccassem,
554 1526 588 1588 et
619 1521 715 1588 hodie
747 1521 898 1605 profiteor
925 1522 967 1585 ab
998 1523 1070 1605 ipso

101 1607 237 1672 Halmio
265 1607 397 1672 edoctus
425 1629 521 1705 quam
549 1607 592 1672 sit
618 1606 698 1671 illud
725 1606 894 1690 negotium
927 1605 1069 1683 difficile,

100 1696 274 1776 postquam
295 1691 515 1758 intellarr‘uel
535 1690 785 1775 diligentissimo
807 1694 952 1755 ueterum
973 1690 1070 1754 libro-

102 1798 174 1840 rum
209 1777 439 1860 perscrutatori
472 1782 506 1842 et
537 1776 572 1842 in
605 1776 617 1840 l
660 1773 750 1840 endis
780 1775 820 1840 iis
853 1775 1070 1840 uersatissimo

102 1861 182 1926 talia
195 1881 292 1945 posse
306 1862 444 1926 euenire.
483 1860 539 1926 sed
553 1861 586 1926 id
601 1883 633 1924 m
670 1860 682 1924 i
695 1861 850 1944 proposui
865 1864 898 1924 et
916 1860 978 1924 hac
999 1881 1072 1924 mea

102 1967 154 2012 me
176 1965 275 2030 opera
298 1949 506 2011 consecutum
528 1967 597 2012 esse
619 1945 763 2024 confido,
790 1946 930 2029 primum
959 1949 996 2009 ut
1025 1945 1071 2009 fa·

103 2031 199 2096 cilius
225 2031 266 2095 ab
289 2031 399 2114 aequis
420 2031 578 2096 indicibus
600 2031 728 2096 ueniam
756 2030 927 2114 impetrem
949 2050 1070 2110 eorum,

105 2137 188 2199 quae
211 2115 288 2180 olim
302 2116 411 2180 minus
425 2119 513 2214 recte
527 2116 768 2197 constitueram,
781 2115 982 2213 'praesertim
998 2135 1070 2178 cum

103 2199 1071 2380 {tritittttttltuttttstltttttltttt

104 2371 145 2434 ab
167 2369 343 2434 Halmiana
364 2370 539 2453 discrepat,
567 2374 604 2434 ut
625 2374 700 2453 post
720 2389 822 2435 nouas
843 2391 931 2434 meas
954 2389 1071 2452 easque

103 2454 326 2519 exactissimus
355 2475 448 2518 curas
476 2455 578 2520 maior
606 2458 717 2519 nostro
746 2475 842 2538 quam
870 2453 957 2519 illius
979 2455 1071 2518 testi-

101 2541 214 2604 monio
236 2539 315 2603 fides
337 2539 502 2604 habentur.

166 2624 207 2688 ln
230 2624 371 2689 editione
393 2645 464 2688 mea
485 2625 607 2690 maiore
622 2646 653 2708 p.
671 2624 712 2688 78
726 2623 789 2688 iam
812 2623 983 2688 docueram
1005 2643 1072 2688 non

102 2709 198 2774 unius
226 2709 350 2773 librarii
377 2731 508 2775 manum
535 2709 569 2774 in
591 2709 700 2775 codice
721 2707 880 2774 Bemensi
902 2729 1070 2792 apparere:

103 2815 179 2859 nam
194 2794 347 2872 camille,
371 2794 426 2877 qui
439 2799 545 2860 totum
559 2794 647 2860 hunc
669 2794 787 2858 librum
809 2795 964 2877 exorauit,
987 2813 1070 2856 com-

103 2879 213 2962 plures
236 2878 416 2944 admisisset
444 2901 582 2962 errores,
609 2879 767 2944 nonnulla
795 2879 894 2944 oculis
920 2878 1071 2960 deceptus

104 2964 281 3046 omisisset,
316 2965 380 3028 alia
412 2969 468 3030 aut
496 2966 545 3031 bis
576 2968 736 3028 exarescet
758 2967 814 3028 aut
836 2985 917 3048 quae
939 2963 1071 3028 omnino
1166 2973 1168 2978 '

103 3069 170 3113 non
194 3049 235 3112 ad
257 3069 326 3114 rem
348 3051 558 3134 pertinebant
579 3051 777 3131 intrusisset,
805 3050 894 3113 uelut
922 3049 958 3130 2,
980 3048 1030 3111 10.
1052 3049 1071 3113 8

104 3138 147 3217 (p.
166 3135 239 3211 107,
255 3133 300 3216 2),
323 3136 379 3199 ubi
397 3136 562 3222 integrum
578 3156 680 3219 paene
695 3134 854 3199 Martialis
875 3133 1072 3231 epigramma

105 3217 189 3282 inter
211 3217 335 3284 Valerii
364 3221 462 3285 uerba
490 3221 635 3304 irrepsit,
663 3219 744 3284 alter
766 3218 894 3303 quidam
923 3218 1072 3283 hbrarius

106 3303 246 3367 eiusdem
280 3304 347 3368 fere
376 3306 506 3389 aetatis,
540 3305 638 3370 homo
665 3304 751 3368 haud
780 3303 931 3387 inscitus,
965 3325 1072 3388 super-

106 3389 205 3474 uenit,
228 3389 284 3472 qui
301 3388 426 3455 adiutus
451 3391 515 3456 alio
539 3390 656 3473 codice,
679 3393 715 3453 ut
730 3387 861 3454 Halmio
881 3389 995 3476 (praef.
1009 3389 1071 3471 IV)

107 3473 241 3551 uidetur,
258 3474 377 3553 eodem,
399 3497 493 3559 equo
510 3475 685 3541 Beruensis
701 3473 879 3559 descriptus
896 3479 974 3558 erat,
990 3497 1072 3559 quae

24 3567 29 3596 ›
108 3556 280 3642 deprauata
296 3560 524 3626 animaduertit
546 3563 602 3626 aut
625 3581 715 3624 erasa
737 3560 891 3644 primaria
913 3562 1073 3646 scriptura
