2604 3960
481 187 555 243 car.
574 187 607 257 v,
626 147 648 254 s*
662 193 735 245 1-c.
1032 192 1094 258 195

122 363 213 406 mum
235 361 304 406 esse
319 339 529 407 uerecundiae
544 341 698 426 pretium:
722 339 829 426 Scipio
845 346 923 408 tunc
937 342 1091 410 honorem

120 426 256 510 adeptus
279 429 342 506 est,
371 426 427 490 sed
450 426 499 524 [si]
525 425 668 492 Cicereio
691 427 794 513 magis
822 429 975 512 gratulati
1003 434 1089 494 suut.

184 512 215 576 4.
239 512 287 575 Ac
310 531 351 575 ne
372 512 519 594 protrnus
543 511 682 576 comitiis
697 511 865 594 abeamus,
888 513 1091 578 consulatum

118 598 235 680 petens
258 593 294 660 L.
311 594 459 674 Crassus,
483 615 555 660 cum
577 596 720 660 omnium
736 596 979 662 candidatorum
1002 619 1090 662 more

118 680 240 745 circum
269 679 376 744 forum
404 679 540 765 supplex
567 680 688 764 populo
715 681 763 746 ire
785 685 970 767 cogeretur,
999 699 1117 746 num-e

117 785 216 849 quam
243 763 357 830 adduci
392 765 502 848 potuit
532 767 569 829 ut
601 765 634 829 id
664 769 834 862 praesente
868 766 906 843 Q.
936 765 1091 832 Scaeuola

116 848 625 1000 atztlttttltnltlt
639 871 941 1002 ”altaalta
956 850 1090 1000 lasti·

116 955 187 1100 ret:l
200 952 386 1100 disceleret,
409 1018 564 1084 maiorem
586 957 997 1105 ueiecundiampdignitaais
1019 1020 1087 1086 eius

118 1123 215 1187 quam
238 1101 391 1168 candidae
412 1105 510 1188 togae
532 1123 607 1168 suae
625 1109 805 1188 respectum
828 1126 938 1190 agens.
1103 1124 1128 1164 1⁰

180 1187 212 1252 5.
235 1185 409 1271 Pompeius
424 1190 531 1252 autem
545 1187 685 1272 Magnus
700 1189 886 1255 Pharsalica
900 1191 968 1256 acie
983 1189 1089 1256 uictus

117 1270 301 1356 aansare,
323 1292 395 1337 cum
410 1275 541 1355 postero
565 1272 616 1336 die
634 1272 776 1338 Larisam
791 1275 942 1353 intraret,
966 1275 1088 1359 oppidi-

116 1376 180 1440 que
201 1355 291 1421 illius
313 1357 482 1421 uniuersus
504 1356 641 1442 populus
664 1358 791 1423 obuiam
819 1359 849 1423 ei
869 1360 1088 1446 processisset,

116 1440 198 1506 ‘ite'
221 1440 328 1525 inquit
349 1443 401 1506 ‘et
422 1441 507 1506 istud
530 1441 672 1506 officium
694 1445 856 1527 praestate
871 1444 1017 1528 uictori’‚
1040 1444 1087 1508 di·

114 1545 220 1592 cerem
226 1574 237 1612 ,
260 1547 328 1591 non
354 1524 471 1609 dignus
498 1526 551 1610 qui
577 1525 777 1608 uinceretur,
808 1527 872 1592 nisi
901 1549 920 1591 a
953 1527 1088 1594 Caesare
1103 1546 1128 1586 1⁵

113 1612 404 1694 semisoporatus,
433 1613 519 1675 certe
545 1610 707 1675 modestus
729 1612 765 1675 in
787 1611 984 1677 calamitate:
1012 1634 1087 1677 nam

113 1694 189 1778 quia
225 1694 384 1844 dignitate
412 1715 470 1760 aua
498 1695 547 1760 uti
574 1695 639 1760 iam
664 1716 731 1761 non
758 1699 896 1779 poterat,
930 1717 1006 1761 usus
1039 1701 1089 1762 est

110 1799 251 1844 uerecun
286 1800 314 1845 a.
385 1809 387 1818 ’

177 1863 208 1928 6.
238 1863 341 1954 Quam
357 1863 564 1949 praecipuam
585 1865 619 1928 in
635 1863 669 1930 O.
686 1885 811 1950 quoque
827 1864 964 1931 Caesare
985 1865 1087 1932 fuisse

114 1951 149 2012 et
169 1969 264 2032 saepe
286 1968 420 2014 numero
436 1949 585 2032 apparuit
607 1953 639 2014 et
652 1948 784 2015 ultimus
808 1950 874 2015 eius
897 1950 965 2016 dies
987 1950 1085 2035 sigui-
1100 1973 1125 2014 ao

114 2033 240 2098 ficauit:
264 2033 471 2117 conpluribus
494 2033 579 2098 enim
602 2033 834 2117 parricidarum
855 2034 992 2102 uiolatus
1019 2057 1085 2100 mu-

114 2116 266 2184 cronibus
301 2118 388 2183 inter
423 2117 528 2201 ipsum
564 2117 645 2183 illud
677 2122 820 2203 tempus,
859 2141 921 2204 quo
958 2120 1086 2185 diuinus

112 2201 244 2286 spiritus
271 2203 399 2268 mortali
428 2202 669 2268 discernebatur
695 2225 714 2268 a
744 2225 891 2288 corpore,
918 2225 959 2269 ne
981 2204 1085 2270 tribus

114 2285 243 2370 quidem
267 2291 299 2352 et
320 2301 370 2350 xx
393 2286 579 2352 uulneribus
602 2287 680 2370 quin
702 2288 914 2354 uerecundiae
929 2289 1081 2375 obseque-

110 2374 201 2436 retur
234 2372 404 2437 absterreri
437 2371 557 2456 potuit,
593 2374 620 2436 si
653 2373 781 2456 quidem
808 2377 944 2458 utraque
971 2379 1083 2458 togam
1098 2393 1124 2434 aa

108 2555 234 2626 Modaiq
250 2557 293 2611 II
305 2559 373 2622 321,
389 2555 484 2627 Negas
501 2557 655 2611 maximum
674 2573 734 2612 esse
751 2558 830 2612 troad
846 2560 917 2614 male
933 2558 1035 2625 Halm,
1053 2563 1085 2613 at

102 2628 220 2694 potarat
236 2625 335 2680 melius
352 2624 448 2694 Negas
464 2625 620 2680 maximum
638 2640 698 2679 esee
715 2642 743 2681 u.
760 2625 902 2693 pretium?
932 2626 969 2694 cf.
987 2627 1084 2697 Negas

111 2691 258 2746 efficacem
277 2708 337 2748 ease
355 2693 446 2746 iram?
468 2691 571 2747 VIIII
584 2695 613 2757 3,
633 2696 651 2746 6

177 2766 193 2814 ‘2
212 2760 262 2814 sed
280 2760 303 2814 si
315 2760 387 2824 LA,
406 2759 461 2815 etsi
471 2759 603 2819 Foortaot
615 2759 655 2813 ΙΙ
663 2761 710 2827 28,
729 2759 779 2814 eod
797 2760 837 2815 sic
851 2760 934 2816 Gertz
950 2761 968 2819 l.
980 2777 1015 2827 a,
1033 2759 1083 2814 sed

109 2829 172 2893 (cm.
190 2828 227 2894 si,
263 2828 320 2883 uod
331 2827 446 2895 saccaro
460 2828 525 2883 dett.
538 2826 662 2896 Maricio
673 2829 683 2896 l
696 2827 930 2896 magistratulatis
943 2828 979 2894 L,
991 2843 1038 2881 rna
1059 2829 1083 2880 i-

106 2895 213 2949 stratus
228 2843 299 2974 llati
317 2896 383 2949 sunt
401 2896 442 2964 (ct
459 2912 471 2948 s
488 2895 521 2950 ia
538 2896 592 2963 riae
603 2910 675 2950 aere.
693 2897 760 2950 Μ
777 2896 855 2975 aad)
868 2898 909 2963 A,
927 2911 976 2951 em.
989 2896 1028 2950 Al
1070 2911 1084 2951 a

111 2962 124 3031 il
143 2969 160 3018 3
178 2964 298 3018 comatus
315 2963 353 3016 A¹
367 2964 377 3031 11
389 2961 543 3018 habeamus
561 2963 597 3017 11¹
612 2963 622 3031 l}
635 2964 811 3018 consulatum
828 2980 860 3018 m
876 2978 945 3033 may.
964 2963 1030 3019 add.
1044 2963 1071 3017 L

106 3031 182 3086 cons.
200 3032 228 3085 A
248 3033 258 3100 ΙΙ
279 3036 295 3086 7
314 3043 411 3086 socero
435 3033 515 3110 (corr.
535 3046 548 3084 e
565 3031 672 3110 secero)¹
689 3030 718 3084 L
738 3031 748 3099 ΙΙ
769 3035 785 3084 8
804 3031 960 3086 deseruiret
977 3031 1047 3104 Por.
1066 3004 1083 3134 {I

106 3105 124 3154 9
143 3099 284 3153 discerent
302 3099 382 3153 ΙᾺΑΙ
397 3099 407 3178 ΙΙ
420 3113 459 3153 er:
478 3099 509 3168 (ι’.
529 3113 552 3157 e.
571 3103 641 3166 erus)
659 3114 764 3178 aaran
782 3099 809 3152 A
821 3100 831 3167 ΙΙ
846 3105 877 3154 10
895 3114 939 3153 res
961 3099 1070 3177 ectu'A

107 3167 127 3287 lt
141 3172 173 3220 11
197 3166 329 3221 farsalica
352 3166 377 3232 (f
395 3181 427 3220 aa
448 3167 515 3234 raa.)
533 3166 574 3233 A,
601 3165 741 3242 parsahoa
758 3167 807 3234 A¹,
832 3165 897 3234 pale
918 3116 1082 3246 pfiarsahee

106 3234 138 3304 (i
156 3250 191 3288 m.
204 3235 234 3302 2)
252 3234 324 3290 Par.
342 3235 352 3303 11
372 3239 402 3288 la
421 3249 482 3289 com
501 3234 538 3288 L¹
551 3234 561 3303 l
573 3235 686 3302 postem
706 3235 731 3302 (e
751 3237 776 3288 et
793 3239 862 3288 ectr.
881 3249 897 3286 o
919 3249 952 3287 aa
968 3234 1035 3301 rae.)
1055 3234 1082 3288 L

108 3304 121 3371 l!
141 3301 257 3356 larisam
276 3302 315 3363 L,
335 3301 462 3357 larissam
481 3302 576 3371 (prior
594 3302 763 3370 suammet.)
775 3302 803 3355 A
814 3299 910 3367 Halm,
928 3301 947 3354 l.
960 3301 990 3359 P.
1008 3300 1082 3356 larsa

103 3371 266 3494 latta}
278 3370 416 3505 malti
428 3368 670 3491 titillat?
683 3384 740 3491 {⁰1¹¹
747 3367 1078 3507 rfttlrrttittlll‘t

106 3509 188 3571 erae-l
195 3505 234 3628 ἁῇ
247 3506 257 3574 ΙΙ
277 3505 371 3627 ilfi*
389 3504 498 3559 eram
511 3506 566 3573 1121
586 3503 749 3560 uolneratos
765 3505 945 3561 Kellerbauer
957 3507 967 3574 l
979 3511 1012 3559 24
1030 3521 1079 3558 ue-

104 3587 193 3629 recou
214 3589 259 3628 rae
292 3603 304 3626 A
858 3593 861 3600 ¹

874 3662 926 3712 13*

1277 3583 1295 3620 Α
