2550 3958
228 143 293 209 494
383 140 451 196 ΜΒ.
470 140 505 199 11.
541 138 618 194 cap.
637 144 662 208 e,
683 138 844 195 ra-cAP.
862 145 888 206 r,
907 144 986 198 1-s.

229 299 357 376 ptimum
373 317 485 358 annum
500 297 705 376 conplessent,
721 315 780 373 quo
795 297 991 373 paruolorum
1007 299 1194 359 amissionem
1213 375 1214 380 η

230 384 370 460 aequiore
393 383 491 442 animo
514 382 636 442 ferrent.

181 475 212 525 17
294 467 442 526 Numidae
468 485 553 543 reges
582 485 665 526 more
692 465 794 542 gentis
821 483 893 525 suae
920 465 1002 524 nulli
1024 470 1194 528 mortalium

230 553 364 614 osculum
387 552 539 624 ferebant,
562 554 597 609 ut
619 550 750 628 dignitas
772 550 955 610 consentiret
977 550 1126 628 imperio.

445 787 499 846 DII
522 784 756 846 DISCIPLINA
778 785 976 844 MEITARI.
1204 799 1210 838 l

178 908 229 974 7,1
296 905 328 964 Ρ.
341 903 496 966 Cornelius
519 904 617 979 Scipio
640 922 700 963 cos.
722 903 754 961 in
777 903 951 979 Hispaniam
973 903 1133 969 adnersrm
1147 909 1196 968 Iin-

229 990 380 1050 mantinos
412 991 521 1050 missus
552 988 617 1063 die,
651 1006 711 1064 quo
745 991 842 1048 casua
868 989 1010 1062 intrauit,
1046 993 1151 1053 edixit
1173 1006 1196 1052 ut

230 1074 329 1134 omnia
355 1093 391 1132 ex
412 1075 473 1148 his,
503 1092 579 1150 qnae
608 1073 773 1148 uoluptatis
795 1090 884 1132 causa
905 1079 1088 1149 comparata
1112 1086 1197 1147 erant,

231 1158 489 1218 submonerentur.
533 1159 636 1234 itaque
663 1160 781 1216 constat
801 1158 962 1216 maximum
983 1159 1060 1218 inde
1086 1163 1199 1223 instita

228 1260 296 1301 rum
310 1260 465 1301 numerum
488 1261 555 1302 cum
570 1243 685 1302 dnobus
706 1241 830 1302 milibus
853 1245 1023 1301 scortorum
1048 1246 1165 1312 abisse.
1207 1255 1221 1296 1⁸

201 1333 217 1381 2
299 1326 438 1387 Metellus
460 1345 531 1398 cos,
559 1345 625 1386 cum
648 1326 810 1385 exercitum
838 1328 870 1385 In
892 1326 994 1386 Africa
1015 1327 1201 1406 Iugurthino
1230 1361 1231 1416 q

230 1412 309 1473 bello
331 1411 424 1471 nimia
439 1411 490 1488 Sp.
503 1411 607 1470 Albini
628 1410 816 1487 indulgentia
830 1414 1005 1486 corruptum
1021 1419 1200 1492 accepisset,
1231 1437 1232 1480 l

231 1497 379 1572 Scipionis
401 1500 511 1556 sectam
534 1499 654 1556 secutus
676 1498 731 1554 est.
1232 1513 1233 1548 l

196 1587 212 1636 3
292 1581 326 1640 Ρ.
341 1581 480 1656 Rupilius
501 1598 561 1640 cos.
585 1598 621 1639 eo
636 1580 725 1652 bello,
747 1579 828 1655 quod
850 1581 882 1638 in
905 1577 1006 1639 Sicilia
1029 1601 1106 1643 cum
1131 1587 1203 1663 fugi·
1233 1590 1234 1622 l

229 1665 300 1726 tiuis
329 1666 436 1743 gessit,
470 1662 505 1734 Q.
527 1664 656 1723 Fabium
683 1682 827 1741 generum
854 1683 957 1741 sunm,
990 1667 1067 1740 quia
1099 1666 1236 1750 aeglea

228 1751 331 1828 gentis
346 1749 626 1810 Tauromenitanam
647 1767 745 1808 arcem
765 1749 913 1822 amiserat,
936 1750 1101 1824 prouIncia
1118 1757 1205 1816 iussit
1236 1815 1237 1854 ,

230 1836 379 1896 decedere.
1236 1855 1237 1858 ’

196 1924 213 1972 4
295 1917 326 1980 0.
339 1919 428 1980 Cotta
442 1919 477 1979 P.
496 1917 654 1977 Aurelium
669 1917 859 1977 Pecuniolam
882 1918 1028 1993 sanguine
1054 1921 1118 1981 sibi
1142 1925 1204 1983 iun·
1237 1891 1238 1954 I

229 2007 324 2080 ctum,
358 2023 446 2079 quem
475 2003 622 2063 obsidioni
652 2002 838 2078 Liparitanae
866 2003 1069 2076 praefecerat,
1105 2009 1203 2086 uirgis

231 2105 349 2147 caesum
372 2088 497 2146 militiae
519 2105 642 2145 munere
656 2087 735 2146 inter
748 2085 865 2162 pedites
880 2085 967 2162 fungi
981 2088 1095 2165 coegit,
1123 2093 1227 2168 quod!

231 2171 294 2230 eius
316 2172 403 2246 culpa
424 2189 516 2247 agger
536 2173 676 2232 Incensus
704 2174 735 2230 et
756 2189 849 2246 paene
871 2175 970 2231 castra
991 2175 1082 2247 capta
1104 2182 1203 2237 erant
1238 2211 1239 2236 l

196 2259 212 2309 o
292 2254 326 2326 Q.
343 2254 469 2314 Fuluius
492 2255 615 2316 Flaccus
638 2273 743 2316 censor
763 2255 905 2314 Fuluium
927 2256 1052 2315 fratrem
1077 2277 1204 2321 consor·

229 2342 289 2399 tem
311 2339 472 2415 legionem,
501 2341 533 2399 in
555 2359 615 2417 qua
641 2342 680 2400 tr.
703 2339 767 2399 mil.
791 2345 871 2417 erat,
901 2341 1055 2399 dimIttere
1079 2342 1204 2406 iniussu

231 2442 291 2484 cos.
315 2442 436 2498 ausum,
459 2425 520 2484 suis
542 2427 644 2484 tamm
665 2425 833 2500 mensibus,
857 2427 963 2484 senatu
984 2425 1096 2487 mouIt.

195 2512 210 2562 6
293 2508 464 2569 Postumius
487 2509 616 2569 dictator
637 2508 674 2567 A.
698 2508 886 2568 Postumium
907 2509 1018 2586 filium,
1042 2513 1131 2585 qnod
1157 2516 1230 2574 irs-a

229 2593 312 2653 iussu
337 2611 390 2653 suo
413 2593 515 2652 hostes
537 2592 671 2669 fuderat,
693 2595 839 2653 uictorem
862 2595 957 2654 securi
979 2598 1149 2669 percussit.
1164 2631 1203 2642 -

231 2678 404 2753 Torquatus
419 2677 527 2737 Latino
549 2677 629 2736 bello
651 2678 755 2737 consul
776 2677 885 2751 filium,
908 2679 989 2754 quod
1010 2687 1203 2753 prouocatus

230 2781 247 2821 a
269 2761 393 2822 Gemino
421 2761 535 2821 Maecio
564 2761 638 2821 duae
662 2762 897 2822 Tusculanorum
924 2763 961 2820 ad
990 2762 1205 2828 dimicandum

230 2865 262 2907 se
284 2846 389 2922 ignaro
411 2844 619 2919 descenderat,
643 2847 788 2906 uictorem
809 2847 903 2908 securi
926 2848 1083 2922 percussit

195 2935 210 2984 '1
292 2931 328 2992 L.
345 2929 484 3000 Quintius
507 2927 700 2990 Cincinnatus
723 2931 852 2991 dictator
873 2931 997 2992 deuictis
1019 2931 1142 3008 Aequis
1169 2938 1235 2996 [aa

229 3015 394 3074 Minucium
417 3013 602 3073 consulatum
625 3015 771 3091 deponere
786 3016 898 3092 coegit,
921 3016 1002 3091 quod
1017 3019 1121 3078 castra
1137 3022 1205 3082 eins

228 3100 306 3158 idem
330 3098 429 3158 hostes
451 3098 639 3158 obsederant.

199 3190 215 3239 8
296 3183 434 3258 Papirius
457 3183 593 3256 dictator,
622 3201 689 3243 oum
716 3184 860 3244 aduersus
888 3183 1046 3260 imperium
1069 3186 1142 3250 eius
1168 3190 1205 3262 Q.

229 3269 341 3328 Fabius
356 3267 513 3327 Rullianus
536 3269 679 3345 magister
701 3270 836 3344 equitum
859 3269 1021 3328 exercitum
1042 3269 1077 3329 in
1100 3275 1206 3336 aciem

258 3510 264 3522 ⁸
295 3453 310 3500 ‘l
328 3462 368 3499 ca
385 3449 482 3501 eodem
494 3446 564 3523 ,dm
578 3447 588 3514 l
602 3451 634 3500 14
651 3447 763 3502 rutilius
769 3448 826 3568 'qiin
840 3461 873 3502 eo
886 3447 1060 3503 belloHolm
1073 3451 1084 3520 l
1098 3456 1137 3509 23
1154 3455 1208 3512 de.

226 3513 339 3564 m1ttere
353 3514 362 3578 ΙΙ
375 3518 408 3566 28
427 3527 550 3580 gemmro
568 3529 603 3566 m.
616 3515 636 3566 2
647 3514 657 3582 l
670 3520 702 3568 34
719 3518 776 3568 ruti
799 3530 869 3569 anus
886 3518 954 3570 aad
