2550 3958
239 155 303 220 490
451 153 518 208 nra.
537 153 571 208 11.
602 153 679 208 car.
698 160 752 222 2,'1
768 154 890 210 -cae,
909 161 933 219 r,
948 161 973 209 2.

206 323 221 370 ‘l
305 311 446 373 Tribunis
472 311 514 388 pl.
541 312 653 371 intrare
680 312 794 371 curiam
824 331 886 372 non
906 313 1033 387 licebat,
1074 317 1134 376 sed
1158 319 1219 376 arla

238 397 342 456 ualuas
377 396 484 472 positis
512 396 662 456 subselliis
691 396 810 456 decreta
837 400 958 472 patrum
986 401 1218 461 examinabant

240 483 342 556 itaque
370 481 523 540 ueteribus
551 483 673 540 senatus
703 481 850 541 consultis
877 480 899 541 C
929 483 1033 542 littera
1066 485 1217 546 subscribi

240 567 370 636 solebat,
400 584 492 640 eaque
514 569 586 625 uota
608 563 834 642 significabatur
854 567 908 625 illa
928 567 1072 627 tribunos
1096 589 1215 646 quoque

240 668 400 710 censuisse.
1223 679 1230 715 ε

207 744 224 793 8
306 733 530 793 immolatarum
564 753 582 793 a
614 735 841 810 magistratibus
869 735 1034 794 hostiarum
1072 741 1150 798 exta
1181 739 1214 798 ad

241 821 412 894 quaestores
434 819 563 878 aerarios
586 818 684 878 delata
705 820 858 879 uenibant.
903 821 1003 894 itaque
1025 820 1214 882 abstinentia

240 905 389 963 artissime
404 903 725 978 constringebatur.-
740 903 903 962 Multorum
918 922 967 962 aes
983 905 1134 983 alienum,
1149 909 1213 984 quia

239 988 409 1062 prouincias
437 987 550 1046 sincere
578 987 876 1060 administraueraut,
908 1006 925 1046 a
947 991 1055 1048 senatu
1080 993 1212 1066 persolu-

239 1080 304 1130 tum
326 1073 381 1130 est.
1223 1095 1239 1133 u

205 1166 223 1215 9
304 1155 461 1230 Equestris
483 1155 596 1216 ordinis
618 1156 759 1216 iuuentus
781 1156 828 1216 bis
850 1157 955 1217 urbam
977 1160 1157 1232 spectaculo
1173 1161 1214 1220 sui

241 1238 422 1311 celebrabat,
446 1239 494 1299 die
516 1239 724 1317 Lupercalium
746 1243 778 1300 et
800 1241 934 1316 equitum
956 1242 1155 1316 probatione.
1180 1277 1213 1286 -

240 1323 348 1384 Fabius
381 1342 486 1384 censor
519 1342 587 1382 cum
608 1324 700 1384 Decio
736 1325 893 1385 seditionis
926 1325 1077 1386 liniendae
1106 1331 1213 1405 gratia,

240 1428 329 1485 quam
356 1408 477 1469 comitia
506 1410 702 1470 accenderant
723 1409 755 1468 in
777 1410 936 1469 humillimi
958 1411 1107 1486 cuiusque
1131 1417 1214 1488 poto·

241 1497 349 1554 statem
370 1493 504 1568 redacta,
527 1493 676 1553 forensem
699 1495 819 1554 turbam
841 1496 874 1553 in
889 1497 1031 1570 quattuor
1052 1496 1160 1557 tribus
1176 1499 1238 1557 dtr

243 1579 365 1653 scripsit
386 1597 495 1654 easque
510 1577 640 1638 urbanas
655 1577 827 1653 adpellauit.
852 1597 910 1654 quo
925 1582 987 1638 tam
1002 1579 1122 1640 salubri
1138 1583 1216 1643 facto

240 1662 387 1722 Maximus
410 1663 636 1740 cognominatus
658 1668 712 1725 est.

186 1753 241 1819 Μ
306 1748 467 1807 Armorum
490 1747 712 1807 tractandorum
735 1746 892 1807 meditatio
914 1766 932 1806 a
953 1747 988 1810 P.
1011 1746 1134 1810 Rutilio
1160 1770 1215 1812 cos.

240 1831 294 1892 On.
318 1832 412 1891 Manli
441 1832 566 1906 conlega
594 1831 741 1890 militibus
771 1833 818 1891 est
850 1832 976 1891 tradita:
1009 1832 1037 1891 ia
1066 1835 1156 1893 enim
1184 1855 1216 1895 ax

237 1917 311 1976 ludo
333 1915 365 1976 O.
381 1915 496 1976 Aurelii
519 1915 622 1975 Scauri
644 1915 813 1975 doctoribus
835 1915 1034 1993 gladiatorum
1059 1921 1238 1980 arcessitisr

237 2001 356 2059 uitandi
389 2003 478 2076 atque
509 2000 658 2060 inserendi
683 2001 760 2060 ictus
788 2001 934 2060 rationem
963 2001 1142 2078 legionibus
1172 2007 1214 2064 in-

240 2085 349 2144 stituit.

204 2181 222 2229 3
303 2167 438 2227 Velitum
465 2187 536 2230 usus
566 2187 600 2228 eo
630 2169 708 2229 bello
739 2169 871 2244 primurn
898 2172 1125 2244 reportasset,
1156 2191 1214 2249 quo

240 2251 373 2328 Capuam
395 2253 520 2313 Fuluius
542 2254 665 2314 Flaccus
693 2254 823 2314 obsedit:
860 2271 930 2312 nam
963 2271 1028 2312 cum
1060 2258 1214 2330 equitatui

240 2335 392 2413 Campano
415 2338 527 2398 crebris
550 2338 774 2398 excursionibus
796 2339 934 2398 resistere
948 2338 1046 2397 nostri
1062 2357 1132 2400 non
1147 2359 1235 2417 pos-s

240 2427 319 2496 sent,
358 2420 392 2492 Q.
420 2423 535 2482 Nauius
564 2423 696 2482 centurio
725 2441 741 2482 e
771 2423 924 2498 peditibus
952 2421 1045 2482 lectos
1066 2426 1214 2502 expediti

240 2509 386 2583 corporis,
418 2507 560 2568 breuibus
586 2510 616 2567 et
638 2507 769 2567 incuruis
792 2507 924 2582 septenis
946 2509 1079 2567 armatos
1106 2510 1213 2580 hastis,

239 2611 333 2669 paruo
354 2593 507 2668 tegumine
529 2592 675 2664 munitos,
703 2591 800 2651 ueloci
823 2591 903 2651 saltu
923 2591 1047 2668 iungere
1071 2611 1105 2652 se
1130 2597 1214 2672 equi-

238 2677 373 2738 tantibus
395 2680 427 2736 et
448 2695 551 2736 rursus
574 2677 673 2736 delabi
694 2676 830 2736 celeriter
851 2675 979 2736 edocuit.

186 2767 238 2833 4‚2
302 2761 464 2822 Theatrum
485 2761 657 2820 inchoatum
679 2780 696 2820 a
716 2760 843 2821 Messala
864 2763 895 2820 et
909 2759 1010 2820 cassio
1033 2765 1238 2825 censoribnsa

239 2847 358 2906 auctore
380 2846 415 2904 P.
439 2846 548 2906 Nasica
577 2845 631 2905 sub
659 2847 746 2905 hasta
766 2846 873 2917 ueuiit,
896 2863 934 2906 ne
956 2846 1140 2916 spectaculis
1164 2869 1214 2926 po·

244 3061 250 3072 ·
307 2999 322 3048 3
349 2992 463 3069 senatus
489 2991 607 3047 consult.
650 2995 679 3044 s‘c
704 3007 719 3046 c
747 2991 843 3045 littera
872 2992 929 3058 (scd
955 2991 1023 3045 cia
1043 2997 1115 3072 rus.)
1146 2996 1214 3060 cod,

237 3074 320 3114 ammo
338 3058 362 3113 Τ
379 3058 434 3112 lut.
453 3064 597 3113 conredo
644 3059 709 3114 cim.
744 3075 772 3113 c.
790 3058 829 3113 od
842 3061 958 3137 p.‚65,3
978 3060 988 3128 l
1009 3065 1024 3112 ‘1
1042 3063 1213 3128 ueniebant

237 3133 270 3182 ut
291 3127 325 3182 ira
348 3127 406 3183 cod.
428 3126 500 3192 Vct,
531 3143 578 3182 em.
596 3127 684 3182 Halm
707 3127 717 3196 ΙΙ
741 3127 899 3181 tconstrru
921 3126 1042 3180 ebantur
1059 3128 1135 3194 cod,
1167 3148 1213 3186 car.

238 3195 326 3250 Halm
344 3211 358 3249 e
373 3193 434 3250 Vol.
448 3197 458 3264 ΙΙ
473 3201 503 3249 12
522 3194 705 3250 celebrabant
722 3195 790 3261 cod,
809 3209 857 3252 em.
907 3194 963 3248 olm
981 3209 995 3249 c
1015 3193 1078 3272 Vol.
1091 3196 1102 3263 l
1117 3203 1155 3252 14
1174 3215 1214 3253 ao·

239 3263 394 3318 conderent
409 3278 460 3319 aas
478 3261 578 3328 cVal.,
597 3262 788 3318 accendebant
806 3262 864 3320 cod.
890 3263 900 3331 fl
923 3267 955 3340 rt
972 3261 1064 3316 deson
1086 3263 1127 3319 eit
1146 3267 1213 3330 eod,

238 3346 287 3407 cm.
304 3331 454 3409 Eberhard
472 3336 497 3385 et
517 3331 625 3386 cenat.
650 3329 684 3396 es.
700 3329 783 3410 isati
798 3335 829 3384 19
847 3329 952 3408 manlio
964 3330 975 3397 l
987 3334 1019 3408 .²¹
1039 3279 1084 3382 ad
1099 3369 1105 3383 .
1126 3334 1214 3415 ”l-stt

238 3399 329 3450 iactus
353 3400 363 3464 ll
386 3398 498 3466 legibus
521 3398 590 3475 cod,
614 3415 661 3453 ern.
681 3397 802 3466 Populos
823 3397 843 3474 d.
857 3395 1009 3476 instillaurt
1029 3412 1082 3465 pro
1153 3405 1215 3459 later

240 3462 364 3594 &tim
377 3465 600 3597 atdzxotpedrtrb.
612 3465 699 3520 Halm
711 3466 721 3532 l
734 3470 767 3519 28
784 3465 921 3532 tegimine
934 3467 994 3520 Μ
1006 3465 1016 3533 ΙΙ
1029 3470 1062 3519 30
1075 3471 1215 3526 messalla

380 3546 412 3582 ca
481 3569 486 3582 .
