2604 3960
226 187 286 252 160
639 183 707 242 nra,
726 183 776 236 ur.

221 337 362 402 meritati
384 333 599 402 multitudinis
622 336 837 401 constantiam
859 357 950 402 snam
978 337 1096 402 obiecit
1124 359 1192 402 ma-

220 425 368 506 ximoque
401 422 563 487 contionis
595 420 724 507 fragore
758 426 790 486 et
822 421 1057 486 incitatissimis
1092 422 1191 487 minis

221 508 392 591 conpulsus
406 528 473 571 non
489 510 539 571 est
557 510 594 572 ut
609 527 642 570 ae
657 505 804 590 publicae
825 505 1005 572 dementiae
1026 511 1191 572 auctorem

222 594 405 658 ascriberet.
457 613 538 676 quae
575 593 727 677 oppositu
763 592 832 655 eius
868 591 1013 675 legitima
1050 593 1191 678 grassari

195 679 280 741 buia*
298 676 460 761 prohibita
483 677 604 740 iniusto
626 678 811 759 praetorum
835 696 946 740 cruore
972 697 1086 740 manus
1114 698 1190 742 suas

222 763 443 826 contaminare
469 762 699 845 perseuerauit.
744 782 804 825 neo
832 760 942 825 timuit
968 758 1118 826 Socrates
1146 783 1191 826 ne

221 850 444 911 consternatae
476 847 600 930 patriae
628 844 815 910 undecimus
846 845 937 909 furor
967 867 1054 910 mors
1086 847 1191 930 ipsius

222 933 382 996 existeret.

283 1033 314 1096 4.
338 1031 532 1111 Proximum,
557 1029 618 1094 etsi
636 1053 703 1095 non
718 1029 859 1095 eiusdem
875 1031 1054 1114 splendoris
1070 1037 1128 1110 est,
1153 1037 1189 1098 at

182 1130 207 1169 1⁰
222 1138 322 1200 aeque
344 1120 467 1179 certum
496 1116 696 1180 constantiae
718 1115 829 1179 haberi
857 1119 964 1200 potest
991 1118 1191 1200 experimen·

221 1207 299 1265 tum.
344 1199 483 1264 efficacis
517 1219 630 1283 operae
663 1200 815 1278 lorensis,
850 1200 925 1265 fidei
956 1221 1023 1266 non
1055 1200 1189 1266 latentis

221 1285 357 1350 Athenis
371 1283 539 1368 Ephialtes
555 1305 702 1349 accusare
717 1285 844 1368 publice
859 1286 963 1350 iussus
984 1291 1016 1350 et
1031 1287 1117 1351 inter
1139 1307 1189 1352 ce·

221 1375 305 1434 teros
329 1369 527 1434 Demostrati
554 1391 672 1434 nomen
699 1370 822 1434 deferre
850 1374 977 1435 coactus
1007 1374 1069 1454 est,
1097 1371 1188 1436 cuius

220 1455 306 1519 filius
350 1457 420 1519 erat
455 1453 671 1519 Demochares
716 1455 901 1520 excellentis
938 1456 1060 1520 formae
1096 1477 1187 1539 puer,

183 1549 208 1590 ¹⁵
222 1539 330 1605 animo
353 1540 422 1604 eius
447 1540 698 1625 flagrantissimo
725 1539 897 1606 inhaerens
923 1561 1042 1604 amore.
1080 1540 1189 1624 itaque

221 1625 398 1690 communis
421 1625 519 1689 officii
536 1627 621 1689 sorte
639 1624 840 1690 truculentus
863 1629 1041 1707 accusator,
1064 1627 1188 1708 priuati

220 1709 364 1775 adfectus
386 1709 577 1774 condicione
599 1709 789 1773 miserabilis
812 1731 899 1787 reus,
929 1731 1064 1793 puerum
1091 1711 1188 1776 adse

220 1793 419 1859 exorandum
441 1815 505 1878 quo
526 1793 654 1877 parcius
677 1795 776 1877 patris
805 1795 993 1860 criminibus
1022 1795 1189 1860 insisteret

220 1879 411 1942 uenientem
427 1899 531 1962 neque
554 1877 708 1962 repellere
729 1900 833 1963 neque
856 1879 1033 1963 supplicem
1050 1880 1187 1964 genibus

182 1971 208 2010 ²⁰
222 1964 288 2027 suis
311 1961 498 2026 aduolutum
520 1962 638 2026 intueri
661 1962 828 2045 sustinuit,
859 1965 914 2029 sed
941 1965 1053 2048 operto
1081 1964 1187 2049 capite

220 2047 301 2111 flens
324 2049 356 2110 et
378 2067 510 2131 gemens
525 2066 635 2130 preces
658 2068 844 2131 expromere
867 2069 979 2133 passus
1002 2050 1051 2113 est
1072 2049 1188 2113 nihilo·

220 2131 389 2215 minusque
412 2132 537 2196 sincera
551 2131 613 2196 fide
636 2135 819 2200 accusatum
836 2133 1075 2198 Demostratum
1098 2133 1186 2198 dam-

220 2217 321 2280 nauit.
365 2216 536 2280 uictoriam
558 2217 667 2281 nescio
689 2217 782 2282 laude
809 2241 851 2283 an
878 2220 1039 2283 tormento
1065 2219 1186 2284 maiore

220 2305 360 2384 partam,
384 2301 534 2385 quoniam
557 2301 645 2386 prius
668 2324 764 2386 quarn
786 2306 913 2368 sontem
935 2303 1130 2387 opprimeret
1152 2324 1185 2368 se

184 2391 209 2431 ²⁵
222 2385 327 2468 ipsum
350 2385 429 2449 uicit
450 2385 627 2470 Ephialtes.

282 2487 312 2551 b.
348 2487 450 2562 Quem
487 2487 703 2572 Syracusanus
741 2487 804 2552 Dio
840 2465 1011 2554 seueritate
1047 2489 1185 2572 exempli

287 2695 302 2742 2
321 2689 414 2743 mimis
433 2689 526 2756 M,
544 2689 645 2743 animis
662 2705 756 2760 margo
768 2692 795 2744 A
808 2693 846 2759 114
865 2690 1039 2745 adscriberet
1057 2690 1087 2753 (d
1105 2694 1184 2758 eras.)

219 2756 254 2824 L,
274 2757 429 2812 ascriberet
447 2757 508 2825 (aed
526 2773 555 2810 ss
574 2759 646 2815 Μ
668 2763 733 2813 oute
756 2759 815 2824 liu.)
834 2759 861 2811 A
882 2760 925 2826 llo
948 2759 1009 2812 uita
1026 2759 1063 2812 L¹
1081 2760 1091 2828 ll
1108 2775 1186 2813 cruo-

218 2841 277 2904 rem
292 2825 373 2879 L¹A¹
393 2827 397 2894 Ι
410 2831 425 2879 9
438 2826 476 2924 at·
486 2841 575 2945 segue
588 2839 646 2890 uos,
666 2825 793 2894 adaeque
807 2826 842 2893 L,
862 2826 935 2894 quod
948 2825 1117 2905 Plautinum
1129 2841 1186 2881 ocu

217 2892 484 3027 'tralatu
503 2907 603 3015 stt·
620 2892 798 3016 hotta
813 2895 930 3016 aba
946 2897 1186 3018 brunstatt

218 2977 356 3084 irascaris
372 3027 499 3094 amausi,
522 3044 572 3082 uec
597 3004 669 3084 berte
689 3029 909 3109 coniunctionem
931 3034 997 3084 aare
1018 3029 1085 3083 fidei
1113 3030 1185 3086 dest·

219 3096 299 3151 daut
316 3095 410 3174 Halm.
428 3111 457 3152 u.
477 3095 518 3150 ed.
535 3111 622 3150 meam
639 3113 705 3175 mua.
720 3112 749 3164 p.
766 3100 819 3152 307
836 3102 861 3151 et
878 3097 916 3155 N.
928 3096 963 3219 2.
976 3111 1006 3164 p.
1026 3101 1060 3152 13
1071 3099 1081 3166 ΙΙ
1099 3114 1185 3168 opere

218 3164 246 3217 L
258 3165 268 3232 ΙΙ
280 3164 412 3242 laetentrs
428 3164 466 3217 A¹
485 3166 495 3234 ss
517 3169 548 3216 12
567 3165 687 3219 assterus
710 3165 776 3244 (al.
794 3165 861 3220 cdd.
880 3165 909 3227 h)
972 3165 981 3234 ΙΙ
999 3181 1128 3244 aeussare
1148 3167 1185 3220 L¹

222 3232 234 3300 ll
252 3231 366 3302 publice
384 3231 454 3310 L’A
470 3232 480 3299 ΙΙ
499 3237 530 3285 13
551 3230 756 3286 demosstrastr
773 3233 825 3299 Β,
852 3233 1056 3288 demonstrant
1074 3233 1155 3287 L¹A¹
1171 3234 1184 3303 Η

220 3305 251 3352 15
269 3298 488 3367 fraglantissrmo
507 3298 543 3352 ΑΙ
558 3300 568 3368 ΙΙ
580 3299 693 3372 interes
711 3301 748 3355 A¹
763 3302 772 3370 l
786 3316 908 3355 ammore
927 3301 964 3354 L¹
978 3301 988 3368 ll
1002 3305 1034 3354 18
1049 3317 1104 3368 quo
1122 3317 1186 3370 par-

218 3366 277 3443 cius
294 3366 327 3420 ἐπ
344 3382 399 3444 rus.
418 3368 446 3420 A
458 3367 468 3436 ll
482 3373 513 3421 19
531 3366 689 3446 repellerer
707 3368 766 3423 LA
778 3370 789 3437 ΙΙ
801 3369 938 3437 auplicem
959 3368 1055 3489 Lhi¹
1075 3369 1185 3424 Nihilo·

217 3434 658 3571 arcessabantur
675 3437 725 3574 'rt
735 3437 790 3558 ”23²
803 3439 985 3572 sustu
1003 3509 1036 3558 a
1046 3436 1185 3561 lllmlol'

218 3566 267 3620 diu
282 3567 348 3634 LA,
367 3568 440 3621 Dion
455 3571 545 3636 prior,
564 3570 626 3624 edd.
788 3521 807 3573 p
1178 3547 1185 3574 ⁷
