2608 3952
227 127 290 192 322
636 121 703 179 uie.
722 122 785 181 vn.

227 277 373 363 profecto
394 277 506 340 beatae
521 276 608 340 uitae
628 276 728 340 finem
747 274 865 358 Apollo
887 295 953 338 non
975 273 1202 340 adumbratum

228 362 351 428 oraculi
367 363 543 445 sagacitate
559 360 733 443 conplexus
755 363 814 424 est.
851 359 1001 443 quocirca
1015 359 1198 424 insolenter
1293 371 1303 386 ‘¹

226 447 353 533 fulgore
380 447 529 510 fortunae
558 466 634 510 suae
661 444 816 528 glorianti
843 443 1010 528 respondit
1036 444 1143 527 magis
1166 466 1199 508 se

227 533 363 616 probare
394 530 566 595 securitate
603 529 711 593 ridens
743 530 907 615 tugurium
940 549 1036 612 quam
1064 529 1198 596 ,tristem

200 618 311 683 scuris
344 620 377 680 et
408 615 679 679 sollicitudinibus
712 614 833 696 aulam,
871 634 1052 697 paucasque
1081 613 1196 698 glebas

226 702 356 786 pauoris
371 703 518 783 expertes
533 721 630 783 quem
644 698 858 783 pinguissima
872 697 992 782 Lydiae
1014 719 1092 762 arua
1107 702 1197 762 metu

225 787 358 863 referta,
388 790 422 850 et
448 806 547 849 unum
575 786 631 847 aut
659 783 794 848 alterum
822 785 935 868 iugum
963 783 1062 847 boum
1090 783 1197 847 facilis
1296 809 1303 832 2

225 870 346 936 tutelae
368 891 465 953 quain
496 868 653 932 exercitus
681 870 714 932 et
736 889 825 933 arma
847 871 879 931 et
900 867 1079 951 equitatum
1102 888 1196 932 uora-

226 955 315 1020 cibus
337 953 481 1037 inpensis
504 974 690 1034 onerosum,
714 955 747 1016 et
770 973 846 1018 usus
867 951 1042 1017 necessarii
1064 952 1197 1018 horreo·

188 1062 213 1100 io
226 1042 292 1104 lum
325 1038 408 1104 nulli
434 1038 530 1102 nimis
564 1037 778 1120 adpetendum
806 1058 902 1121 quain
928 1037 1099 1102 thesauros
1128 1059 1196 1102 om·

225 1125 315 1189 nium
337 1121 462 1186 insidiis
485 1125 517 1185 et
540 1122 767 1205 cupiditatibus
790 1122 961 1220 expositos.
1007 1122 1055 1186 ita
1076 1121 1195 1207 Gyges,

226 1210 302 1273 dum
330 1206 593 1289 adstipulatorem
626 1228 728 1271 uanae
761 1207 922 1291 opinionis
951 1205 1045 1271 deum
1074 1205 1195 1272 habere
1302 1285 1303 1300 χ

226 1291 440 1442 popeupiscit,
464 1291 595 1356 ubinam
618 1292 721 1356 solida
743 1295 776 1355 et
797 1292 922 1357 sincera
945 1294 1029 1356 esset
1054 1290 1194 1357 felicitas

248 1400 260 1441 1
283 1399 350 1442 ici.

186 1617 211 1658 rs
323 1596 365 1661 II.
401 1594 648 1662 SAPIENTER
670 1593 804 1660 DICTA
827 1593 917 1658 AVT
940 1593 1094 1660 FACTA.

229 1772 231 1777 .
288 1714 386 1780 Nunc
407 1714 440 1779 id
462 1735 565 1798 genus
586 1711 753 1777 felicitatis
775 1712 951 1795 explicabo,
974 1713 1061 1796 quod
1081 1716 1187 1778 totum

223 1801 259 1864 in
279 1800 395 1864 habitu
422 1799 522 1864 enimi
543 1818 603 1862 nec
626 1798 711 1862 uotis
732 1798 884 1880 petitum,
915 1796 972 1862 sed
999 1798 1034 1862 in
1055 1799 1192 1881 pectori-

223 1885 283 1949 bus
306 1884 464 1968 sapientia
492 1882 646 1966 praeditis
674 1884 786 1946 natum
815 1880 908 1946 dictis
940 1881 1098 1966 factisque
1119 1905 1194 1966 pru·

226 1969 374 2034 dentibus
396 1968 553 2033 enitescit.

183 2071 209 2112 io
289 2055 318 2118 1.
350 2054 435 2136 App.
460 2051 628 2118 Claudium
651 2053 763 2116 crebro
786 2051 915 2116 solitum
937 2051 1043 2116 dicere
1065 2052 1193 2135 accepi·

225 2159 296 2201 mus
318 2137 484 2222 negotium
513 2137 630 2221 populo
658 2135 806 2201 Romano
835 2136 950 2200 melius
972 2158 1068 2220 quam
1090 2137 1192 2202 otium
1301 2147 1302 2150 ’

222 2221 385 2298 conmitti,
413 2242 479 2286 non
502 2223 585 2305 quod
612 2221 783 2304 ignoraret
805 2243 901 2305 quam
923 2221 1081 2286 iucundus
1103 2224 1192 2288 tran·

223 2305 394 2391 quillitatis
432 2309 534 2370 status
573 2308 674 2386 esset,
712 2306 767 2369 sed
800 2306 883 2390 quod
917 2307 1190 2372 animaduerteret

221 2391 447 2475 praepotentia
473 2390 608 2473 imperia
634 2391 810 2475 agitatione
838 2411 944 2454 rerum
973 2392 1012 2455 ad
1035 2392 1189 2456 uirtutem

184 2489 209 2531 2⁵
223 2496 260 2540 ca
285 2475 450 2540 essendam
473 2474 619 2552 excitari,
649 2475 750 2538 nimia
779 2475 885 2558 quiete
907 2475 943 2538 in
966 2475 1119 2540 desidiam
1141 2497 1191 2539 re-

223 2499 315 2625 solbi.
362 2563 394 2624 et
416 2580 491 2624 sane
514 2558 681 2644 negotium
704 2561 836 2624 nomine
858 2560 1026 2625 horridum
1048 2560 1189 2626 ciuitatis

222 2647 351 2710 nostrae
365 2665 469 2709 mores
484 2645 520 2708 in
535 2665 592 2708 suo
607 2647 695 2710 statu
706 2646 875 2726 continuit,
891 2645 1029 2709 blandae
1045 2645 1190 2729 appella-

221 2730 321 2796 tionis
344 2730 435 2813 quies
456 2729 603 2813 plurimis
626 2729 715 2794 uitiis
736 2729 911 2838 respersit..

221 2901 283 2967 (om.
300 2898 505 2968 uoluptatibus)
528 2898 560 2951 ia
578 2913 634 2952 ras.
652 2898 757 2952 maiore
774 2899 801 2951 A
825 2898 835 2966 ll
859 2913 892 2951 ao
910 2898 1105 2968 uoluptatibus
1123 2899 1189 2954 aar.

219 2967 364 3033 camelli,
383 2981 433 3021 om.
451 2966 521 3020 Pur.
540 2965 638 3031 Helm,
656 2965 772 3034 oleosum
791 2982 845 3021 cese
863 2966 940 3020 ecidit
956 2967 1079 3036 Pipleida

288 3040 304 3088 2
322 3034 428 3088 oraculi
446 3032 567 3101 sagitate
585 3032 631 3094 12¹,
659 3033 777 3087 oraculis
795 3034 903 3103 agitate
919 3033 958 3088 A¹
977 3035 987 3102 ΙΙ
1004 3039 1020 3088 5
1038 3033 1134 3088 curius
1151 3033 1191 3098 L,

220 3102 305 3156 curiis
322 3102 360 3155 A¹
372 3099 592 3180 ll,⁸⁰licil11dil?¹1,⁸
609 3100 648 3153 L¹
660 3101 671 3169 ll
684 3105 699 3154 6
717 3101 960 3179 pinguissimas-L
972 3104 982 3171 ll
995 3102 1094 3156 metu*
1111 3101 1172 3180 LA

220 3175 235 3223 9
253 3185 391 3224 necesarn
403 3168 452 3239 111
467 3174 498 3224 10
515 3185 599 3221 minis
616 3183 711 3289 morpo
726 3170 754 3222 A
766 3169 776 3236 ΙΙ
790 3174 826 3247 14¹
840 3168 946 3223 dedicit
962 3170 1024 3240 A¹l
1039 3175 1069 3248 ist
1087 3185 1174 3223 animi

219 3237 287 3290 add.
305 3238 349 3290 111
365 3237 403 3290 A*
422 3237 490 3306 (uon
507 3237 556 3303 ΑΙ)
575 3236 606 3289 D
623 3235 673 3290 Ha
685 3252 711 3289 m
735 3236 745 3304 ll
768 3237 889 3305 potitum
906 3251 970 3303 nos,
1022 3238 1109 3292 etitur
1126 3237 1187 3290 LA

218 3302 307 3355 Halm
329 3304 339 3370 ΙΙ
364 3309 395 3356 al
419 3304 754 3423 pr.**me1iusApaa
779 3303 920 3373 conmitti]
945 3305 984 3359 od
1006 3344 1012 3358 .
1034 3303 1188 3364 1111111

218 3383 314 3443 murco
325 3369 353 3421 A
370 3371 465 3424 ePar.
479 3372 489 3439 ΙΙ
501 3371 614 3439 ignoret
631 3371 668 3423 L¹
705 3374 711 3406 ¹
724 3372 780 3439 1123
798 3387 837 3424 aa
855 3371 1116 3428 animaduerterat?
1130 3373 1140 3440 t
1153 3377 1187 3426 25

220 3434 316 3503 quiete
334 3435 372 3487 A¹
397 3438 407 3502 l
432 3443 465 3490 27
486 3450 616 3492 *umores
639 3439 888 3507 (1111111111)
907 3439 966 3493 LA
989 3441 1000 3508 ΙΙ
1024 3445 1057 3494 28
1075 3439 1187 3494 refersit

219 3513 314 3566 maroc
330 3502 364 3561 A,
384 3503 453 3556 add.
471 3504 524 3558 hoo
542 3505 604 3559 loeo
623 3504 645 3561 Ι.
664 3505 694 3558 Ρ.
715 3507 806 3561 titula
821 3508 885 3566 hab.
904 3508 969 3576 hui,
987 3525 1025 3562 m.
1044 3509 1078 3562 de
1097 3506 1185 3561 felici·
1298 3537 1300 3551 ‹
