2606 3952
184 201 226 266 52
618 198 685 256 ΠΒ.
700 199 723 259 Ι.

247 353 278 423 4.
308 352 380 416 Hoc
395 350 488 416 modo
503 351 635 416 fortuna
656 351 802 417 saeuiens
817 372 931 416 uocem
946 350 1075 434 ademit,
1098 349 1155 414 illo

186 438 327 522 propitia
358 437 502 502 donauit.
547 435 701 501 Echecles
730 435 856 501 Samius
888 435 1009 501 athleta
1038 437 1156 518 mutus,

187 543 260 587 cum
293 522 323 586 ei
353 521 523 603 uictoriae,
561 542 655 604 quam
688 519 822 604 adeptus
852 525 936 603 erat,
974 519 1088 585 titulus
1124 526 1156 584 et

188 607 367 706 praernium
389 606 580 690 eriperetur,
608 605 831 691 indignatione
860 626 1011 670 accensus
1032 605 1156 670 uocalis

165 695 458 859 5Θῃαὸεῗῂ.(ἰοτὲνὶιιθ
487 794 612 858 quoque
634 773 788 858 Epirotae
809 773 902 838 fortis
932 776 965 838 et
993 773 1072 838 clari
1093 773 1156 837 uiri

185 863 277 947 origo
300 859 504 925 admirubrlis
521 859 601 940 fuit,
630 858 715 942 quod
744 859 781 923 in
801 858 914 923 funere
943 857 1055 923 matris
1077 879 1154 922 suae

184 948 275 1011 utero
298 945 426 1027 elapsus
447 943 615 1027 inopinato
642 943 754 1029 uagitu
782 963 839 1008 suo
867 942 987 1008 lectum
1013 942 1155 1007 ferentes

186 1030 362 1096 consistere
400 1027 507 1112 coegit
548 1049 735 1112 nouumque
772 1027 990 1112 spectaculum
1032 1026 1156 1111 patriae

147 1140 172 1180 ιο
184 1115 349 1264 ptraebuit,
371 1116 590 1261 tgntuprusnon
605 1133 650 1260 gx
672 1111 750 1210 ipso·
767 1113 1035 1261 genetricistrogo
1050 1112 1157 1209 luceru

185 1217 1156 1366 {reth}fit”frnatzssslslcliltunffi

186 1371 285 1521 netga
308 1370 452 1516 ellihinae
473 1451 623 1516 fortunae
645 1410 761 1516 uulnus
782 1450 925 1516 Pheraeo
947 1449 1056 1516 Iasoni
1077 1474 1157 1516 *a*

148 1555 174 1596 15
186 1537 278 1602 exitii
300 1537 368 1602 eius
391 1535 525 1619 cupidus
546 1534 674 1600 intulit:
707 1557 783 1600 nam
814 1553 899 1600 cum·
916 1535 1001 1600 inter
1022 1535 1157 1600 insidias

185 1621 294 1710 gladio
328 1642 401 1685 eum
433 1619 659 1704 percussisset,
692 1621 867 1702 uomicam,
901 1641 982 1703 quae
1015 1642 1034 1684 a
1067 1618 1157 1684 nullo

185 1706 383 1772 medicorum
406 1705 514 1770 sanari
535 1707 697 1791 potuerat,
725 1705 772 1769 ita
798 1705 900 1788 rupit,
929 1707 966 1769 ut
993 1704 1159 1771 hominem

184 1792 343 1876 pestifero
367 1788 452 1855 melo
474 1789 636 1854 liberaret.

251 1877 281 1941 7.
317 1876 429 1959 Aeque
459 1874 508 1938 dis
536 1873 762 1939 inmortalibus
792 1876 942 1957 acceptus
966 1872 1158 1954 Simonides

148 1979 175 2018 20
189 1961 279 2026 cuius
313 1959 399 2024 salus
430 1960 471 2023 ab
503 1959 676 2024 inminenti
707 1957 848 2039 †officio
881 1957 1013 2023 defensa
1045 1958 1159 2024 ruinae

186 2042 622 2196 llllltnlubltllaellh
636 2042 882 2192 titillat?
898 2042 993 2193 aas?
1020 2041 1159 2193 lust

185 2218 257 2280 tum
279 2215 328 2278 est
371 2149 428 2277 uoqs
449 2213 581 2278 iuuenes
604 2213 643 2276 ad
665 2213 798 2278 ianuam
817 2149 944 2278 uehisse
959 2175 1157 2298 mhgnopere

186 2301 338 2383 rogantes
359 2299 397 2361 ut
419 2296 460 2362 ad
482 2318 536 2363 eos
552 2297 707 2362 continuo
721 2296 876 2381 prodiret.
903 2303 941 2362 ad
957 2319 1037 2382 quos
1052 2317 1157 2382 egres·

149 2400 241 2448 assus
263 2383 426 2449 neminem
441 2384 585 2466 repperit
599 2383 655 2447 ibi.
679 2386 822 2447 ceterum
844 2404 882 2448 eo
897 2386 1062 2447 momento
1077 2386 1158 2447 tcm-

255 2573 271 2621 2
281 2564 399 2621 donauit
410 2581 469 2631 uos,
480 2567 568 2621 donat
577 2567 636 2621 LA
649 2567 658 2635 ΙΙ
672 2567 799 2622 echeoles
812 2568 882 2622 Pur.
894 2567 966 2635 Nep.
978 2573 1004 2622 et
1015 2568 1048 2621 irc
1057 2568 1157 2635 raaA,

187 2634 329 2690 atoheoles
342 2634 379 2701 B,
399 2633 495 2701 aeglea
508 2635 543 2698 L,
563 2635 637 2689 ecles
648 2635 694 2689 uel
705 2638 784 2702 egles
802 2636 866 2689 dett.
890 2633 926 2700 cs.
943 2634 1013 2693 Gall.
1023 2634 1098 2704 ch
1115 2651 1159 2690 su·

185 2704 259 2758 mins
278 2701 387 2756 athleta
403 2702 436 2756 in
446 2718 502 2780 rua.
515 2705 542 2755 A
554 2704 592 2772 117
611 2702 786 2758 admirabilis
805 2701 920 2755 fuitum.
935 2703 1009 2769 LA,
1028 2702 1159 2772 suppleat

187 2789 201 2828 e
218 2771 288 2825 Par.
301 2771 311 2839 ΙΙ
324 2769 411 2840 quod]
431 2785 481 2836 qur
492 2770 561 2824 Pur.
575 2771 584 2839 l
598 2777 618 2824 8.
627 2770 738 2824 elabsus
754 2771 804 2838 (sic
815 2773 928 2838 semper)
941 2771 1042 2840 Pur.¹{
1060 2771 1158 2840 uagito

185 2839 255 2894 Μ
269 2838 279 2906 ΙΙ
293 2852 342 2891 suo
360 2853 412 2898 orn.
424 2839 495 2894 Pur.
510 2838 669 2906 ulcerentes
687 2839 727 2905 L,
746 2837 863 2893 ferentis
875 2839 914 2915 A}
926 2855 940 2892 e
952 2839 1022 2892 Par.
1059 2839 1123 2916 'dm
1131 2839 1160 2961 ss

190 2914 222 2963 10
239 2922 297 2960 non
313 2905 425 2959 tantum
437 2905 509 2970 LA,
527 2921 575 2960 cm.
592 2905 706 2961 Colerue
729 2907 739 2974 ΙΙ
764 2912 795 2960 12
813 2907 926 2975 peperit
943 2905 986 2970 1),
1003 2908 1081 2976 peut
1098 2905 1126 2959 L

189 2975 209 3096 H
229 2979 261 3028 14
285 2972 412 3028 Pheraeo
433 2974 504 3028 Pur.
525 2979 551 3028 et
572 2974 630 3028 (lio.
654 2974 688 3028 dc
703 2979 761 3028 out.
780 2973 853 3028 deor.
871 2974 992 3041 11128,
1010 2978 1058 3038 70,
1085 2974 1160 3042 phe-

209 3057 276 3096 raeo
293 3039 334 3108 12,
351 3041 477 3109 phedreo
490 3041 518 3095 A
533 3043 544 3110 l
567 3047 598 3095 14
615 3041 736 3097 Lacuna
753 3057 815 3096 cum
831 3041 947 3096 Halmio
965 3058 979 3096 e
995 3042 1066 3096 Pur.
1087 3042 1160 3110 (qui-

189 3111 256 3164 dam
273 3107 413 3174 inimicus)
432 3110 478 3164 uel
493 3109 607 3164 iuuereo
624 3109 722 3163 orclem
740 3108 828 3176 (inim.
845 3108 973 3178 quidam)
991 3110 1036 3164 uel
1053 3126 1113 3164 ursa
1130 3125 1159 3164 u.

190 3177 306 3246 quidam
324 3177 463 3244 cupienda
480 3177 602 3232 uidam.
627 3176 700 3232 notul
718 3176 807 3232 deesse
821 3182 906 3244 putat
923 3176 1056 3232 Foertsoh
1073 3178 1095 3252 l
1108 3181 1125 3232 7
1145 3179 1158 3246 ΙῙ

191 3251 223 3298 17
245 3245 359 3313 poterat
373 3244 442 3322 Par.
468 3246 478 3315 l
502 3250 535 3299 20
558 3244 651 3298 officio
670 3243 741 3324 AA.
769 3245 859 3298 exicio
886 3243 1043 3325 officio·1‡‚
1073 3244 1160 3326 exitio

190 3310 1161 3459 resurrecturumsaturaretur:

186 3462 269 3514 pere,
290 3450 392 3514 recepe
409 3448 504 3506 Halm.
539 3446 575 3513 cs.
593 3447 615 3500 Ι
627 3451 645 3502 7
663 3453 716 3503 eat.
733 3451 750 3502 3
773 3447 783 3515 ΙΙ
807 3454 838 3501 21
864 3448 996 3502 caenanti
1013 3448 1074 3502 LA
1090 3449 1161 3504 Par.

192 3515 206 3582 Η
226 3529 332 3583 soopan
348 3515 420 3634 ἔαᾶ.
446 3516 455 3581 ΙΙ
480 3521 512 3569 ⁸22
530 3529 689 3570 crannonue
713 3516 797 3582 Por„
828 3517 858 3570 et
878 3531 1020 3571 crannonc
1036 3517 1108 3576 LA.
1131 3516 1161 3570 in

192 3597 334 3637 crannoua
373 3602 385 3635 e
412 3623 417 3638 .
