2606 3952
476 198 556 257 OAP.
573 199 607 268 11,
626 205 764 265 ser-ns.
1032 201 1093 268 123

124 354 200 420 stris
223 352 289 417 diui
310 350 373 417 Iuli
395 351 565 435 disciplina
586 351 705 417 milites
727 352 820 436 eluit,
850 374 982 438 quorum
1011 355 1093 420 alter

124 440 269 516 dextera,
300 437 382 502 alter
408 436 500 502 oculo
528 437 647 502 amisso
675 437 823 502 hostibus
850 437 1006 523 inhaesit,
1036 439 1092 506 ille

123 526 197 622 post
217 523 303 588 hanc
318 521 474 587 iacturam
489 522 601 607 uictor,
624 520 677 587 hic
692 543 733 586 ne
748 520 809 587 hac
824 523 953 607 quidem
968 526 1092 590 iactura

124 611 293 758 mollium
315 711 407 771 uero,
431 689 564 773 Scaeui,
586 690 863 774 inexuperabilem
885 693 1033 777 spiritum
1055 695 1116 760 inu

8 791 17 798 “
122 759 194 843 utri
215 779 307 861 parte
329 796 435 840 rerum
457 779 592 840 naturae
607 775 820 841 admiratione
839 797 1014 862 prosequar
1034 800 1091 844 ne·

121 863 204 1012 scitp,
238 861 390 1009 qupniam
418 861 739 1010 excellenpirtuirtute
763 860 904 1010 d{phium
933 859 1105 1012 relicpuisti'

121 966 1092 1115 1181181888,11811081ῐῖ883

122 1119 294 1184 contentus
315 1135 414 1198 opera
440 1135 497 1179 sua
524 1114 671 1179 litoribus
694 1114 815 1180 Oceani
843 1117 990 1182 claudere
1018 1117 1129 1183 Bri-1⁰

121 1201 271 1266 tannicee
297 1200 423 1264 insulae
444 1200 590 1264 caelestis
612 1199 726 1264 iniecit
746 1221 875 1281 manus,
905 1223 978 1267 cum
1000 1207 1090 1288 quet

5 1329 11 1334 -
120 1289 197 1351 tuor
227 1284 491 1350 conmilitonibus
523 1286 593 1350 rate
624 1287 827 1350 transuectus
860 1287 895 1350 in
924 1288 1091 1385 suppulum

120 1371 263 1456 uicinum
285 1369 422 1446 insulae,
445 1391 541 1454 quem
563 1368 704 1434 hostium
724 1369 875 1453 ingentes
898 1392 1010 1456 cop1ae
1033 1374 1091 1438 ob·

119 1455 281 1537 tinebant,
303 1457 472 1538 postquam
495 1456 602 1518 aestus
617 1474 764 1539 regressu
778 1475 836 1519 suo
853 1456 1003 1539 spatium,
1026 1479 1089 1542 quo

120 1540 270 1688 scopulus
298 1543 331 1603 et
357 1538 463 1604 insula
485 1538 727 1620 diuidebantur,
753 1539 788 1601 in
811 1539 931 1604 uadum
952 1543 1129 1607 transitu&

1 1629 2 1642 ¹
119 1625 216 1690 facie
237 1623 377 1708 redegit,
407 1624 535 1708 ingenti
563 1622 770 1688 multitudine
796 1623 1006 1688 barbarorum
1035 1627 1090 1691 ed-

0 1758 1 1763 1
119 1710 254 1788 fluente,
286 1709 400 1774 ceteris
427 1713 497 1774 rate
519 1709 559 1774 ad
581 1708 658 1772 litus
679 1708 834 1791 regressis
862 1709 950 1774 solus
978 1709 1090 1775 immo·

1 1828 2 1884 3
120 1795 218 1859 bilem
240 1793 389 1858 stationis
411 1794 548 1876 gradum
569 1793 727 1873 retinens,
758 1792 898 1877 undique
920 1794 1089 1860 ruentibus

120 1880 192 1944 telis
215 1882 248 1944 et
269 1879 311 1944 ab
333 1877 423 1942 omni
444 1881 536 1963 perte
558 1877 625 1944 aori
647 1877 753 1951 studio
770 1878 810 1942 ad
825 1881 858 1942 te
872 1878 1089 1945 inuadendum

119 1963 308 2042 nitentibus,
331 1963 473 2047 quinque
494 1963 633 2028 militum
648 1962 763 2027 diurno
778 1963 901 2047 proelio
916 1963 1089 2030 suffectura
1102 1979 1128 2020 ²0

119 2048 186 2133 pila
215 2068 279 2113 una
311 2048 443 2113 dextera
470 2046 611 2113 hostium
640 2048 830 2131 corporibus
856 2047 1004 2133 ndegisti.
1049 2049 1089 2116 ad

119 2134 269 2199 ultimum
305 2132 458 2198 destricto
494 2132 602 2217 gladio
645 2132 891 2197 audacissimum
931 2155 1089 2218 quemque

119 2218 215 2283 modo
237 2217 386 2282 umbonis
409 2217 554 2301 inpulsu,
583 2217 680 2281 modo
703 2219 863 2282 mucronis
890 2217 956 2282 ictu
983 2217 1088 2302 depel-

118 2304 187 2370 lens
215 2302 293 2366 binc
315 2301 486 2385 Romanis,
513 2302 604 2366 illinc
632 2300 831 2366 Britannicis
860 2302 960 2368 oculis
985 2303 1087 2369 incre·

118 2386 227 2465 dibili,
256 2386 321 2450 nisi
344 2387 534 2466 cerneretis,
563 2387 746 2470 spectaculo
769 2385 871 2451 fuisti.
915 2391 1087 2472 postquam
1101 2401 1126 2444 2⁵

119 2471 235 2537 deinde
257 2471 306 2534 ira
328 2492 364 2536 ac
386 2472 488 2556 pudor
510 2477 626 2536 cuncta
641 2471 750 2537 conari
765 2472 867 2535 fessos
884 2475 998 2558 coegit,
1021 2476 1087 2537 trs-

120 2556 199 2643 gula
220 2556 325 2620 femur
346 2557 499 2621 traiectus
522 2557 653 2640 saxique
675 2555 817 2640 pondere
845 2577 902 2620 ora
924 2560 1087 2643 contusus,

140 2641 211 2706 alea
233 2641 296 2705 iam
319 2641 437 2706 ictibus
459 2641 602 2706 discussa
624 2644 657 2705 et
677 2644 769 2705 scuto
785 2641 905 2705 crebris
920 2641 1087 2708 foramini-

117 2663 178 2792 lus
211 2726 396 2809 absumpto,
429 2724 590 2810 profundo
622 2729 654 2790 te
687 2724 849 2790 credidisti
887 2746 924 2790 ac
962 2727 1086 2792 duabus

116 2811 226 2877 loricis
247 2816 380 2876 onustus
403 2810 488 2875 inter
508 2809 626 2892 undas,
650 2831 729 2894 quas
752 2808 861 2874 hostili
877 2831 990 2875 cruore
1004 2811 1086 2876 infe·
1099 2825 1125 2868 ³0

189 2935 205 2983 3
228 2943 264 2982 ne
285 2928 318 2983 tn
339 2944 395 2983 ras.
412 2929 452 2995 A,
471 2927 506 2982 de
525 2929 552 2982 L
568 2930 578 2998 11
596 2935 611 2983 6
630 2927 732 2982 Scaeui
749 2941 799 2981 nos
820 2927 881 2982 coll.
901 2927 990 2982 Dion.
1011 2931 1088 2986 Gara.

116 2995 277 3051 XXXVII
289 2999 338 3063 53,
361 3012 445 3068 saeua
463 2996 536 3062 LA,
557 3012 609 3051 aee
625 2996 709 3051 utitor
731 2996 826 3064 legisse
842 2995 902 3053 uid.
920 2995 1003 3056 Par„
1030 3013 1087 3052 sce-

116 3065 182 3120 uola
199 3064 265 3118 dett.
284 3064 289 3132 1
312 3069 327 3118 6
346 3067 476 3133 naturae]
494 3065 560 3119 odd.
579 3064 685 3119 maiore
703 3068 787 3128 recte,
805 3069 838 3117 ut
854 3063 923 3124 uid,
946 3063 1051 3118 Gertz*
1070 3067 1083 3133 11

115 3139 132 3188 8
149 3133 227 3187 terra
238 3131 278 3210 L⁸
293 3132 308 3211 '¹
321 3134 331 3200 11
344 3137 359 3184 9
376 3133 484 3202 uocem}
501 3132 687 3211 supplendum
704 3131 764 3191 uid.
778 3137 841 3198 poet
852 3131 877 3187 lu
889 3148 918 3185 u.
938 3131 1086 3186 clariorem

115 3201 162 3256 uel
178 3199 381 3254 mirabrlrorem
393 3200 403 3268 11
416 3200 541 3255 emiseris
559 3199 679 3269 &anyer
696 3215 759 3254 cum
777 3198 838 3255 edd.
854 3203 919 3258 cett.
939 3205 972 3254 ut
983 3199 1006 3252 I
1012 3203 1039 3266 8,
1052 3205 1087 3266 8,·

115 3273 145 3324 at
163 3285 192 3322 u.
208 3269 234 3323 V
249 3271 284 3321 10
301 3272 355 3322 cot.
373 3270 407 3334 3;
424 3267 491 3334 Ι8,
508 3272 541 3334 5,·
562 3268 625 3322 VII
640 3272 672 3335 1,
689 3271 709 3323 2
726 3268 735 3336 l
755 3273 785 3322 10
803 3266 973 3338 brittannicp
991 3268 1050 3322 LA
1070 3270 1082 3337 11

115 3335 468 3474 {intercurritur
486 3335 553 3457 pp.
570 3333 800 3464 territt
816 3333 1086 3472 11811181

115 3471 294 3550 euadendum
312 3471 416 3549 L¹A¹,¹
428 3470 465 3525 ad
481 3405 677 3526 inuaienium
694 3470 734 3524 L¹
753 3470 819 3529 dett.
836 3441 919 3525 multi
936 3473 945 3538 1
966 3477 999 3524 24
1017 3473 1086 3525 brit-

114 3542 235 3593 tannrcrs
253 3539 314 3592 LA
330 3539 341 3608 11
358 3544 390 3592 26
408 3552 452 3592 rr*
470 3541 497 3610 (e
516 3555 583 3594 cras.
602 3540 663 3593 uid.
683 3543 708 3592 ct
726 3554 746 3597 s.
764 3539 781 3597 t.
800 3539 866 3595 add.
885 3540 1019 3610 a)L1130
1036 3539 1086 3594 ho-

116 3608 215 3662 nustus
234 3607 305 3661 L¹A
317 3609 327 3676 11
339 3606 477 3662 infeceres
495 3606 554 3676 (scd
570 3607 584 3660 f
599 3608 631 3661 in
648 3611 717 3673 ras.)
735 3606 763 3661 A
