2604 3960
227 145 289 212 203
633 137 703 195 ΜΒ.
721 141 782 201 1111.

228 317 289 364 uus
311 295 490 364 interficere
516 291 628 373 uellet,
658 297 755 378 atque
781 296 809 362 is
838 298 964 380 tempus
987 295 1027 360 ab
1051 317 1105 378 eo,
1136 318 1212 382 quo·

227 381 317 466 prius
332 401 429 464 quam
450 378 571 463 periret
586 378 716 448 domurn
730 380 893 463 profectus
913 402 963 446 res
981 401 1055 449 suas
1070 380 1206 452 ordina·
1245 436 1248 442 .

228 469 295 548 ret,
324 463 576 550 impetrauissot,
606 462 689 530 alter
716 464 832 536 uadem
858 486 894 534 eo
921 486 980 549 pro
1001 465 1107 533 reditu
1131 467 1204 536 eius

228 556 367 634 tyranno
394 551 469 614 dare
496 569 563 616 non
592 547 762 618 dubitaret.
808 549 931 618 solutus
959 555 1028 620 erat
1056 551 1206 634 periculo

202 636 341 702 emortis
363 635 419 719 qui
441 632 537 700 modo
557 631 663 719 gladio
685 634 827 702 ceruices
849 634 1011 702 subiectas
1026 633 1204 706 habuerat:

228 719 331 787 eidem
347 721 444 804 caput
458 738 550 784 suum
564 717 743 786 subiecerat
757 718 808 784 oui
824 739 935 786 securo
950 719 1060 784 uiuere
1071 719 1204 786 licebat.

228 805 329 904 igitur
350 824 462 870 omnes
484 805 517 868 et
538 802 573 868 in
595 801 707 885 primis
722 802 897 888 Dionysius
911 824 1015 872 nouae
1030 813 1127 888 atque
1143 827 1205 870 an·

229 889 343 1040 titt
365 886 1204 1058 ttrttttdtttttttt·uttttttttd

191 1075 216 1120 ro
229 1059 320 1124 titiae
341 1061 410 1122 tam
437 1055 641 1122 temerarium
666 1078 853 1141 sponsorem
881 1057 1064 1126 damnabat.
1110 1062 1145 1123 at
1175 1060 1205 1124 is

230 1143 312 1210 nihil
339 1163 373 1208 se
403 1141 442 1206 de
475 1140 568 1206 amici
598 1142 782 1210 constantia
813 1146 955 1214 metuere
984 1143 1204 1227 praedicabat.
1280 1187 1281 1190 =

230 1227 342 1294 eodem
365 1229 471 1292 autem
493 1228 657 1292 momento
673 1226 800 1292 ethera
814 1249 833 1296 a
847 1226 1005 1311 Dionysio
1020 1227 1201 1294 constituta
1279 1195 1281 1288 t

230 1317 263 1378 ot
284 1333 354 1378 eam
377 1310 433 1396 qui
458 1313 626 1393 acceperat
652 1313 848 1396 superuenit
891 1311 1068 1378 admiratus
1089 1313 1204 1378 ambo·
1280 1315 1281 1386 t

229 1419 301 1464 rum
328 1395 472 1462 animum
498 1398 654 1478 tyrannus
684 1396 877 1481 supplicium
903 1396 977 1462 fidei
1006 1397 1131 1462 remisit
1151 1398 1204 1464 iu·

192 1479 690 1650 'tentamenti
707 1481 1204 1634 rutuitdtrnnttr
1279 1553 1281 1680 t

161 1719 166 1724 ,
230 1654 277 1718 tia
297 1651 487 1736 reciperent.
525 1649 655 1716 hascine
679 1650 762 1719 ciros
783 1651 967 1719 amicitiae?
997 1653 1111 1720 mortis
1128 1673 1205 1722 eon·

219 1731 388 1885 'tethum
416 1737 619 1820 ingenerare,
653 1733 739 1802 uitae
771 1735 971 1806 dulcedinem
1002 1737 1204 1823 extinguere,

232 1843 288 1886 cru
312 1820 453 1885 elitotem
475 1818 728 1897 mansuefacere,
757 1819 866 1888 odium
893 1822 929 1886 in
957 1841 1097 1892 amorern
1127 1843 1205 1888 con-

193 1908 368 1988 reuertere,
391 1924 530 1989 poenam
545 1902 701 1971 beneficio
716 1925 852 1988 pensare
866 1909 1051 1989 potuerunt.
1085 1907 1204 1991 quibus

232 2010 333 2074 paene
355 1992 483 2054 tantum
506 1988 723 2056 uenerationis
746 1992 901 2074 quantum
923 1991 1055 2056 deorum
1083 1993 1205 2058 inmor-

230 2073 344 2139 talium
369 2073 571 2140 caerimoniis
593 2073 742 2140 debetur:
764 2074 829 2140 illis
853 2075 940 2140 euim
959 2075 1089 2160 publica
1105 2078 1204 2158 salus,

232 2158 283 2223 his
305 2157 433 2241 priuata
456 2157 648 2239 continetur,
670 2162 767 2243 atque
789 2164 826 2225 ut
847 2159 975 2227 illarum
997 2161 1091 2228 aedes
1114 2183 1206 2230 saera
1279 2151 1280 2206 t

300 2381 315 2430 2
333 2376 478 2432 ordinaret
494 2377 574 2442 Par,
599 2377 742 2432 ordinauit
758 2379 849 2445 L¹A¹,
872 2379 1011 2434 ordinarit
1027 2380 1067 2433 A²
1087 2382 1097 2448 tl
1119 2387 1134 2436 3
1152 2381 1205 2434 im·
1279 2389 1280 2478 t

254 2443 389 2500 arcuisset
406 2445 497 2512 M,
516 2445 697 2515 impetrasset
713 2446 782 2501 Par,
800 2448 843 2515 114
861 2447 1005 2502 dubitaret
1022 2448 1101 2513 Par,
1123 2448 1205 2502 dnbi-
1279 2517 1280 2522 ἵ

231 2462 306 2568 fauit
323 2511 393 2579 LA,
422 2513 597 2568 dubitauerit
613 2513 702 2570 Halm
725 2515 735 2582 ΙΙ
759 2514 886 2570 deidem
902 2545 935 2556 —
952 2515 1111 2570 subiecerat
1128 2515 1156 2570 L
1178 2523 1205 2572 et
1279 2523 1280 2604 t

232 2581 297 2636 dett.
314 2595 394 2646 mim,
411 2595 463 2636 om.
481 2582 509 2634 A
526 2582 536 2649 ΙΙ
554 2586 569 2636 7
587 2580 731 2651 dyonisius
749 2582 808 2638 LA
820 2583 830 2652 ΙΙ
843 2583 969 2652 accipitis
988 2583 1025 2640 L¹
1039 2583 1048 2650 ΙΙ
1065 2588 1081 2637 9
1099 2583 1204 2639 deinde

233 2646 351 2704 definita
369 2648 434 2706 dett.
493 2655 552 2715 uei,
574 2649 661 2708 Halm
698 2650 789 2706 ueruto
806 2667 845 2708 aa
862 2656 995 2730 restent
1011 2666 1040 2704 a.
1059 2649 1128 2714 Va,
1146 2654 1205 2716 2o;

232 2716 312 2795 Ptin
328 2733 358 2772 a.
376 2717 443 2774 ur
475 2719 523 2782 ee,
541 2720 591 2782 su·
613 2719 639 2772 1.
658 2691 708 2776 tu.
727 2718 849 2776 aueo.
868 2720 907 2774 aa
923 2719 992 2777 cru.
1008 2715 1134 2798 mr,
1152 2724 1170 2774 a
1190 2721 1201 2786 t:

234 2786 280 2840 dre
298 2800 320 2840 s.
333 2785 351 2840 t.
363 2799 398 2844 m.
411 2784 452 2841 1?
464 2784 491 2840 L
503 2785 513 2852 ΙΙ
528 2789 559 2841 10
577 2787 651 2840 at-
664 2786 850 2889 praedicabat
866 2787 996 2868 amuleta
1012 2803 1045 2840 su
1061 2801 1129 2855 mro.
1141 2803 1176 2843 m.
1187 2791 1204 2842 1

233 2853 287 2932 1311
306 2858 336 2932 1¹1
356 2867 384 2907 se
403 2852 438 2907 de
457 2851 548 2921 Μ’,
568 2853 617 2908 sed
635 2854 716 2933 LUA¹
734 2855 744 2922 ΙΙ
761 2855 949 2935 constantiam
967 2854 1073 2922 1211113
1091 2854 1204 2935 eteam

232 2920 518 3068 intrant
537 2992 564 3053 (a
577 2926 814 3059 certene
830 2920 1206 3070 corradicat

228 3071 313 3124 pmcn
330 3072 380 3134 qur
398 3071 481 3121 aas,
499 3055 578 3138 ulter.
592 3061 733 3126 prmctut,
750 3057 798 3113 aed
813 3064 921 3136 nanda
937 3059 1060 3137 subrecta
1077 3073 1147 3114 aaa.
1167 3060 1203 3124 A,
1278 3115 1279 3126 ,

232 3121 498 3258 ceratiti
515 3125 1205 3273 retinebitur,tradederit
1278 3225 1279 3240 ,

233 3259 333 3312 mutua
352 3257 468 3325 omar,
491 3261 591 3315 utuma
608 3261 647 3328 L,
671 3262 807 3316 uteusua
827 3263 834 3326 t
838 3267 902 3340 poet
919 3265 932 3315 t
956 3277 1025 3321 erae
1043 3260 1103 3316 aad.
1121 3261 1141 3315 h
1157 3261 1205 3318 uei

233 3323 254 3387 l)
266 3325 306 3389 A,
324 3325 425 3380 ultima
442 3332 505 3384 dett.
523 3329 577 3383 mei
593 3342 680 3394 omn„
698 3330 730 3382 ut
742 3327 865 3382 unaatsi
876 3329 952 3395 dett,
970 3328 1072 3384 intima
1083 3329 1205 3399 Protea

233 3391 321 3446 Halm
344 3394 353 3460 ΙΙ
380 3400 409 3446 17
428 3394 546 3450 haecine
563 3395 602 3450 A²
623 3397 633 3464 ΙΙ
657 3403 687 3450 21
706 3412 799 3476 poene
817 3398 855 3450 Αι
877 3397 886 3463 ΙΙ
908 3401 940 3451 22
964 3396 1122 3453 cerimoniis
1140 3398 1168 3452 A
1188 3399 1202 3468 Η

233 3465 378 3514 resource
398 3460 529 3530 Iripsius,
547 3463 620 3531 quood
636 3479 733 3518 nomem
750 3463 811 3518 aad.
1277 3531 1279 3574 1
