2606 3952
468 145 547 202 CAP.
561 145 628 213 1111,
648 145 750 205 §o-u.
1055 149 1093 212 71

117 298 284 364 trimentis
314 299 470 383 pertinaci
499 299 615 383 spiritu
640 298 803 363 flammam
836 299 985 363 euocauit
1013 299 1093 364 cale-

117 382 307 467 factamque
331 405 447 467 aquam
461 383 568 467 pueris
585 382 757 448 bibendam
773 383 869 450 dedit.
904 405 967 467 qua
981 387 1093 467 potata

116 467 255 532 salutari
278 467 384 554 quiete
407 467 504 553 sopiti
527 468 653 532 diutina
680 467 713 532 ui
735 467 841 532 morbi
862 472 994 552 repente
1017 473 1093 534 sunt

118 552 249 616 liberati
278 552 426 637 patrique
455 552 680 618 indicauerunt
706 551 825 616 uidisse
853 574 887 616 se
914 553 949 617 in
970 555 1092 620 somnis

119 659 140 701 a
163 637 272 702 neseio
300 657 362 722 quo
390 638 521 703 deorum
549 657 693 722 spongea
721 657 857 720 corpora
885 659 943 701 sua
970 642 1118 722 parter-s

118 722 191 807 geri
220 728 252 788 et
279 723 422 806 praecipi
451 726 487 787 ut
518 722 558 787 ad
587 723 670 788 Ditis
698 722 800 805 patris
827 726 856 787 ct
883 722 1094 807 Proserpinae

119 828 226 892 aram,
249 829 268 870 a
290 828 354 891 qua
368 807 456 890 potio
472 807 551 890 ipsis
566 808 672 872 fuerat
686 807 808 890 adlata,
832 807 944 872 furuae
967 807 1093 874 hostiae

119 892 365 957 immolarentur
387 892 646 976 lectisterniaque
666 913 705 958 ue
719 891 786 956 ludi
800 892 951 956 nocturni
965 892 1093 958 fierent.

17 981 18 1046 ζ
118 977 163 1055 is,
187 977 271 1060 quod
294 997 332 1040 eo
351 976 414 1040 loci
428 976 551 1041 nullam
568 999 657 1042 aram
672 977 812 1058 uiderat,
836 977 1008 1042 desiderari
1025 998 1093 1042 cre·

121 1061 203 1125 dens
220 1065 256 1124 ut
271 1083 289 1125 a
305 1082 338 1126 se
354 1062 620 1146 eonst'tueretur,
644 1083 733 1126 aram
748 1067 913 1144 empturus
928 1061 962 1126 in
979 1062 1091 1127 urbem
1108 1083 1132 1124 ιο

17 1151 18 1166 ’
118 1147 266 1229 perrexit
299 1146 420 1211 relictis
454 1147 509 1230 qui
537 1147 820 1212 fundamentorum
855 1147 1094 1211 constituendo-

120 1251 194 1294 rum
220 1232 327 1314 gratia
347 1234 466 1295 terram
489 1233 529 1296 ad
555 1232 691 1298 solidum
715 1230 869 1295 foderent.
913 1231 946 1295 hi
971 1232 1093 1297 domini

119 1315 294 1398 imperium
315 1320 521 1400 exequentes,
540 1337 612 1381 cum
629 1317 670 1380 ad
687 1333 736 1380 xx
755 1315 871 1399 pedum
890 1317 1093 1381 altitudinem

121 1399 222 1463 humo
256 1404 367 1484 egesta
402 1401 642 1485 peruenissent,
677 1400 975 1466 animaduerterunt
1004 1423 1092 1466 aram

120 1483 191 1548 Diti
213 1484 299 1567 patri
313 1483 589 1570 Proserpinaeque
612 1486 812 1570 inscriptam.
847 1483 909 1550 hoc
923 1495 1092 1570 postquam
1106 1507 1132 1546 rs

120 1567 270 1634 Valesius
297 1569 470 1634 nuntiante
498 1591 591 1634 seruo
619 1571 756 1655 aceepit,
792 1569 911 1634 omisso
940 1571 1093 1636 emendae

17 1699 18 1704 η
120 1673 196 1718 arae
219 1653 387 1736 proposito
410 1654 534 1719 hostias
555 1655 679 1739 nigras,
709 1674 790 1739 quae
818 1654 996 1737 antiquitus
1024 1655 1091 1718 fur-

121 1759 184 1802 uae
208 1739 409 1822 dicebantur,
432 1738 564 1804 Tarenti
586 1740 765 1804 immolauit
786 1737 941 1822 ludosque
957 1742 990 1803 et
1003 1738 1091 1804 lecti·

120 1824 244 1889 sternia
267 1823 430 1888 continuis
451 1824 555 1889 tribus
577 1824 743 1906 noctibus,
771 1825 847 1907 quia
874 1822 1007 1888 totidem
1032 1823 1091 1888 filii

120 1908 264 1992 periculo
288 1908 414 1973 liberati
437 1912 544 1984 erant,
567 1909 652 1974 fecit.
688 1911 777 1974 cuius
799 1908 978 1990 exemplum
995 1907 1090 1973 Vale·
1105 1930 1130 1970 ao

17 2007 18 2010 ’
120 1993 189 2057 rius
212 1992 397 2074 Publicola,
425 1993 480 2077 qui
502 1993 624 2076 primus
648 1993 760 2058 consul
781 1992 859 2074 fuit,
889 1993 994 2056 studio
1021 2015 1092 2058 suc-

121 2079 269 2142 currendi
293 2078 418 2144 ciuibus
445 2085 573 2143 secutus
596 2078 681 2163 apud
704 2078 837 2142 eandem
859 2098 948 2142 aram
964 2078 1091 2160 publice

17 2187 19 2208 r
119 2163 317 2246 nuncupatis
344 2164 430 2227 uotis
457 2163 620 2247 caesisque
647 2163 725 2228 atris
753 2163 872 2243 bubus,
902 2161 971 2225 Diti
998 2165 1091 2226 mari-

27 3550 33 3561 ¹
120 3548 152 3603 q*
169 3535 278 3590 catulus

119 2247 193 2327 bus,
223 2247 354 2312 feminis
382 2246 614 2331 Proserpinae,
648 2247 909 2330 lectisternioque
941 2269 979 2311 ac
1009 2247 1091 2312 ludis

121 2333 275 2397 trinoctio
299 2332 394 2396 laetis
417 2354 505 2397 aram
528 2336 630 2415 terra,
653 2337 786 2397 utente
808 2333 927 2411 fuerat,
951 2333 1068 2397 obruit.
1103 2351 1129 2393 as

183 2418 213 2482 6.
253 2415 457 2502 Religionem
479 2417 630 2482 ludorum
654 2417 871 2482 crescentibus
900 2417 1014 2499 opibus
1041 2439 1089 2482 se·

120 2505 194 2567 outa
208 2502 336 2566 lautitia
351 2506 410 2566 est.
434 2503 501 2566 eius
515 2502 674 2567 instinctu
690 2502 726 2578 Q.
739 2501 872 2568 Catulus
888 2499 1088 2585 Campanam

190 2727 203 2774 1
232 2722 363 2782 euocauit
389 2721 552 2789 Turranius,
584 2723 711 2778 euomuit
731 2721 805 2788 LA,
832 2721 939 2774 emouit
959 2721 1090 2790 Pipbiur,

120 2789 218 2844 elicuit
233 2787 364 2867 Foerteeb
380 2790 403 2842 I
410 2793 427 2842 9
448 2790 458 2858 ΙΙ
479 2797 584 2857 aequa
610 2792 637 2845 L
649 2793 659 2860 ΙΙ
679 2793 749 2861 pota
760 2789 881 2844 A¹Pur.
936 2793 952 2842 t
970 2805 983 2842 s
1005 2790 1090 2860 ongis

119 2856 448 2935 Lllsspraecep1L¹A¹
485 2860 515 2912 et
531 2873 581 2912 om.
594 2859 675 2926 LA¹‚
692 2858 801 2926 supplet
817 2857 887 2910 A'e
926 2872 968 2911 ur.
988 2860 1020 2925 17
1038 2873 1088 2926 pa-

119 2924 208 2978 t10L¹
222 2926 232 2992 ss
245 2925 352 3045 fueratp
371 2928 432 2978 erat
471 2943 512 2981 ar.
526 2927 535 2994 ΙΙ
547 2925 660 2998 furuae]
680 2927 748 2981 add.
768 2926 788 2978 Ι.
801 2925 830 2983 Ρ.
843 2939 930 2994 purae
949 2923 976 2978 h.
995 2939 1089 2994 marpo

119 2992 147 3046 A
163 3008 177 3047 c
192 2993 263 3046 Pur.
281 2993 291 3061 ΙΙ
308 2997 324 3046 8
354 2993 543 3062 eetisterniaq.
562 2994 634 3060 LA,
653 2992 821 3049 sellisternia
838 3005 932 3060 merpo
948 2992 976 3045 A
993 2993 1089 3047 ePur.

120 3059 133 3129 Η
159 3075 192 3113 ac
213 3061 296 3126 Pau,
321 3075 372 3114 om.
393 3061 467 3128 LA,
489 3063 519 3115 et
541 3061 642 3117 Gertz*
663 3063 673 3132 ll
696 3068 727 3116 10
749 3076 827 3115 aram
848 3059 984 3115 militaus
1005 3065 1052 3117 eut.
1082 3062 1086 3126 1

120 3143 162 3182 em
185 3129 373 3208 tums·(emp.
395 3129 427 3182 iu
443 3129 510 3197 rus.)
527 3130 554 3183 L
575 3131 585 3198 ll
609 3135 639 3184 13
661 3132 850 3207 exsequentes
867 3127 956 3181 Halm
977 3076 1045 3196 {fad

140 3211 154 3249 e
176 3213 225 3248 um
241 3195 279 3249 Le
300 3212 371 3262 uus,
388 3197 479 3251 uasere
496 3213 535 3251 aa
552 3203 623 3252 recte
634 3199 644 3276 u
659 3204 690 3252 15
707 3212 890 3270 proserpinae
908 3211 993 3263 quem
1005 3195 1089 3250 L¹A¹

118 3213 137 3332 ll
156 3269 187 3318 18
206 3212 376 3318 semsiemia
392 3264 463 3321 Pur.
485 3266 495 3333 ΙΙ
512 3271 543 3318 21
583 3265 706 3320 oblieola
722 3268 802 3334 Par,
822 3265 889 3318 add.
907 3262 985 3317 bruti
1003 3264 1088 3318 colle·

139 3347 171 3385 ae
195 3331 256 3400 (aio)
279 3347 373 3454 murpo
390 3332 417 3385 A
435 3349 448 3387 a
465 3335 536 3392 Par.
558 3333 563 3401 Ι
589 3335 696 3404 primus
719 3333 775 3402 (pri
791 3348 812 3387 s.
833 3333 864 3398 l.)
882 3332 909 3385 L
931 3333 941 3400 ΙΙ
962 3332 1088 3386 studium

146 3415 187 3453 ur.
205 3400 245 3452 A¹
262 3401 321 3469 1123
360 3400 429 3454 obus
447 3401 486 3479 L}
503 3403 512 3469 ΙΙ
534 3408 567 3456 25
584 3403 714 3480 terrasA
732 3403 796 3524 pat
813 3402 911 3480 secuta
928 3401 961 3453 ire
977 3417 1033 3460 rus.
1050 3402 1087 3467 A,

119 3468 247 3522 securata
264 3468 325 3589 Hip
342 3474 374 3522 2⁷
392 3467 507 3523 leutitia
524 3469 565 3536 L,
589 3469 700 3524 laetitia
722 3471 786 3538 (att.
804 3468 874 3524 laet1
891 3486 923 3524 cu
940 3471 1008 3538 rus.)
1025 3469 1053 3522 A
1072 3469 1085 3540 Η

330 3574 336 3602 ,
361 3551 434 3604 quae
452 3537 561 3591 catulus
574 3537 611 3590 L¹
