2608 3952
212 140 277 204 242
647 137 713 192 nm.
732 137 767 191 v.

213 293 326 355 rentur
344 290 413 374 qui,
438 311 509 354 cum
531 290 723 374 aequissima
737 290 818 372 iura,
841 290 896 354 sed
911 289 1114 373 iniquissima
1137 292 1192 355 in-

215 376 311 461 genia
332 373 502 456 haberent,
531 376 672 438 moribus
694 375 757 438 suis
780 396 876 458 quam
899 375 1023 460 legibus
1046 377 1095 439 uti
1118 397 1191 439 ma-

214 459 365 525 luerunt?
388 459 518 544 quodsi
534 481 596 544 qua
612 459 815 543 prouidentia
829 461 960 524 deorum
975 459 1061 524 effici
1076 464 1193 542 posset

214 553 251 609 ut
277 544 538 609 excellentissimi
565 545 643 625 uiri,
672 565 806 627 quorum
834 544 929 608 modo
958 565 1050 608 casus
1078 546 1191 626 retuli,

188 632 321 715 elegam
343 630 545 714 ingratorum
568 629 728 692 uindicem
747 629 923 693 retinentes
939 630 1077 713 patriam
1093 651 1191 693 suam

214 716 248 780 in
276 716 326 779 ius
354 716 393 778 ad
423 714 519 777 aliam
548 713 712 778 ciuitatem
735 713 973 796 pertraherent,
1004 715 1190 778 1161166111-

214 802 384 885 geniosum
407 801 440 862 et
460 798 624 882 garrulum
653 799 806 881 populum
834 802 959 862 mutum
986 801 1082 882 atque
1107 799 1190 863 elin·

214 907 309 970 guam
332 884 394 947 hac
415 882 633 966 postulatione
647 882 884 947 reddidissent?
910 881 1097 947 ‘Discordes
1119 883 1190 947 foci

216 971 264 1033 tui
297 968 453 1052 pagisque
486 967 615 1030 diuidua
643 968 774 1052 tuguria
803 965 956 1031 Graeciae
988 967 1077 1032 faeta
1110 973 1190 1032 sunt

175 1082 201 1122 10
216 1055 379 1118 columen:
403 1051 490 1115 lucet
511 1051 682 1116 Marathon
704 1051 842 1116 Persicis
864 1052 1020 1135 tropaeis:
1049 1051 1189 1116 Salamis

215 1143 247 1202 et
269 1135 479 1200 Artemisium
501 1134 616 1199 Xerxis
645 1136 817 1221 naufragia
842 1140 1067 1202 numerantur:
1095 1157 1189 1220 prae-

214 1222 332 1286 ualidis
354 1220 504 1284 manibus
527 1219 683 1285 exhausta
704 1221 832 1286 moenia
851 1221 1087 1304 pulchrioribus
1111 1242 1188 1304 ope·

213 1307 303 1370 ribus
331 1309 542 1388 consurgunt.
577 1307 691 1369 harum
712 1326 819 1370 rerum
841 1309 984 1370 auctores
1012 1306 1068 1370 ubi
1094 1306 1187 1370 uixe-

213 1390 314 1455 111111
336 1389 392 1454 ubi
413 1389 542 1453 iacent?
565 1389 735 1474 responde!
762 1411 878 1474 nempe
900 1390 1025 1454 Thesea
1046 1390 1186 1474 paruulo

176 1503 200 1543 a
214 1477 249 1540 in
271 1475 404 1559 scopulo
427 1475 554 1559 sepeliri
578 1479 610 1538 et
631 1473 811 1539 Miltiadem
837 1477 872 1538 in
895 1495 1023 1540 carcere
1045 1476 1129 1540 mori
1151 1479 1185 1538 et

214 1561 350 1627 Cimona
377 1562 528 1644 paternas
560 1558 691 1624 induere
726 1563 854 1624 catenas
887 1561 925 1624 et'
946 1559 1185 1624 Themistoclea

213 1647 369 1712 uictorem
396 1645 474 1709 uicti
507 1644 607 1710 hostis
641 1665 748 1728 genua
780 1645 940 1728 conplecti
968 1643 1185 1729 Solonemque

214 1753 287 1796 cum
308 1730 451 1794 Aristide
480 1733 512 1792 et
534 1728 697 1792 Phocione
726 1732 858 1812 penates
880 1750 955 1792 suos
982 1729 1112 1814 ingrata
1133 1729 1186 1792 fu·

214 1836 290 1900 gere
320 1814 471 1896 coegisti,
500 1834 572 1877 cum
598 1812 728 1877 interim
757 1814 918 1879 cineribus
945 1815 1063 1878 nostris
1091 1812 1186 1878 foede

177 1927 202 1967 ao
216 1921 254 1963 ao
275 1897 502 1962 miserabiliter
517 1899 668 1981 dispersis
684 1896 856 1981 Oedipodis
873 1900 994 1982 [ossa],
1018 1899 1113 1962 caede
1127 1920 1186 1982 pa-

214 1984 285 2064 tris,
308 1982 429 2066 nuptiis
451 1983 562 2046 matris
586 1983 811 2061 contaminati,
835 1983 1047 2066 interipsum
1070 1983 1186 2046 Arium

214 2087 350 2152 pagum,
382 2065 483 2130 diuini
506 2069 602 2149 atque
624 2066 758 2132 humani
787 2069 970 2131 certaminis
998 2068 1186 2132 uenerabile
1288 2129 1289 2132 ,

214 2151 425 2229 domicilium,
456 2155 488 2214 et
515 2153 672 2216 excelsam
699 2151 855 2235 praesidis
883 2152 1047 2216 Mineruae
1077 2173 1185 2216 arcem

214 2237 337 2302 honore
366 2257 438 2299 arae
467 2237 627 2300 decoratos
657 2257 747 2300 sacro
776 2237 951 2301 sanctiores
978 2237 1064 2301 colis.
1103 2238 1185 2301 adeo

269 2393 285 2439 4
303 2385 400 2440 rettuli
411 2386 499 2441 Halm
511 2387 520 2454 11
533 2392 549 2440 6
582 2387 780 2442 erthraherent
791 2388 819 2441 L
830 2389 840 2458 11
854 2394 868 2442 1
881 2385 959 2443 metir
970 2387 1052 2441 L¹A¹
1065 2389 1074 2456 11
1087 2395 1185 2456 91166-

215 2455 287 2521 cisq:
311 2458 347 2520 (et
368 2455 400 2508 ia
422 2454 547 2524 6119,αά
569 2455 679 2522 paris)
698 2456 738 2521 L,
765 2455 870 2524 pacisq.
895 2455 935 2520 A,
961 2472 1010 2510 em.
1033 2455 1183 2524 1611616611

213 2521 345 2591 graecia*
361 2522 389 2574 A
407 2523 419 2600 11
442 2528 474 2576 10
492 2522 610 2576 Salamis
628 2538 721 2592 marco
739 2523 766 2577 L
784 2528 810 2577 et
828 2523 888 2580 edd.
906 2528 982 2586 cett,
1008 2523 1129 2577 salamin
1147 2523 1184 2577 L¹

213 2590 284 2656 AO,
317 2590 452 2644 salamma
473 2592 522 2656 L²,
548 2589 696 2644 salaminia
722 2591 786 2646 cert.
811 2592 820 2658 11
846 2596 875 2644 11
900 2591 1081 2644 artemiseum
1108 2592 1144 2644 L¹

214 2664 245 2712 12
270 2660 386 2712 exausta
403 2657 443 2724 L,
467 2657 604 2713 exhausta
620 2659 667 2720 A¹‚
685 2661 795 2718 exusta,
819 2659 1006 2726 16666666
1023 2659 1094 2725 oid,
1110 2658 1150 2711 11ἱ

213 2733 246 2781 13
264 2727 387 2779 uixerint
403 2725 431 2780 A
454 2732 479 2781 et
496 2745 515 2780 n
531 2739 552 2780 s.
572 2724 590 2778 l.
609 2726 636 2778 L
659 2728 669 2795 11
694 2734 726 2780 16
746 2726 906 2780 milciadem
924 2726 952 2779 A
975 2728 984 2795 11
1011 2726 1184 2780 1661166666

213 2794 294 2849 L¹A¹
307 2794 508 2862 11161616166166
525 2792 584 2845 LA
601 2793 610 2860 11
629 2800 660 2847 11
679 2794 814 2862 amplecti
831 2793 951 2863 Staapcr
963 2796 973 2863 11
991 2800 1022 2848 19
1039 2794 1128 2847 nostri
1146 2794 1184 2847 L¹

215 2863 227 2933 11
248 2861 312 2915 fede
331 2861 372 2914 Aa
396 2861 405 2929 11
430 2868 462 2917 20
481 2877 543 2916 ossa
566 2863 627 2915 siae
648 2863 728 2917 161611
745 2862 846 2928 Halm,
869 2863 973 2916 iactast
994 2877 1055 2916 cam
1072 2861 1185 2916 Hellero

212 2932 245 2984 a'a
256 2930 359 2984 Pallor.
371 2933 442 2984 1869
449 2945 481 2997 p.
491 2933 551 2994 363,
570 2945 649 2996 qaam
660 2930 693 2984 ia
703 2929 819 2997 reliquis
830 2931 916 2984 secati
926 2945 1029 2996 samos,
1041 2930 1100 2984 6161
1112 2929 1184 2997 qood

213 2998 261 3051 ille
279 2997 483 3051 contaminatos
495 2998 618 3064 scripsit,
637 3012 687 3051 aas
699 2998 890 3053 contaminati.
921 2997 956 3062 cf.
970 2997 1103 3052 Fleckeis.
1116 3014 1182 3051 aaa.
1285 3011 1287 3018 ¹

213 3067 284 3120 1886
297 3081 327 3133 p.
340 3068 376 3119 50
396 3066 406 3133 11
427 3066 513 3118 coede
530 3066 557 3118 L
579 3066 589 3133 11
610 3071 641 3118 21
662 3065 854 3119 contaminata
871 3065 930 3118 LA
947 3065 1034 3118 Halm
1051 3066 1061 3132 11
1079 3066 1184 3118 arrium

213 3133 260 3199 L¹,
279 3132 483 3202 6611611123
502 3133 617 3187 excelsis
655 3132 782 3186 raesidiis
795 3132 868 3194 LA,
888 3133 1129 3190 ammonariae.
1148 3132 1183 3197 cf.

214 3201 281 3257 Iria.
293 3199 381 3253 XLV
390 3203 437 3266 28,
454 3205 470 3254 1
489 3205 515 3256 et
531 3200 623 3254 XXX
651 3203 693 3259 30.
714 3201 800 3268 91124
817 3201 964 3254 decoratos
983 3200 1185 3254 sacrosanctio-

214 3283 260 3321 res
272 3267 344 3334 LA,
360 3269 408 3322 aad
417 3274 481 3335 post
498 3268 521 3321 ti
536 3269 679 3323 erachia
688 3268 726 3332 L,
746 3267 879 3322 decorata
895 3270 928 3321 ut
942 3284 1004 3322 ossa
1016 3267 1185 3321 sacrosancti

213 3335 306 3388 herois
325 3351 339 3389 e
355 3337 425 3390 caat.
437 3336 636 3403 Reifferscheid
653 3337 686 3389 ta
703 3335 876 3392 1606111611.
893 3338 964 3391 1860
977 3351 1008 3404 p.
1020 3339 1073 3389 484
1088 3335 1183 3400 Halm,

214 3403 347 3456 decorata
366 3419 444 3456 sacro
466 3405 605 3458 sanctiore
620 3403 740 3472 Modaip
754 3403 856 3458 11325
869 3405 1004 3471 probante
1020 3403 1135 3456 Halmio
1152 3404 1185 3455 a'a

214 3468 352 3546 Fteclcca‘s,
368 3485 434 3545 aaa.
446 3473 515 3525 1874
552 3475 634 3538 .402,
652 3472 781 3526 licentias
799 3471 945 3525 decoratos
964 3471 1124 3524 domesticis
1142 3485 1185 3523 sa-

216 3553 269 3589 6116
288 3539 410 3589 sanetus
427 3537 496 3590 colis
555 3539 692 3596 ,Bactara
709 3539 777 3594 abac.
795 3540 866 3593 1886
879 3555 908 3606 p.
928 3538 1183 3606 799166116111Ι
