2562 3950
225 114 288 180 516
504 108 574 165 m.
591 109 655 162 nn
689 107 768 166 cir.
787 55 923 174 rino.

223 269 298 328 stari
320 267 429 340 uellet,
452 265 614 340 indicaret,
638 265 743 324 ‘uelim
763 265 851 324 mihi’
875 268 985 343 inquit
1012 271 1048 329 ‘a
1077 271 1154 331 sole
1176 291 1224 330 nou

224 353 349 414 obstes'.
371 382 413 394 -
434 351 584 426 Diogenes
607 351 727 420 cynicus
751 349 909 425 Syracusis
935 371 1016 412 cnm
1038 356 1164 416 holere
1186 376 1224 414 ne

224 439 373 509 sceretnr,
408 435 582 510 Aristippus
604 434 681 492 dixit
703 436 748 492 ‘si
768 435 915 511 Dionysio
939 437 1154 514 adulareris,
1179 443 1224 499 ists

224 541 288 583 non
309 521 422 581 esses’:
455 521 577 578 ‘immo'
599 521 697 593 inquit
718 519 757 577 ‘si
778 523 814 578 tu
834 519 908 579 haec
932 539 1044 597 esses,
1071 525 1222 586 Dioni-siz

224 627 285 668 nou
307 604 494 665 adulareris’.
1168 589 1179 603 ¹
1228 621 1230 624 ·

532 755 587 814 DE
609 753 893 816 PAVPERTATE.

174 864 224 930 4,1
311 858 450 918 Valerius
465 856 618 932 Poplicola
639 873 699 914 cos.
722 858 786 914 tam
807 856 932 932 exiguae
956 857 1025 918 fuit
1050 861 1218 924 facultatis,

225 949 320 1006 utne
341 943 489 1017 exsequiis
511 941 632 1016 quidem
652 940 774 999 relictus
796 943 936 1015 sumptus
960 943 1150 1006 sufficeret.
1222 961 1224 970 ⁴

192 1037 208 1086 2
290 1027 445 1089 Menenius
460 1026 598 1103 Agrippa
619 1025 803 1084 sextantibus
826 1043 844 1082 a
866 1025 983 1100 populo
1007 1031 1158 1092 conlatis
1181 1033 1216 1091 fn.

225 1118 346 1176 neratus
366 1114 422 1171 est.
887 1147 901 1173 ς
1224 1131 1231 1163 ·.

185 1207 209 1270 3
291 1197 325 1260 Ο.
340 1195 507 1272 Fabricius,
529 1213 598 1253 cum
617 1192 741 1252 haberet
761 1181 904 1267 patellarii
925 1200 1134 1275 argenteam,
1159 1221 1214 1261 eam

229 1288 331 1344 tamen
353 1299 460 1340 corneo
482 1279 614 1356 pediculi
637 1277 779 1336 sustineri
800 1277 906 1338 uoluit.

193 1376 210 1426 5
289 1366 402 1442 Atilius
423 1364 461 1424 ad
483 1363 672 1423 consulatum
692 1361 730 1420 ab
752 1364 850 1420 aratro
872 1363 1041 1423 arcessitus
1070 1373 1134 1428 est.

192 1459 209 1508 o
290 1451 403 1511 Atilius
424 1448 572 1526 Regulus,
597 1465 666 1506 cnm
686 1448 883 1522 prorogatum
905 1445 965 1504 sibi
988 1449 1031 1508 ob
1058 1451 1146 1514 bene
1168 1475 1211 1532 gc-

228 1541 290 1598 stas
311 1553 359 1596 res
382 1533 574 1611 cognouisset
594 1531 768 1606 imperinm,
788 1529 909 1606 scripsit
930 1535 1125 1598 consulibus
1149 1540 1231 1598 uili-r

228 1642 307 1696 cum,
329 1638 418 1697 quem
440 1619 473 1677 in
493 1617 592 1694 agello
615 1619 729 1692 septem
750 1615 889 1692 iugerum
911 1616 944 1674 in
958 1615 1107 1692 Pupinia
1126 1624 1211 1684 habe·

228 1709 296 1780 bat,
328 1707 480 1766 mortuum
508 1719 590 1774 esse,
623 1701 749 1776 ideoque
775 1703 878 1774 petere
907 1703 943 1758 ut
965 1701 1029 1761 sibi
1052 1721 1209 1768 successor

227 1793 411 1861 mitteretur,
433 1807 471 1848 ne
493 1786 610 1846 deserto
632 1802 705 1862 agro
725 1803 786 1844 nou
808 1787 888 1843 esset
908 1785 990 1844 unde
1014 1806 1101 1849 uxor
1125 1812 1160 1853 ac
1181 1795 1209 1851 li-

227 1877 294 1937 beri
308 1876 467 1935 alerentur.
494 1890 569 1947 quae
583 1873 619 1928 ut
633 1869 776 1946 cognonit
789 1871 921 1946 senatus,
936 1869 1063 1944 publice
1077 1879 1207 1946 herum

229 1980 296 2022 oum
318 1960 414 2035 magis
436 1957 534 2016 iussit.
1215 1974 1229 2013 s

195 2053 210 2102 7
293 2043 495 2112 Cincinnatus,
518 2059 586 2099 cum
598 2041 717 2114 septem
730 2038 868 2114 iugerum
882 2049 1126 2122 agrumararet,
1151 2049 1205 2105 tn‘a

228 2130 332 2206 iugera
353 2145 390 2186 ex
410 2127 456 2184 his
471 2143 526 2200 pro
540 2125 636 2183 emico
651 2123 689 2182 ad
703 2123 852 2182 aerarium
867 2122 1076 2193 subsignando
1091 2133 1203 2190 amisit,

195 2221 212 2270 8
292 2212 372 2271 Aelii
399 2209 527 2269 sedecim
553 2209 658 2268 eodem
679 2211 814 2282 tempore
835 2207 959 2266 luerunt
981 2213 1126 2272 contenti
1150 2235 1203 2275 una

230 2295 408 2357 domuncula
429 2299 455 2354 ct
476 2295 583 2370 exiguo
606 2293 700 2352 fundo
722 2293 821 2350 minus
842 2291 953 2351 multos
975 2293 1112 2357 cultores
1129 2300 1203 2360 desi·

231 2383 354 2443 derante
376 2399 469 2457 quam
490 2379 626 2438 dominos
647 2376 789 2436 habebat.
1211 2393 1227 2433 a

196 2478 212 2528 9
292 2466 408 2527 Eadem
440 2481 514 2542 gens
546 2463 663 2522 nullum
695 2464 765 2528 ante
796 2453 961 2536 scripulum
994 2463 1061 2521 auri
1094 2466 1200 2527 habuit

120 2550 122 2556 ’
231 2573 324 2632 quam
350 2551 461 2611 Paulus
483 2548 573 2607 Perse
599 2546 680 2606 uicto
708 2543 743 2614 Q.
765 2545 852 2605 Aelio
882 2545 1037 2606 Tuberoni
1066 2551 1198 2629 quinque
1243 2579 1244 2618 ;

230 2641 325 2699 libres
348 2637 413 2696 auri
435 2635 512 2694 dono
535 2633 679 2691 mitteret.

182 2735 214 2785 10
296 2723 351 2788 On.
375 2719 474 2797 Scipio
502 2715 630 2776 secundo
652 2715 765 2774 Punico
788 2715 867 2773 bello
889 2714 973 2773 misit
995 2734 1032 2774 ex
1053 2715 1193 2794 Hispania
1243 2703 1244 2706 Ἴ

231 2813 347 2871 litterae
375 2807 481 2882 petens
503 2818 718 2872 successorem,
747 2799 844 2875 quod,
871 2817 939 2859 cnm
960 2799 1084 2861 haberet
1104 2803 1221 2864 filiano

231 2897 291 2957 iam
313 2891 455 2961 adultam,
478 2888 542 2946 sine
564 2899 595 2945 se
616 2886 642 2945 ei
663 2884 797 2960 expediri
812 2883 865 2944 dos
880 2901 943 2944 non
957 2890 1077 2959 possets
1096 2888 1190 2966 itaque

300 3018 467 3088 3Dionysio
484 3030 534 3071 coe
551 3021 576 3070 ct
597 3014 707 3080 Genti,
735 3027 786 3068 osu
804 3013 862 3068 cod.
880 3012 968 3068 Halm
1025 3019 1187 3084 8exsequiis
1243 2991 1244 3068 Ῑ

232 3091 348 3161 quidem
365 3102 415 3168 noo
433 3089 459 3164 ct
473 3085 579 3149 Germ
598 3082 712 3151 quidem
724 3080 861 3203 exsquuiis
873 3081 932 3135 cod.
941 3081 991 3136 Hc
1001 3098 1028 3135 m
1040 3083 1050 3150 u
1064 3087 1093 3136 16
1104 3089 1186 3140 trona-
1243 3081 1244 3092 *

228 3155 430 3230 praecelsoru-
447 3171 476 3208 m
494 3151 596 3234 agello,
615 3166 700 3218 quem
718 3165 779 3204 cum
824 3149 884 3227 aij!
898 3155 930 3203 19
947 3165 1043 3204 rerum
1060 3165 1119 3204 cum
1134 3169 1186 3207 nie·

255 3231 277 3282 's
295 3227 361 3292 cod,
379 3241 396 3278 a
416 3239 476 3276 rum
496 3237 555 3275 erus
575 3218 630 3274 coli
646 3217 711 3272 Mai
727 3217 830 3283 Halm,
848 3232 908 3270 ems
926 3232 1021 3270 rerum
1038 3232 1126 3272 curam
1178 3221 1182 3232 '

232 3297 374 3417 ingeniose
424 3289 497 3347 erte*
521 3290 531 3358 11
555 3294 588 3342 22
611 3285 802 3356 subsignande
822 3285 901 3340 misit
924 3285 992 3352 cod,
1019 3299 1067 3344 ern.
1085 3285 1144 3342 Gerr
1243 3259 1244 3328 l

233 3381 265 3417 su
286 3356 629 3479 signetademisitflgiolm
687 3359 720 3476 {4
747 3352 899 3473 egessw
921 3367 985 3416 coe,
1015 3354 1045 3406 et
1065 3367 1109 3431 our.
1130 3329 1181 3411 eous
1243 3329 1244 3408 l

233 3425 690 3558 liidllrmclrclngliecflllotrlcrrllsoi?
701 3438 830 3543 gelrizli‘ml
844 3422 918 3475 teret
935 3420 994 3478 Μ’
1013 3421 1023 3488 ΙΙ
1041 3425 1070 3476 3¹
1087 3437 1137 3477 lam
1153 3421 1181 3476 fi*
