2606 3952
193 130 236 197 56
622 127 693 183 mc.
713 127 733 188 1.

193 282 312 350 ueneni
334 281 521 347 uulneribus
549 284 717 364 respuant:
751 284 806 346 aut
832 282 867 345 in
891 280 1090 368 Cephalania
1114 282 1162 349 in·

193 370 277 454 sula,
307 388 380 433 cum
403 367 512 431 omnia
534 365 654 450 ubique
676 386 794 450 pecora
814 365 933 431 haustu
960 388 1061 452 aquae
1083 369 1161 433 coti-

193 455 244 520 die
275 453 474 531 recreentur,
508 472 621 535 capras
654 451 774 515 maiore
807 473 846 516 ex
877 454 968 535 parte
1000 452 1080 517 anni
1108 474 1162 518 ore

194 542 305 624 aperto
329 559 367 602 ex
389 536 454 602 alto
476 539 592 601 uentos
613 536 808 620 recipientes
830 536 918 600 sitim
936 557 1027 601 suam
1049 537 1161 602 sedare

167 641 180 684 s
193 622 387 689 instituerit:
411 624 468 685 aut
490 624 688 705 quapropter
702 619 864 687 Crotonae
879 622 1049 706 intemplo
1064 621 1159 687 Iuno·

193 709 245 774 nis
267 707 420 773 Laciniae
442 726 531 770 aram
554 704 595 769 ad
617 725 728 769 omnes
748 708 862 770 uentos
884 705 1032 771 inmobili
1054 708 1161 771 cinere
1196 707 1204 726 ⁴

194 792 377 858 donauerit:
411 790 655 874 potissimumue
686 811 782 875 quare
817 788 952 855 alteram
988 791 1021 854 in
1056 789 1160 856 Mace·

194 878 306 961 donia,
330 875 463 941 alteram
490 876 526 938 in
550 873 669 940 Caleno
691 895 770 960 agro
792 894 909 959 aquam
931 875 1161 960 proprietatem

155 959 1162 1129 10tlaltatarium⁰tt⁰¹²lzr0s2⁸tttqlitt

595 1092 604 1127 7
1150 1083 1162 1095 .

193 1153 279 1208 mus,
309 1151 382 1194 cum
404 1128 542 1193 sciamus
568 1132 655 1193 recte
678 1130 719 1192 ab
747 1148 785 1193 ea
810 1130 985 1213 plurimum
1014 1129 1162 1195 licentiae

193 1214 369 1297 uindicari,
405 1235 504 1298 penes
537 1235 633 1298 quam
669 1213 817 1279 infinitus
854 1217 969 1279 cuncta
1004 1215 1160 1300 gignendi

194 1301 287 1368 labor
309 1298 467 1367 consistit.

260 1383 309 1454 19.
327 1382 416 1459 Quae
431 1383 507 1467 quia
522 1404 620 1467 supra
633 1383 787 1447 usitatam
802 1383 960 1447 rationem
976 1382 1162 1449 excedentia

155 1491 181 1530 ra
195 1470 376 1555 attigimus,
400 1469 558 1552 serpentis
580 1488 707 1552 quoque
730 1489 749 1532 a
768 1466 802 1532 T.
818 1466 912 1532 Liuio
935 1468 1057 1533 curiose
1078 1470 1161 1552 pari-

193 1558 243 1620 ter
265 1575 302 1620 ac
323 1552 460 1618 facunde
481 1552 601 1618 relatae
628 1552 685 1616 fiat
712 1553 849 1617 mentio:
885 1551 914 1617 is
941 1553 1027 1617 anim
1055 1556 1101 1618 ait
1127 1555 1163 1618 in

194 1639 307 1704 Africa
333 1639 417 1722 apud
440 1636 489 1702 Ba
529 1637 622 1702 adam
649 1637 769 1702 flumen
791 1660 809 1701 a
829 1639 939 1701 tautae
967 1637 1164 1722 magnitudi-

193 1726 245 1790 nis
273 1724 388 1805 fuisse,
416 1726 457 1786 -ut
484 1659 577 1789 llilii
607 1720 653 1786 Re
700 1721 724 1784 li
758 1721 932 1787 exercitum
965 1742 1024 1786 usn
1056 1724 1161 1788 amnis

193 1808 394 1894 prohiberet,
416 1808 592 1892 multisque
613 1806 658 1870 mi
671 1805 769 1872 itibus
784 1806 909 1954 inpenti
925 1827 980 1871 ors
996 1809 1161 1891 correptis,

156 1911 182 1954 so
195 1892 404 1977 conpluribus
427 1893 546 1957 caudae
567 1891 784 1956 uoluminibus
804 1891 906 1970 eisis,
930 1911 1003 1956 cum
1024 1893 1162 1957 talorum

194 1979 282 2044 iactu
314 1975 472 2060 perforari
504 1976 668 2061 nequiret,
705 1974 745 2040 ad
777 1975 928 2040 ultimum
961 1976 1163 2042 ballistarum

193 2063 365 2128 tormentis
393 2061 535 2146 undique
566 2061 702 2146 petitam
729 2060 855 2126 silicum
883 2062 1004 2126 crebris
1026 2065 1059 2126 et
1109 2084 1163 2127 on-

195 2147 317 2212 derosis
338 2147 525 2211 uerberibus
546 2146 756 2231 procubuisse
776 2147 987 2229 omnibusque
1003 2149 1036 2210 et
1050 2085 1163 2212 cobor-

194 2233 281 2298 tibus
303 2234 337 2295 et
358 2231 540 2314 legionibus
560 2232 630 2316 ipsa
644 2229 846 2314 Karthagine
868 2230 971 2295 uisam
992 2231 1163 2297 terribilio-

156 2336 280 2400 rorem,
318 2318 415 2399 atque
454 2316 551 2381 etiam
589 2336 684 2381 cuore
727 2336 784 2380 suo
821 2315 1005 2400 gurgitibus
1041 2316 1164 2381 inbutis

197 2401 401 2486 corporisque
423 2399 558 2466 iacentis
579 2399 735 2484 pestifero
758 2400 878 2464 adflatu
901 2399 1008 2465 uicina
1030 2401 1165 2486 regione

265 2576 278 2624 1
303 2571 352 2624 aut
383 2569 416 2623 ut
431 2570 459 2623 A
483 2569 493 2638 ΙΙ
518 2568 736 2640 cephaleniaA,
763 2583 795 2622 ce
816 2568 931 2622 halania
947 2568 1016 2622 LB.
1043 2570 1079 2636 of.
1096 2569 1164 2628 Lia.

194 2636 336 2694 XXXVI
362 2640 405 2705 13,
423 2641 456 2692 11
470 2642 495 2692 et
506 2640 548 2700 50.
562 2640 595 2702 5,·
616 2636 696 2692 Plias.
709 2652 737 2692 a.
750 2635 775 2690 b.
806 2635 866 2690 ΙΙΙ
875 2639 918 2702 12,
931 2639 977 2701 19,
991 2636 1165 2706 Cephalania

194 2706 333 2775 Holmssr
351 2721 390 2759 aa
407 2721 464 2770 cur,
483 2705 590 2772 cumen
606 2702 709 2758 haustu
728 2721 744 2759 a
765 2720 818 2758 uae
837 2704 896 2768 (sed
912 2703 931 2756 h
949 2710 974 2758 et
992 2707 1018 2760 st
1038 2721 1073 2758 m.
1090 2707 1119 2769 2)
1138 2706 1165 2759 L

195 2780 222 2831 ct
238 2789 307 2830 corr.
326 2789 360 2828 aa
384 2773 434 2826 aut
449 2788 500 2827 sua
536 2787 590 2826 uae
607 2773 635 2826 A
656 2772 667 2840 ΙΙ
689 2721 810 2850 cutiliae
826 2773 865 2824 A¹
883 2772 927 2849 {13
948 2787 1048 2841 capras
1070 2773 1166 2828 Torre-

194 2837 1165 2977 lllabillislsallt‘ilplltqtlpltlltltlrlbllti

196 2977 235 3033 L’
260 2979 269 3046 ΙΙ
299 2975 474 3047 proprietate
496 2975 568 3030 L¹A
592 2976 601 3043 ΙΙ
626 2981 641 3029 9
662 2949 899 3030 inbcbrienturrl
919 2976 930 3043 l
954 2983 986 3030 14
1007 2949 1167 3030 excitantia

196 3045 264 3100 LA¹
283 3046 293 3113 11
317 3050 347 3100 15
369 3041 456 3098 alito
473 3043 540 3098 libio
554 3043 614 3098 LA
633 3043 643 3112 ΙΙ
665 3043 812 3098 curioseae
832 3043 940 3112 pariter
956 3044 998 3109 A,
1019 3043 1167 3098 curiositer

216 3113 302 3168 ariter
328 3111 355 3166 L
383 3113 392 3182 l
420 3117 450 3166 16
470 3110 590 3166 fecunde
612 3111 683 3164 L¹A
709 3111 720 3189 l
744 3110 836 3164 relata
858 3110 928 3165 LA¹
948 3111 959 3178 l
981 3117 1013 3166 17
1039 3111 1167 3182 bagrada

195 3129 268 3247 lm,
298 3196 346 3236 em.
370 3179 403 3234 ta
423 3179 485 3238 edd.
502 3183 569 3233 cett.
590 3180 600 3246 ΙΙ
621 3177 832 3248 magmtudinis]
856 3178 943 3249 magii
966 3195 1044 3248 serp:
1070 3194 1166 3249 morpo

195 3249 236 3314 A,
264 3247 331 3303 odd.
355 3262 478 3317 anguem
500 3247 565 3303 dett.
587 3245 731 3313 nonnulli,
761 3248 923 3316 serpentem
946 3248 1110 3315 capitatione
1132 3263 1166 3302 ao

196 3332 224 3374 a.
241 3318 276 3370 15
296 3315 472 3385 repetendam
489 3316 575 3382 parat
592 3312 687 3367 Halm.
713 3328 760 3382 epo
781 3314 911 3368 lammam
932 3315 1054 3370 incanae
1074 3320 1168 3370 tamen

195 3383 270 3438 seclis
289 3383 388 3437 notaui
409 3383 419 3450 ΙΙ
442 3389 473 3438 18
501 3381 577 3436 acilii
599 3379 658 3434 LA
683 3381 693 3450 ss
720 3394 791 3434 usu*
812 3384 851 3449 (m
874 3397 945 3436 aas.
968 3382 1040 3450 uid.)
1064 3383 1123 3436 LA
1151 3384 1164 3454 Η

197 3447 316 3584 peltipsia
338 3450 408 3527 4¹ss
434 3448 618 3584 Kprgamnem
640 3447 723 3503 K¹A¹
747 3450 757 3517 11
780 3448 842 3504 uisa
864 3449 935 3503 LA¹
958 3449 968 3517 ΙΙ
995 3450 1167 3508 terribiliore

210 3533 230 3570 a
253 3532 300 3574 cm.
319 3531 334 3569 e
352 3531 384 3570 aa
401 3531 457 3571 rae.
