2562 3950
242 161 307 227 590
521 157 592 212 ING.
610 157 718 215 svor.
738 158 805 214 nlo.
824 163 839 222 s
857 164 883 212 5.
900 163 925 217 e.

209 327 225 375 5
305 317 391 376 Lucii
420 311 580 392 coeperunt
609 316 753 391 adpellari
782 316 835 390 qui
856 316 922 391 ipso
943 316 1030 374 initio
1053 316 1135 376 lucis
1160 320 1220 376 orti

241 406 340 474 erant,
373 404 440 479 aut,
478 405 512 459 ut
545 401 666 475 quidam
698 400 897 471 arbitrantur,
932 420 949 457 a
982 401 1220 461 Lucumonibus

241 487 385 558 Etruscis,
409 486 503 545 Manii
525 485 576 560 qui
598 503 684 544 mane
707 484 781 542 editi
803 487 898 562 erant,
921 485 971 544 nel
994 486 1104 545 ominis
1122 505 1219 545 causa

241 570 326 646 quasi
359 570 445 629 bonit
482 587 603 628 manum
640 569 719 626 enim
755 569 872 644 antiqui
910 570 1021 628 bonum
1056 568 1217 630 dicebant.

242 655 358 716 Gnaeus
386 656 425 714 ob
451 653 569 729 insigne
597 654 684 712 necui
712 653 880 728 adpellatus
908 658 962 712 est
1008 653 1091 729 quod
1113 671 1241 714 unums

240 758 420 815 praenomen
448 739 531 796 uarie
556 737 704 812 scriptura
730 740 864 797 notatur:
898 738 949 795 alii
970 738 1051 796 enim
1074 738 1213 812 Nasum,

240 824 291 882 alii
314 823 463 898 Gnaeum,
493 818 545 880 alii
568 821 700 881 Gnaeum
726 822 869 881 scribunt.
914 821 1015 897 qniG
1043 823 1156 882 littera
1183 826 1217 882 iu

240 909 295 967 hoc
324 909 515 983 praenomine
542 908 682 977 utuntur,
711 907 919 981 antiquitatem
947 907 1030 980 sequi
1051 907 1215 984 uidentur,

241 1011 317 1068 quae
345 993 473 1051 multum
502 1011 536 1048 aa
557 1007 611 1048 usa
631 991 736 1049 littera
757 994 811 1048 est.
856 990 927 1048 elim
948 992 1027 1048 enim
1050 991 1217 1052 dicebatur

241 1077 456 1153 fragmentum,
478 1092 558 1135 nuno
579 1074 763 1136 frumentum
785 1074 919 1151 effertur,
942 1077 973 1133 et
995 1074 1121 1151 lorgtis,
1149 1097 1214 1138 non
1230 1093 1251 1130 ιο

240 1161 336 1233 fortis,
359 1165 390 1221 et
411 1149 549 1236 g'natura,
573 1176 633 1218 non
655 1162 771 1217 natura.
805 1176 877 1234 ergo
900 1158 991 1218 etiam
1012 1159 1063 1235 qui
1087 1161 1120 1219 in
1147 1179 1212 1221 cor-

239 1246 362 1320 poribus
385 1246 470 1322 gigni
498 1244 574 1303 solet
595 1262 729 1319 gnaeuus
751 1243 966 1318 adpellabatn1·.
1002 1245 1054 1319 qui
1078 1242 1136 1303 CN
1159 1266 1214 1322 po-

239 1334 329 1401 nunt,
362 1328 598 1404 †correplione·
622 1328 754 1403 syllabae
788 1328 927 1386 delectari
959 1329 1118 1401 uidentur,
1158 1334 1214 1408 qui

239 1414 354 1485 NaeuS,
382 1414 515 1473 leuitate.
560 1411 615 1470 Gai
636 1413 807 1471 iudicantur
834 1412 906 1471 dicti
927 1432 946 1471 a
966 1413 1077 1488 gaudio
1100 1433 1213 1490 paran-

239 1501 314 1570 tum,
337 1499 420 1570 Auli,
443 1497 522 1573 qued
545 1497 581 1554 iis
605 1497 763 1555 auentibns
784 1500 955 1571 nascuntur,
979 1496 1071 1556 Marci
1095 1499 1213 1562 Martio
1228 1513 1268 1551 1⁵1

237 1601 338 1641 mense
360 1583 465 1658 geniti,
488 1581 584 1651 Publi,
611 1582 662 1656 qui
683 1581 766 1655 prius
787 1581 895 1656 pupilli
918 1581 990 1640 faeti
1011 1585 1101 1641 erant
1115 1602 1213 1659 quem

238 1667 431 1742 praenomina
452 1666 605 1741 haberent,
627 1665 712 1736 †alii
734 1664 843 1724 ominis
864 1684 953 1725 causa
974 1685 990 1725 e
1012 1665 1104 1742 pube.

203 1759 219 1808 6
302 1751 414 1809 Tiberii
436 1751 562 1810 uocitari
583 1752 746 1825 coeperunt
767 1749 819 1824 qni
840 1750 877 1808 ad
899 1749 1028 1809 Tiberim
1043 1754 1214 1814 nasceban-

237 1837 297 1893 tur.
342 1835 427 1894 Titus
458 1855 473 1892 e
495 1833 606 1892 Sabino
628 1834 748 1892 nomine
770 1833 874 1904 †Tito
895 1834 994 1906 fluxit,
1022 1833 1148 1911 Appius
1173 1841 1213 1899 ab

235 1918 311 1978 Atto
342 1920 471 1980 eiusdem
500 1919 631 1994 regionis
653 1919 854 1992 praenomine.
892 1917 1035 1979 Caesones
1058 1922 1212 1996 adpellati
1225 1939 1245 1977 a

236 2007 307 2063 sunt
343 2005 395 2078 qui
422 2023 439 2062 e
467 2003 593 2062 mortuis
619 2003 765 2061 mat-ribus
793 2003 903 2061 exsecti
933 2006 1033 2074 arant,
1068 2003 1211 2080 Seruius,

236 2087 314 2162 quod
338 2085 456 2147 mortua
479 2093 574 2146 matra
596 2087 628 2144 in
650 2092 735 2146 utero
758 2089 893 2147 seruatus
912 2092 967 2158 est,
992 2087 1095 2162 Spurii
1117 2098 1211 2166 patre

235 2174 349 2230 incerto
375 2173 470 2248 geniti
497 2171 580 2248 quasi
609 2166 772 2248 σποράδην.
816 2171 968 2231 Numeriis
996 2173 1059 2231 sola
1080 2177 1210 2237 tantum

235 2255 323 2315 modo
346 2257 473 2331 patricia
495 2256 608 2316 familie
631 2275 685 2315 usa
706 2258 752 2314 est
773 2256 881 2327 Fabio,
908 2256 1016 2316 idcirco
1038 2259 1120 2333 quod
1147 2265 1209 2322 tre-

236 2340 328 2399 centis
356 2359 407 2400 ser
429 2342 509 2416 apud
531 2340 700 2400 'Cremeram
722 2340 831 2397 flumen
854 2342 959 2410 caesis,
987 2341 1038 2416 qui
1066 2361 1147 2403 unus
1172 2359 1241 2406 extr

302 2524 317 2573 6
335 2519 458 2588 Nasum]
478 2520 651 2640 naeuumpl
672 2517 696 2572 G
712 2519 823 2586 priores
841 2519 911 2582 edd,
931 2518 950 2574 C
968 2521 1026 2575 eod.
1042 2522 1052 2588 1
1070 2528 1103 2575 10
1122 2524 1207 2580 effer-

234 2588 281 2641 tur
300 2587 409 2653 Gener,
428 2591 458 2641 et
474 2587 564 2639 fertur
576 2602 605 2640 co
627 2626 645 2646 .‚
665 2587 788 2639 ecfertur
799 2586 887 2641 Halm
899 2588 909 2655 1
922 2587 1022 2656 forgiis
1033 2591 1208 2650 Perizonius

233 2655 337 2720 Halm;
355 2660 385 2708 at
404 2655 547 2709 dicebatur
564 2655 629 2707 olim
646 2652 751 2716 feretis,
769 2668 826 2706 aere
843 2653 950 2724 forgiis.
970 2657 1092 2731 cfl'Fest.
1112 2676 1141 2712 ee.
1161 2678 1206 2715 sa·

232 2725 313 2776 natea
327 2726 430 2790 pres,
442 2727 477 2776 15
494 2721 545 2786 M,
570 2721 656 2776 Paul.
677 2720 760 2774 Diae.
778 2735 805 2788 p.
817 2723 860 2786 84,
870 2725 898 2786 8,
924 2723 1058 2789 Veniret,
1075 2724 1204 2796 Etymol.
1264 2787 1265 2792 ,

237 2790 372 2844 Wo'rterb.
392 2793 502 2856 12132.
539 2793 707 2858 quapropter
729 2788 839 2842 dabitat
861 2805 900 2842 are
922 2791 971 2845 hoc
992 2793 1146 2860 exemplum
1176 2801 1207 2850 et

232 2857 345 2926 forgtie,
374 2873 431 2910 non
457 2857 537 2910 fortis
564 2857 702 2910 adiectum
727 2856 764 2908 ael
791 2856 826 2909 ab
852 2857 1050 2925 interpolatore
1096 2862 1204 2918 codam

234 2925 341 2979 Gertz*
364 2925 373 2993 11
400 2931 431 2977 12
449 2925 503 2978 le'tt.
523 2925 669 2978 abatur-
682 2922 726 2991 syl
743 2924 776 2976 e're
792 2939 857 2985 raa,
877 2925 925 2978 aed
940 2932 1004 2984 m.1
1027 2928 1038 2996 11
1062 2926 1082 2982 O
1130 2931 1201 2992 cod..

233 2991 284 3045 GN
301 2992 365 3045 Mai
378 2994 388 3059 1
403 2999 433 3045 13
452 2994 627 3060 correptione
646 2991 715 3054 cod,
734 2991 914 3058 corruptione
926 2993 1022 3060 Helm,
1038 2993 1105 3060 fort.
1120 3013 1151 3051 as
1176 3015 1203 3052 e·

232 3059 341 3113 ratione
356 3059 479 3126 Gerteill
495 3065 525 3112 14
543 3059 661 3112 lenitate
681 3058 787 3123 Gener,
806 3058 924 3113 leuitate
942 3062 1124 3132 coel.Holml
1164 3067 1203 3120 sii

230 3127 309 3191 Mai,
337 3126 385 3180 CN
403 3127 461 3182 cod.
486 3130 496 3195 11
523 3132 553 3180 15
574 3126 650 3195 quod
675 3127 699 3178 ia
722 3125 871 3178 auantibus
894 3133 957 3182 m.1
975 3135 1002 3184 et
1020 3130 1121 3184 Gertz*
1139 3135 1203 3190 coll.
1263 3193 1264 3198 ¹

225 3193 1204 3337 sttcallirileirretiti*qltlltlltllt’li

231 3327 306 3378 mine
325 3264 388 3379 bro
413 3329 459 3381 uel
480 3328 593 3382 nomine
616 3330 700 3381 titulo
720 3327 787 3380 colei.
805 3305 985 3396 Perizonius,
1012 3332 1132 3388 alterum
1149 3336 1200 3390 lcoc

229 3408 326 3444 ueram
343 3392 403 3446 oid.
422 3395 456 3458 cf.
476 3396 562 3448 Paul.
575 3395 658 3452 De’ac.
673 3410 702 3462 p.
713 3397 766 3447 366
777 3394 818 3446 M.
831 3395 841 3462 1
854 3401 885 3449 21
904 3399 981 3465 quod
999 3402 1111 3454 mortua
1129 3404 1199 3470 eod,

229 3471 267 3506 are
279 3459 329 3521 qui
342 3459 620 3516 demortuaroerrz·
633 3464 642 3530 11
656 3467 687 3515 23
706 3479 834 3514 cnornnn
852 3465 921 3529 cod,
940 3471 1066 3520 erronea
1078 3473 1198 3530 (==erte·

229 3518 334 3588 ράδην)
356 3523 464 3591 carcar,
483 3524 637 3595 σποράδιοι
655 3529 743 3582 Halm
755 3531 764 3596 11
777 3531 897 3584 numerii
915 3532 981 3599 coel,
1002 3551 1050 3589 em.
1068 3537 1201 3592 Perieorr.
