<?xml version="1.0" encoding="UTF-8"?>
<!DOCTYPE html PUBLIC "-//W3C//DTD XHTML 1.0 Transitional//EN"
    "http://www.w3.org/TR/xhtml1/DTD/xhtml1-transitional.dtd">
<html xmlns="http://www.w3.org/1999/xhtml" xml:lang="en" lang="en">
 <head>
  <title>
</title>
<meta http-equiv="Content-Type" content="text/html;charset=utf-8" />
  <meta name='ocr-system' content='tesseract 3.04.00' />
  <meta name='ocr-capabilities' content='ocr_page ocr_carea ocr_par ocr_line ocrx_word'/>
</head>
<body>
  <div class='ocr_page' id='page_1' title='image "./valeriimaximifa00nepogoog_0207.png"; bbox 0 0 2604 3960; ppageno 0'>
   <div class='ocr_carea' id='block_1_1' title="bbox 206 205 754 274">
    <p class='ocr_par' dir='ltr' id='par_1_1' title="bbox 206 205 754 274">
     <span class='ocr_line' id='line_1_1' title="bbox 206 205 754 274; baseline 0.002 -17"><span class='ocrx_word' id='word_1_1' title='bbox 206 210 267 274; x_wconf 85' lang='lat'>166</span> <span class='ocrx_word' id='word_1_2' title='bbox 608 205 675 263; x_wconf 80' lang='lat' dir='ltr'>ma,</span> <span class='ocrx_word' id='word_1_3' title='bbox 692 205 754 258; x_wconf 86' lang='lat'>1111.</span> 
     </span>
    </p>
   </div>
   <div class='ocr_carea' id='block_1_2' title="bbox 199 357 1176 624">
    <p class='ocr_par' dir='ltr' id='par_1_2' title="bbox 199 357 1176 624">
     <span class='ocr_line' id='line_1_2' title="bbox 200 357 1174 444; baseline -0.002 -21"><span class='ocrx_word' id='word_1_4' title='bbox 200 381 264 444; x_wconf 89' lang='lat' dir='ltr'>que</span> <span class='ocrx_word' id='word_1_5' title='bbox 290 359 404 424; x_wconf 87' lang='lat' dir='ltr'>ideoa</span> <span class='ocrx_word' id='word_1_6' title='bbox 431 357 560 423; x_wconf 88' lang='lat' dir='ltr'>consule</span> <span class='ocrx_word' id='word_1_7' title='bbox 589 358 623 420; x_wconf 92' lang='lat' dir='ltr'>in</span> <span class='ocrx_word' id='word_1_8' title='bbox 650 357 781 422; x_wconf 89' lang='lat' dir='ltr'>uincula</span> <span class='ocrx_word' id='word_1_9' title='bbox 808 357 939 441; x_wconf 85' lang='lat' dir='ltr'>publica</span> <span class='ocrx_word' id='word_1_10' title='bbox 965 357 1039 422; x_wconf 90' lang='lat' dir='ltr'>duci</span> <span class='ocrx_word' id='word_1_11' title='bbox 1067 357 1174 421; x_wconf 87' lang='lat' dir='ltr'>iussus</span> 
     </span>
     <span class='ocr_line' id='line_1_3' title="bbox 203 442 1176 528; baseline -0.002 -20"><span class='ocrx_word' id='word_1_12' title='bbox 203 448 289 508; x_wconf 87' lang='lat' dir='ltr'>essct</span> <span class='ocrx_word' id='word_1_13' title='bbox 303 444 556 528; x_wconf 71' lang='lat' dir='ltr'>appellassetque</span> <span class='ocrx_word' id='word_1_14' title='bbox 572 443 744 526; x_wconf 85' lang='lat' dir='ltr'>collegium</span> <span class='ocrx_word' id='word_1_15' title='bbox 766 443 983 526; x_wconf 85' lang='lat' dir='ltr'>tribunorum,</span> <span class='ocrx_word' id='word_1_16' title='bbox 1004 442 1095 506; x_wconf 92' lang='lat' dir='ltr'>nullo</span> <span class='ocrx_word' id='word_1_17' title='bbox 1116 464 1176 506; x_wconf 91' lang='lat' dir='ltr'>uo·</span> 
     </span>
     <span class='ocr_line' id='line_1_4' title="bbox 199 526 1174 624; baseline 0 -32"><span class='ocrx_word' id='word_1_18' title='bbox 199 529 290 593; x_wconf 89' lang='lat' dir='ltr'>lente</span> <span class='ocrx_word' id='word_1_19' title='bbox 322 527 521 593; x_wconf 80' lang='lat' dir='ltr'>intercedere</span> <span class='ocrx_word' id='word_1_20' title='bbox 558 528 691 592; x_wconf 88' lang='lat' dir='ltr'>secessit</span> <span class='ocrx_word' id='word_1_21' title='bbox 725 549 745 591; x_wconf 89' lang='lat' dir='ltr'>a</span> <span class='ocrx_word' id='word_1_22' title='bbox 778 527 929 624; x_wconf 41' lang='lat' dir='ltr'>collegis·</span> <span class='ocrx_word' id='word_1_23' title='bbox 943 526 1174 611; x_wconf 86' lang='lat' dir='ltr'>decretumque</span> 
     </span>
    </p>
   </div>
   <div class='ocr_carea' id='block_1_3' title="bbox 201 611 1285 698">
    <p class='ocr_par' dir='ltr' id='par_1_3' title="bbox 201 611 1285 698">
     <span class='ocr_line' id='line_1_5' title="bbox 201 611 1285 698; baseline -0.004 -21"><span class='ocrx_word' id='word_1_24' title='bbox 201 615 380 696; x_wconf 81' lang='lat' dir='ltr'>conposuit</span> <span class='ocrx_word' id='word_1_25' title='bbox 420 635 481 678; x_wconf 89' lang='lat' dir='ltr'>nec</span> <span class='ocrx_word' id='word_1_26' title='bbox 502 615 673 698; x_wconf 82' lang='lat' dir='ltr'>quisquam</span> <span class='ocrx_word' id='word_1_27' title='bbox 693 611 855 677; x_wconf 84' lang='lat' dir='ltr'>dubitauit</span> <span class='ocrx_word' id='word_1_28' title='bbox 875 633 956 695; x_wconf 87' lang='lat' dir='ltr'>qum</span> <span class='ocrx_word' id='word_1_29' title='bbox 977 613 1014 676; x_wconf 92' lang='lat' dir='ltr'>in</span> <span class='ocrx_word' id='word_1_30' title='bbox 1035 633 1073 676; x_wconf 88' lang='lat' dir='ltr'>eo</span> <span class='ocrx_word' id='word_1_31' title='bbox 1096 612 1176 676; x_wconf 90' lang='lat' dir='ltr'>sori·</span> <span class='ocrx_word' id='word_1_32' title='bbox 1284 626 1285 643; x_wconf 64' lang='lat'>¹</span> 
     </span>
    </p>
   </div>
   <div class='ocr_carea' id='block_1_4' title="bbox 174 696 1176 866">
    <p class='ocr_par' dir='ltr' id='par_1_4' title="bbox 174 696 1176 866">
     <span class='ocr_line' id='line_1_6' title="bbox 174 696 1175 763; baseline 0.002 -3"><span class='ocrx_word' id='word_1_33' title='bbox 174 698 308 762; x_wconf 77' lang='lat' dir='ltr'>abendo</span> <span class='ocrx_word' id='word_1_34' title='bbox 329 699 378 762; x_wconf 89' lang='lat' dir='ltr'>ira</span> <span class='ocrx_word' id='word_1_35' title='bbox 398 699 509 763; x_wconf 87' lang='lat' dir='ltr'>tinctis</span> <span class='ocrx_word' id='word_1_36' title='bbox 537 697 690 762; x_wconf 77' lang='lat' dir='ltr'>adactam</span> <span class='ocrx_word' id='word_1_37' title='bbox 711 697 891 761; x_wconf 84' lang='lat' dir='ltr'>Asiaticum</span> <span class='ocrx_word' id='word_1_38' title='bbox 919 696 1028 760; x_wconf 88' lang='lat' dir='ltr'>uerbis</span> <span class='ocrx_word' id='word_1_39' title='bbox 1055 717 1175 762; x_wconf 87' lang='lat' dir='ltr'>usurus</span> 
     </span>
     <span class='ocr_line' id='line_1_7' title="bbox 203 781 1176 866; baseline 0 -20"><span class='ocrx_word' id='word_1_40' title='bbox 203 787 296 847; x_wconf 81' lang='lat' dir='ltr'>esset</span> <span class='ocrx_word' id='word_1_41' title='bbox 339 787 376 846; x_wconf 89' lang='lat' dir='ltr'>at</span> <span class='ocrx_word' id='word_1_42' title='bbox 396 783 424 846; x_wconf 84' lang='lat' dir='ltr'>ia</span> <span class='ocrx_word' id='word_1_43' title='bbox 445 784 586 866; x_wconf 88' lang='lat' dir='ltr'>primum</span> <span class='ocrx_word' id='word_1_44' title='bbox 607 781 728 846; x_wconf 89' lang='lat' dir='ltr'>iurauit</span> <span class='ocrx_word' id='word_1_45' title='bbox 749 802 784 844; x_wconf 86' lang='lat' dir='ltr'>se</span> <span class='ocrx_word' id='word_1_46' title='bbox 809 801 882 845; x_wconf 86' lang='lat' dir='ltr'>cunr</span> <span class='ocrx_word' id='word_1_47' title='bbox 904 781 1109 864; x_wconf 83' lang='lat' dir='ltr'><strong>Scipionibus</strong></span> <span class='ocrx_word' id='word_1_48' title='bbox 1137 781 1176 846; x_wconf 93' lang='lat' dir='ltr'>in</span> 
     </span>
    </p>
   </div>
   <div class='ocr_carea' id='block_1_5' title="bbox 201 865 1286 1036">
    <p class='ocr_par' dir='ltr' id='par_1_5' title="bbox 201 865 1286 1036">
     <span class='ocr_line' id='line_1_8' title="bbox 201 865 1286 951; baseline 0.004 -21"><span class='ocrx_word' id='word_1_49' title='bbox 201 868 342 951; x_wconf 84' lang='lat' dir='ltr'>gratiam</span> <span class='ocrx_word' id='word_1_50' title='bbox 364 888 431 931; x_wconf 92' lang='lat' dir='ltr'>non</span> <span class='ocrx_word' id='word_1_51' title='bbox 449 868 579 948; x_wconf 79' lang='lat' dir='ltr'>redisse,</span> <span class='ocrx_word' id='word_1_52' title='bbox 602 865 717 931; x_wconf 87' lang='lat' dir='ltr'>deinde</span> <span class='ocrx_word' id='word_1_53' title='bbox 737 865 804 929; x_wconf 85' lang='lat' dir='ltr'>tale</span> <span class='ocrx_word' id='word_1_54' title='bbox 818 865 982 930; x_wconf 88' lang='lat' dir='ltr'>decretum</span> <span class='ocrx_word' id='word_1_55' title='bbox 1003 866 1175 934; x_wconf 86' lang='lat' dir='ltr'>recitauit:</span> <span class='ocrx_word' id='word_1_56' title='bbox 1285 901 1286 922; x_wconf 39' lang='grc' dir='ltr'><strong>κ</strong></span> 
     </span>
     <span class='ocr_line' id='line_1_9' title="bbox 201 950 1286 1036; baseline 0.003 -22"><span class='ocrx_word' id='word_1_57' title='bbox 201 973 274 1015; x_wconf 91' lang='lat' dir='ltr'>cum</span> <span class='ocrx_word' id='word_1_58' title='bbox 288 951 326 1016; x_wconf 87' lang='lat' dir='ltr'>L.</span> <span class='ocrx_word' id='word_1_59' title='bbox 345 950 513 1016; x_wconf 87' lang='lat' dir='ltr'>Cornelius</span> <span class='ocrx_word' id='word_1_60' title='bbox 531 950 639 1035; x_wconf 84' lang='lat' dir='ltr'><strong>Scipio</strong></span> <span class='ocrx_word' id='word_1_61' title='bbox 661 951 713 1015; x_wconf 91' lang='lat' dir='ltr'>die</span> <span class='ocrx_word' id='word_1_62' title='bbox 733 951 890 1035; x_wconf 85' lang='lat' dir='ltr'>triumphi</span> <span class='ocrx_word' id='word_1_63' title='bbox 917 953 968 1014; x_wconf 90' lang='lat' dir='ltr'>sui</span> <span class='ocrx_word' id='word_1_64' title='bbox 995 955 1073 1015; x_wconf 85' lang='lat' dir='ltr'>ante</span> <span class='ocrx_word' id='word_1_65' title='bbox 1101 972 1175 1016; x_wconf 90' lang='lat' dir='ltr'>cur·</span> <span class='ocrx_word' id='word_1_66' title='bbox 1285 1001 1286 1036; x_wconf 47' lang='lat'>3</span> 
     </span>
    </p>
   </div>
   <div class='ocr_carea' id='block_1_6' title="bbox 163 1035 1176 1289">
    <p class='ocr_par' dir='ltr' id='par_1_6' title="bbox 163 1035 1176 1289">
     <span class='ocr_line' id='line_1_10' title="bbox 201 1035 1176 1116; baseline 0.003 -18"><span class='ocrx_word' id='word_1_67' title='bbox 201 1057 273 1099; x_wconf 87' lang='lat' dir='ltr'>rum</span> <span class='ocrx_word' id='word_1_68' title='bbox 295 1039 384 1100; x_wconf 85' lang='lat' dir='ltr'>actos</span> <span class='ocrx_word' id='word_1_69' title='bbox 404 1036 549 1100; x_wconf 86' lang='lat' dir='ltr'>hostium</span> <span class='ocrx_word' id='word_1_70' title='bbox 571 1037 666 1100; x_wconf 88' lang='lat' dir='ltr'>duces</span> <span class='ocrx_word' id='word_1_71' title='bbox 686 1037 723 1099; x_wconf 91' lang='lat' dir='ltr'>in</span> <span class='ocrx_word' id='word_1_72' title='bbox 737 1055 898 1100; x_wconf 79' lang='lat' dir='ltr'>carcerem</span> <span class='ocrx_word' id='word_1_73' title='bbox 913 1035 1103 1116; x_wconf 89' lang='lat' dir='ltr'>coniecerit,</span> <span class='ocrx_word' id='word_1_74' title='bbox 1126 1037 1176 1101; x_wconf 91' lang='lat' dir='ltr'>in-</span> 
     </span>
     <span class='ocr_line' id='line_1_11' title="bbox 163 1119 1176 1204; baseline 0.004 -23"><span class='ocrx_word' id='word_1_75' title='bbox 163 1143 188 1181; x_wconf 85' lang='grc' dir='ltr'>ιο</span> <span class='ocrx_word' id='word_1_76' title='bbox 202 1120 337 1202; x_wconf 82' lang='lat' dir='ltr'>dignum</span> <span class='ocrx_word' id='word_1_77' title='bbox 370 1122 403 1182; x_wconf 89' lang='lat' dir='ltr'>et</span> <span class='ocrx_word' id='word_1_78' title='bbox 430 1119 572 1184; x_wconf 91' lang='lat' dir='ltr'>alienum</span> <span class='ocrx_word' id='word_1_79' title='bbox 598 1121 767 1185; x_wconf 88' lang='lat' dir='ltr'>maiestate</span> <span class='ocrx_word' id='word_1_80' title='bbox 798 1120 848 1184; x_wconf 90' lang='lat' dir='ltr'>rei</span> <span class='ocrx_word' id='word_1_81' title='bbox 878 1121 1028 1204; x_wconf 87' lang='lat' dir='ltr'>publicae</span> <span class='ocrx_word' id='word_1_82' title='bbox 1056 1120 1176 1202; x_wconf 84' lang='lat' dir='ltr'>uideri,</span> 
     </span>
     <span class='ocr_line' id='line_1_12' title="bbox 201 1203 1172 1289; baseline 0.004 -23"><span class='ocrx_word' id='word_1_83' title='bbox 201 1204 312 1267; x_wconf 91' lang='lat' dir='ltr'>eodem</span> <span class='ocrx_word' id='word_1_84' title='bbox 344 1203 451 1287; x_wconf 86' lang='lat' dir='ltr'>ipsum</span> <span class='ocrx_word' id='word_1_85' title='bbox 478 1205 567 1269; x_wconf 91' lang='lat' dir='ltr'>duci:</span> <span class='ocrx_word' id='word_1_86' title='bbox 599 1205 707 1288; x_wconf 79' lang='lat' dir='ltr'>itaque</span> <span class='ocrx_word' id='word_1_87' title='bbox 734 1205 769 1269; x_wconf 93' lang='lat' dir='ltr'>id</span> <span class='ocrx_word' id='word_1_88' title='bbox 796 1226 862 1269; x_wconf 92' lang='lat' dir='ltr'>non</span> <span class='ocrx_word' id='word_1_89' title='bbox 889 1226 1057 1289; x_wconf 84' lang='lat' dir='ltr'>passurum</span> <span class='ocrx_word' id='word_1_90' title='bbox 1089 1206 1172 1270; x_wconf 88' lang='lat' dir='ltr'>ficri.</span> 
     </span>
    </p>
   </div>
   <div class='ocr_carea' id='block_1_7' title="bbox 200 1288 1287 1378">
    <p class='ocr_par' dir='ltr' id='par_1_7' title="bbox 200 1288 1287 1378">
     <span class='ocr_line' id='line_1_13' title="bbox 200 1288 1287 1378; baseline 0.006 -28"><span class='ocrx_word' id='word_1_91' title='bbox 200 1288 340 1351; x_wconf 78' lang='lat' dir='ltr'>libenter</span> <span class='ocrx_word' id='word_1_92' title='bbox 361 1294 440 1352; x_wconf 90' lang='lat' dir='ltr'>tunc</span> <span class='ocrx_word' id='word_1_93' title='bbox 462 1290 648 1372; x_wconf 88' lang='lat' dir='ltr'>opinionem</span> <span class='ocrx_word' id='word_1_94' title='bbox 675 1311 768 1354; x_wconf 89' lang='lat' dir='ltr'>suam</span> <span class='ocrx_word' id='word_1_95' title='bbox 795 1291 934 1373; x_wconf 90' lang='lat' dir='ltr'>populus</span> <span class='ocrx_word' id='word_1_96' title='bbox 956 1289 1123 1354; x_wconf 88' lang='lat' dir='ltr'>Romanus</span> <span class='ocrx_word' id='word_1_97' title='bbox 1152 1312 1174 1355; x_wconf 88' lang='lat' dir='ltr'>a</span> <span class='ocrx_word' id='word_1_98' title='bbox 1286 1361 1287 1378; x_wconf 13' lang='grc' dir='ltr'>χ</span> 
     </span>
    </p>
   </div>
   <div class='ocr_carea' id='block_1_8' title="bbox 155 1371 1173 1543">
    <p class='ocr_par' dir='ltr' id='par_1_8' title="bbox 155 1371 1173 1543">
     <span class='ocr_line' id='line_1_14' title="bbox 201 1371 1173 1459; baseline 0.005 -24"><span class='ocrx_word' id='word_1_99' title='bbox 201 1371 349 1437; x_wconf 82' lang='lat' dir='ltr'>Graccho</span> <span class='ocrx_word' id='word_1_100' title='bbox 378 1374 545 1457; x_wconf 85' lang='lat' dir='ltr'>deceptam</span> <span class='ocrx_word' id='word_1_101' title='bbox 574 1377 729 1458; x_wconf 83' lang='lat' dir='ltr'>cognouit</span> <span class='ocrx_word' id='word_1_102' title='bbox 754 1373 1073 1459; x_wconf 80' lang='lat' dir='ltr'>moderationemque</span> <span class='ocrx_word' id='word_1_103' title='bbox 1101 1375 1173 1440; x_wconf 89' lang='lat' dir='ltr'>eius</span> 
     </span>
     <span class='ocr_line' id='line_1_15' title="bbox 155 1457 722 1543; baseline 0.016 -25"><span class='ocrx_word' id='word_1_104' title='bbox 155 1509 159 1518; x_wconf 93' lang='lat'>.</span> <span class='ocrx_word' id='word_1_105' title='bbox 203 1457 312 1522; x_wconf 90' lang='lat' dir='ltr'>debita</span> <span class='ocrx_word' id='word_1_106' title='bbox 333 1458 431 1522; x_wconf 88' lang='lat' dir='ltr'>laude</span> <span class='ocrx_word' id='word_1_107' title='bbox 451 1463 641 1543; x_wconf 85' lang='lat' dir='ltr'>prosecutus</span> <span class='ocrx_word' id='word_1_108' title='bbox 664 1465 722 1528; x_wconf 84' lang='lat' dir='ltr'>cst.</span> 
     </span>
    </p>
   </div>
   <div class='ocr_carea' id='block_1_9' title="bbox 165 1558 1288 2154">
    <p class='ocr_par' dir='ltr' id='par_1_9' title="bbox 165 1558 1288 2154">
     <span class='ocr_line' id='line_1_16' title="bbox 165 1558 1174 1645; baseline 0.005 -24"><span class='ocrx_word' id='word_1_109' title='bbox 165 1579 191 1621; x_wconf 77' lang='lat' dir='ltr'>aa</span> <span class='ocrx_word' id='word_1_110' title='bbox 267 1559 297 1623; x_wconf 86' lang='lat'>9.</span> <span class='ocrx_word' id='word_1_111' title='bbox 321 1558 357 1626; x_wconf 85' lang='lat' dir='ltr'>O.</span> <span class='ocrx_word' id='word_1_112' title='bbox 379 1581 506 1644; x_wconf 89' lang='lat' dir='ltr'>quoque</span> <span class='ocrx_word' id='word_1_113' title='bbox 528 1559 680 1626; x_wconf 77' lang='lat' dir='ltr'>Claudius</span> <span class='ocrx_word' id='word_1_114' title='bbox 702 1559 790 1625; x_wconf 91' lang='lat' dir='ltr'>Nero</span> <span class='ocrx_word' id='word_1_115' title='bbox 811 1559 897 1624; x_wconf 87' lang='lat' dir='ltr'>inter</span> <span class='ocrx_word' id='word_1_116' title='bbox 919 1563 1026 1624; x_wconf 88' lang='lat' dir='ltr'>cetera</span> <span class='ocrx_word' id='word_1_117' title='bbox 1048 1563 1174 1645; x_wconf 88' lang='lat' dir='ltr'>praeci·</span> 
     </span>
     <span class='ocr_line' id='line_1_17' title="bbox 226 1635 1288 1730; baseline 0.003 -22"><span class='ocrx_word' id='word_1_118' title='bbox 226 1665 286 1708; x_wconf 89' lang='lat' dir='ltr'>uae</span> <span class='ocrx_word' id='word_1_119' title='bbox 313 1645 542 1710; x_wconf 85' lang='lat' dir='ltr'>moderationis</span> <span class='ocrx_word' id='word_1_120' title='bbox 571 1645 717 1730; x_wconf 86' lang='lat' dir='ltr'>exempla</span> <span class='ocrx_word' id='word_1_121' title='bbox 749 1644 968 1709; x_wconf 88' lang='lat' dir='ltr'>numerandus</span> <span class='ocrx_word' id='word_1_122' title='bbox 996 1651 1054 1710; x_wconf 89' lang='lat' dir='ltr'>est.</span> <span class='ocrx_word' id='word_1_123' title='bbox 1100 1645 1176 1712; x_wconf 89' lang='lat' dir='ltr'>Liui</span> <span class='ocrx_word' id='word_1_124' title='bbox 1287 1635 1288 1664; x_wconf 59' lang='lat'>¹</span> 
     </span>
     <span class='ocr_line' id='line_1_18' title="bbox 202 1665 1176 1815; baseline 0.004 -23"><span class='ocrx_word' id='word_1_125' title='bbox 202 1665 394 1794; x_wconf 60' lang='lat' dir='ltr'>dalinatoris</span> <span class='ocrx_word' id='word_1_126' title='bbox 416 1731 452 1793; x_wconf 94' lang='lat' dir='ltr'>in</span> <span class='ocrx_word' id='word_1_127' title='bbox 470 1729 672 1794; x_wconf 86' lang='lat' dir='ltr'>Hasdrubale</span> <span class='ocrx_word' id='word_1_128' title='bbox 695 1728 906 1814; x_wconf 86' lang='lat' dir='ltr'>opprimendo</span> <span class='ocrx_word' id='word_1_129' title='bbox 929 1729 1053 1815; x_wconf 85' lang='lat' dir='ltr'>gloriae</span> <span class='ocrx_word' id='word_1_130' title='bbox 1075 1732 1176 1814; x_wconf 85' lang='lat' dir='ltr'>parti·</span> 
     </span>
     <span class='ocr_line' id='line_1_19' title="bbox 205 1814 1176 1900; baseline 0.004 -23"><span class='ocrx_word' id='word_1_131' title='bbox 205 1833 278 1896; x_wconf 89' lang='lat' dir='ltr'>ceps</span> <span class='ocrx_word' id='word_1_132' title='bbox 300 1815 415 1878; x_wconf 83' lang='lat' dir='ltr'>fuerat</span> <span class='ocrx_word' id='word_1_133' title='bbox 459 1820 664 1878; x_wconf 84' lang='lat' dir='ltr'>tamencum</span> <span class='ocrx_word' id='word_1_134' title='bbox 687 1814 943 1897; x_wconf 84' lang='lat' dir='ltr'>triumphantem</span> <span class='ocrx_word' id='word_1_135' title='bbox 971 1837 1054 1898; x_wconf 90' lang='lat' dir='ltr'>equo</span> <span class='ocrx_word' id='word_1_136' title='bbox 1081 1817 1176 1900; x_wconf 84' lang='lat' dir='ltr'>acqui</span> 
     </span>
     <span class='ocr_line' id='line_1_20' title="bbox 204 1897 1174 1985; baseline 0.005 -25"><span class='ocrx_word' id='word_1_137' title='bbox 204 1918 300 1980; x_wconf 88' lang='lat' dir='ltr'>quam</span> <span class='ocrx_word' id='word_1_138' title='bbox 321 1897 504 1985; x_wconf 88' lang='lat' dir='ltr'>triumpho,</span> <span class='ocrx_word' id='word_1_139' title='bbox 528 1921 623 1984; x_wconf 90' lang='lat' dir='ltr'>quem</span> <span class='ocrx_word' id='word_1_140' title='bbox 646 1903 778 1964; x_wconf 88' lang='lat' dir='ltr'>senatus</span> <span class='ocrx_word' id='word_1_141' title='bbox 801 1899 830 1963; x_wconf 89' lang='lat' dir='ltr'>ei</span> <span class='ocrx_word' id='word_1_142' title='bbox 852 1920 955 1982; x_wconf 90' lang='lat' dir='ltr'>acque</span> <span class='ocrx_word' id='word_1_143' title='bbox 976 1900 1174 1983; x_wconf 86' lang='lat' dir='ltr'>decreuerat,</span> 
     </span>
     <span class='ocr_line' id='line_1_21' title="bbox 165 1981 1176 2071; baseline 0.008 -28"><span class='ocrx_word' id='word_1_144' title='bbox 165 2003 192 2044; x_wconf 81' lang='lat' dir='ltr'>ao</span> <span class='ocrx_word' id='word_1_145' title='bbox 205 1982 251 2044; x_wconf 91' lang='lat' dir='ltr'>uti</span> <span class='ocrx_word' id='word_1_146' title='bbox 275 1982 405 2067; x_wconf 86' lang='lat' dir='ltr'>maluit,</span> <span class='ocrx_word' id='word_1_147' title='bbox 435 1985 512 2068; x_wconf 90' lang='lat' dir='ltr'>quia</span> <span class='ocrx_word' id='word_1_148' title='bbox 533 2006 583 2049; x_wconf 84' lang='lat' dir='ltr'>res</span> <span class='ocrx_word' id='word_1_149' title='bbox 611 1985 646 2048; x_wconf 90' lang='lat' dir='ltr'>in</span> <span class='ocrx_word' id='word_1_150' title='bbox 673 1983 841 2068; x_wconf 88' lang='lat' dir='ltr'>prouincia</span> <span class='ocrx_word' id='word_1_151' title='bbox 863 1981 1053 2049; x_wconf 85' lang='lat' dir='ltr'>Salinatoris</span> <span class='ocrx_word' id='word_1_152' title='bbox 1079 1989 1176 2071; x_wconf 84' lang='lat' dir='ltr'>gesta</span> 
     </span>
     <span class='ocr_line' id='line_1_22' title="bbox 203 2068 1175 2154; baseline 0.007 -27"><span class='ocrx_word' id='word_1_153' title='bbox 203 2070 280 2133; x_wconf 90' lang='lat' dir='ltr'>erat.</span> <span class='ocrx_word' id='word_1_154' title='bbox 325 2070 423 2151; x_wconf 86' lang='lat' dir='ltr'>atque</span> <span class='ocrx_word' id='word_1_155' title='bbox 445 2071 492 2133; x_wconf 89' lang='lat' dir='ltr'>ita</span> <span class='ocrx_word' id='word_1_156' title='bbox 513 2070 582 2133; x_wconf 87' lang='lat' dir='ltr'>sine</span> <span class='ocrx_word' id='word_1_157' title='bbox 605 2090 700 2133; x_wconf 85' lang='lat' dir='ltr'>curru</span> <span class='ocrx_word' id='word_1_158' title='bbox 722 2068 953 2153; x_wconf 88' lang='lat' dir='ltr'>triumphauit,</span> <span class='ocrx_word' id='word_1_159' title='bbox 983 2071 1175 2154; x_wconf 88' lang='lat' dir='ltr'>ecquidem</span> 
     </span>
    </p>
   </div>
   <div class='ocr_carea' id='block_1_10' title="bbox 202 2149 1290 2239">
    <p class='ocr_par' dir='ltr' id='par_1_10' title="bbox 202 2149 1290 2239">
     <span class='ocr_line' id='line_1_23' title="bbox 202 2149 1290 2239; baseline 0.006 -25"><span class='ocrx_word' id='word_1_160' title='bbox 202 2149 329 2230; x_wconf 86' lang='lat' dir='ltr'>clarius,</span> <span class='ocrx_word' id='word_1_161' title='bbox 353 2153 438 2235; x_wconf 91' lang='lat' dir='ltr'>quod</span> <span class='ocrx_word' id='word_1_162' title='bbox 459 2153 545 2217; x_wconf 87' lang='lat' dir='ltr'>illius</span> <span class='ocrx_word' id='word_1_163' title='bbox 567 2154 704 2218; x_wconf 89' lang='lat' dir='ltr'>uictoria</span> <span class='ocrx_word' id='word_1_164' title='bbox 720 2152 944 2218; x_wconf 87' lang='lat' dir='ltr'>tantummodo</span> <span class='ocrx_word' id='word_1_165' title='bbox 968 2153 1172 2239; x_wconf 86' lang='lat' dir='ltr'>laudabatur,</span> <span class='ocrx_word' id='word_1_166' title='bbox 1289 2151 1290 2158; x_wconf 58' lang='lat'><em>&#39;</em></span> 
     </span>
    </p>
   </div>
   <div class='ocr_carea' id='block_1_11' title="bbox 202 2233 627 2303">
    <p class='ocr_par' dir='ltr' id='par_1_11' title="bbox 202 2233 627 2303">
     <span class='ocr_line' id='line_1_24' title="bbox 202 2233 627 2303; baseline 0.014 -6"><span class='ocrx_word' id='word_1_167' title='bbox 202 2233 297 2299; x_wconf 88' lang='lat' dir='ltr'>huius</span> <span class='ocrx_word' id='word_1_168' title='bbox 320 2236 417 2300; x_wconf 88' lang='lat' dir='ltr'>etiam</span> <span class='ocrx_word' id='word_1_169' title='bbox 439 2238 627 2303; x_wconf 90' lang='lat' dir='ltr'>moderatio.</span> 
     </span>
    </p>
   </div>
   <div class='ocr_carea' id='block_1_12' title="bbox 164 2335 1175 2592">
    <p class='ocr_par' dir='ltr' id='par_1_12' title="bbox 164 2335 1175 2592">
     <span class='ocr_line' id='line_1_25' title="bbox 269 2335 1175 2424; baseline 0.007 -25"><span class='ocrx_word' id='word_1_170' title='bbox 269 2336 319 2400; x_wconf 92' lang='lat'>10.</span> <span class='ocrx_word' id='word_1_171' title='bbox 341 2335 392 2400; x_wconf 92' lang='lat' dir='ltr'>Ne</span> <span class='ocrx_word' id='word_1_172' title='bbox 410 2339 579 2404; x_wconf 82' lang='lat' dir='ltr'>Africanus</span> <span class='ocrx_word' id='word_1_173' title='bbox 594 2340 722 2424; x_wconf 89' lang='lat' dir='ltr'>quidem</span> <span class='ocrx_word' id='word_1_174' title='bbox 742 2339 901 2424; x_wconf 88' lang='lat' dir='ltr'>posterior</span> <span class='ocrx_word' id='word_1_175' title='bbox 922 2360 983 2405; x_wconf 86' lang='lat' dir='ltr'>noa</span> <span class='ocrx_word' id='word_1_176' title='bbox 1006 2339 1046 2404; x_wconf 91' lang='lat' dir='ltr'>de</span> <span class='ocrx_word' id='word_1_177' title='bbox 1068 2361 1103 2405; x_wconf 84' lang='lat' dir='ltr'>aa</span> <span class='ocrx_word' id='word_1_178' title='bbox 1124 2344 1175 2405; x_wconf 82' lang='lat' dir='ltr'>ta·</span> 
     </span>
     <span class='ocr_line' id='line_1_26' title="bbox 164 2421 1173 2510; baseline 0.007 -27"><span class='ocrx_word' id='word_1_179' title='bbox 164 2443 190 2483; x_wconf 77' lang='lat'>2⁵</span> <span class='ocrx_word' id='word_1_180' title='bbox 204 2440 276 2484; x_wconf 89' lang='lat' dir='ltr'>cere</span> <span class='ocrx_word' id='word_1_181' title='bbox 290 2421 423 2504; x_wconf 88' lang='lat' dir='ltr'>patitur.</span> <span class='ocrx_word' id='word_1_182' title='bbox 447 2425 501 2508; x_wconf 92' lang='lat' dir='ltr'>qui</span> <span class='ocrx_word' id='word_1_183' title='bbox 517 2446 639 2507; x_wconf 89' lang='lat' dir='ltr'>censor,</span> <span class='ocrx_word' id='word_1_184' title='bbox 664 2446 736 2489; x_wconf 90' lang='lat' dir='ltr'>cum</span> <span class='ocrx_word' id='word_1_185' title='bbox 752 2423 887 2488; x_wconf 86' lang='lat' dir='ltr'>lustrum</span> <span class='ocrx_word' id='word_1_186' title='bbox 903 2424 1058 2488; x_wconf 87' lang='lat' dir='ltr'>conderet</span> <span class='ocrx_word' id='word_1_187' title='bbox 1073 2425 1173 2510; x_wconf 85' lang='lat' dir='ltr'>inque</span> 
     </span>
     <span class='ocr_line' id='line_1_27' title="bbox 204 2504 1173 2592; baseline 0.007 -25"><span class='ocrx_word' id='word_1_188' title='bbox 204 2504 430 2570; x_wconf 87' lang='lat' dir='ltr'>solitaurilium</span> <span class='ocrx_word' id='word_1_189' title='bbox 451 2509 607 2574; x_wconf 90' lang='lat' dir='ltr'>sacrificio</span> <span class='ocrx_word' id='word_1_190' title='bbox 631 2510 735 2575; x_wconf 87' lang='lat' dir='ltr'>scriba</span> <span class='ocrx_word' id='word_1_191' title='bbox 757 2531 795 2572; x_wconf 87' lang='lat' dir='ltr'>ex</span> <span class='ocrx_word' id='word_1_192' title='bbox 812 2508 1088 2592; x_wconf 53' lang='lat' dir='ltr'>publiciatabulis</span> <span class='ocrx_word' id='word_1_193' title='bbox 1111 2511 1173 2574; x_wconf 90' lang='lat' dir='ltr'>sol·</span> 
     </span>
    </p>
   </div>
   <div class='ocr_carea' id='block_1_13' title="bbox 202 2711 1290 3514">
    <p class='ocr_par' dir='ltr' id='par_1_13' title="bbox 202 2711 1290 3514">
     <span class='ocr_line' id='line_1_28' title="bbox 270 2711 1173 2833; baseline 0 -68"><span class='ocrx_word' id='word_1_194' title='bbox 270 2717 286 2765; x_wconf 81' lang='lat'><strong>2</strong></span> <span class='ocrx_word' id='word_1_195' title='bbox 302 2711 469 2833; x_wconf 44' lang='lat' dir='ltr'>collegium}</span> <span class='ocrx_word' id='word_1_196' title='bbox 487 2711 622 2766; x_wconf 86' lang='lat' dir='ltr'>auxilium</span> <span class='ocrx_word' id='word_1_197' title='bbox 634 2712 822 2774; x_wconf 77' lang='lat' dir='ltr'>Kellerbauer,</span> <span class='ocrx_word' id='word_1_198' title='bbox 841 2716 871 2766; x_wconf 86' lang='lat' dir='ltr'>ot</span> <span class='ocrx_word' id='word_1_199' title='bbox 883 2727 911 2765; x_wconf 80' lang='lat' dir='ltr'>a.</span> <span class='ocrx_word' id='word_1_200' title='bbox 923 2711 1072 2765; x_wconf 77' lang='lat' dir='ltr'>Eberhard</span> <span class='ocrx_word' id='word_1_201' title='bbox 1079 2726 1110 2778; x_wconf 80' lang='lat' dir='ltr'>p.</span> <span class='ocrx_word' id='word_1_202' title='bbox 1120 2714 1173 2766; x_wconf 73' lang='lat'>164</span> 
     </span>
     <span class='ocr_line' id='line_1_29' title="bbox 204 2778 1290 2861; baseline -0.003 -27"><span class='ocrx_word' id='word_1_203' title='bbox 204 2780 216 2852; x_wconf 71' lang='grc' dir='ltr'>Γ</span> <span class='ocrx_word' id='word_1_204' title='bbox 232 2787 247 2834; x_wconf 89' lang='grc'>3</span> <span class='ocrx_word' id='word_1_205' title='bbox 266 2780 392 2861; x_wconf 77' lang='lat' dir='ltr'>collegiis</span> <span class='ocrx_word' id='word_1_206' title='bbox 410 2781 437 2834; x_wconf 99' lang='lat' dir='ltr'><strong><em>L</em></strong></span> <span class='ocrx_word' id='word_1_207' title='bbox 482 2780 575 2848; x_wconf 69' lang='lat' dir='ltr'>noire</span> <span class='ocrx_word' id='word_1_208' title='bbox 591 2779 687 2834; x_wconf 86' lang='lat' dir='ltr'>tinctis</span> <span class='ocrx_word' id='word_1_209' title='bbox 704 2794 763 2839; x_wconf 72' lang='lat' dir='ltr'>rior.</span> <span class='ocrx_word' id='word_1_210' title='bbox 782 2779 848 2834; x_wconf 87' lang='lat' dir='ltr'>irati</span> <span class='ocrx_word' id='word_1_211' title='bbox 865 2779 958 2832; x_wconf 82' lang='lat' dir='ltr'>noctis</span> <span class='ocrx_word' id='word_1_212' title='bbox 977 2778 1046 2844; x_wconf 82' lang='lat' dir='ltr'>LA,</span> <span class='ocrx_word' id='word_1_213' title='bbox 1062 2779 1174 2832; x_wconf 84' lang='lat' dir='ltr'>iracun-</span> <span class='ocrx_word' id='word_1_214' title='bbox 1289 2795 1290 2804; x_wconf 55' lang='lat'>¹</span> 
     </span>
     <span class='ocr_line' id='line_1_30' title="bbox 225 2845 1173 2916; baseline -0.004 -11"><span class='ocrx_word' id='word_1_215' title='bbox 225 2849 230 2859; x_wconf 90' lang='lat'>&#39;</span> <span class='ocrx_word' id='word_1_216' title='bbox 265 2856 290 2905; x_wconf 84' lang='lat' dir='ltr'>ct</span> <span class='ocrx_word' id='word_1_217' title='bbox 307 2849 368 2903; x_wconf 83' lang='lat' dir='ltr'>alra</span> <span class='ocrx_word' id='word_1_218' title='bbox 385 2865 473 2903; x_wconf 78' lang='lat' dir='ltr'>marra</span> <span class='ocrx_word' id='word_1_219' title='bbox 489 2849 532 2902; x_wconf 88' lang='lat' dir='ltr'>ira</span> <span class='ocrx_word' id='word_1_220' title='bbox 550 2848 667 2901; x_wconf 85' lang='lat' dir='ltr'>extortis</span> <span class='ocrx_word' id='word_1_221' title='bbox 684 2862 779 2916; x_wconf 74' lang='lat' dir='ltr'>murpo</span> <span class='ocrx_word' id='word_1_222' title='bbox 794 2847 830 2912; x_wconf 78' lang='lat' dir='ltr'>A,</span> <span class='ocrx_word' id='word_1_223' title='bbox 847 2847 914 2900; x_wconf 86' lang='lat' dir='ltr'>irati</span> <span class='ocrx_word' id='word_1_224' title='bbox 930 2847 1054 2916; x_wconf 85' lang='lat' dir='ltr'>pectoris</span> <span class='ocrx_word' id='word_1_225' title='bbox 1066 2845 1173 2901; x_wconf 76' lang='lat' dir='ltr'>Bloum</span> 
     </span>
     <span class='ocr_line' id='line_1_31' title="bbox 202 2913 1175 3054; baseline -0.005 -13"><span class='ocrx_word' id='word_1_226' title='bbox 202 2922 299 3041; x_wconf 58' lang='lat' dir='ltr'>aar</span> <span class='ocrx_word' id='word_1_227' title='bbox 316 2917 375 3039; x_wconf 52' lang='lat' dir='ltr'>itt</span> <span class='ocrx_word' id='word_1_228' title='bbox 392 2915 638 3054; x_wconf 54' lang='lat' dir='ltr'>littam</span> <span class='ocrx_word' id='word_1_229' title='bbox 648 2919 769 3038; x_wconf 60' lang='lat' dir='ltr'>titt</span> <span class='ocrx_word' id='word_1_230' title='bbox 781 2913 1175 3036; x_wconf 57' lang='lat' dir='ltr'>l³⁸s“tt;t²⁰t“te⁰”t</span> 
     </span>
     <span class='ocr_line' id='line_1_32' title="bbox 204 3021 1174 3170; baseline -0.003 -63"><span class='ocrx_word' id='word_1_231' title='bbox 204 3053 265 3120; x_wconf 85' lang='lat' dir='ltr'>et?)</span> <span class='ocrx_word' id='word_1_232' title='bbox 311 3029 317 3040; x_wconf 39' lang='grc' dir='ltr'>Ι</span> <span class='ocrx_word' id='word_1_233' title='bbox 332 3054 342 3121; x_wconf 86' lang='grc' dir='ltr'>ΙΙ</span> <span class='ocrx_word' id='word_1_234' title='bbox 363 3060 378 3108; x_wconf 87' lang='grc'>9</span> <span class='ocrx_word' id='word_1_235' title='bbox 392 3055 470 3107; x_wconf 88' lang='lat' dir='ltr'>actus</span> <span class='ocrx_word' id='word_1_236' title='bbox 488 3052 558 3107; x_wconf 82' lang='lat' dir='ltr'>L¹A</span> <span class='ocrx_word' id='word_1_237' title='bbox 578 3053 589 3120; x_wconf 76' lang='lat' dir='ltr'>ss</span> <span class='ocrx_word' id='word_1_238' title='bbox 611 3058 642 3106; x_wconf 89' lang='lat'>10</span> <span class='ocrx_word' id='word_1_239' title='bbox 655 3051 685 3105; x_wconf 87' lang='lat' dir='ltr'>ct</span> <span class='ocrx_word' id='word_1_240' title='bbox 696 3028 797 3104; x_wconf 61' lang='lat' dir='ltr'>om.&#39;A¹</span> <span class='ocrx_word' id='word_1_241' title='bbox 818 3051 828 3118; x_wconf 84' lang='lat' dir='ltr'>l</span> <span class='ocrx_word' id='word_1_242' title='bbox 849 3065 867 3102; x_wconf 87' lang='lat' dir='ltr'>a</span> <span class='ocrx_word' id='word_1_243' title='bbox 882 3021 1031 3103; x_wconf 79' lang='lat' dir='ltr'>maiestate</span> <span class='ocrx_word' id='word_1_244' title='bbox 1048 3050 1089 3103; x_wconf 68' lang='grc' dir='ltr'>Αι</span> <span class='ocrx_word' id='word_1_245' title='bbox 1102 3023 1174 3170; x_wconf 49' lang='grc' dir='ltr'><em>Ψ</em></span> 
     </span>
     <span class='ocr_line' id='line_1_33' title="bbox 203 3116 1174 3190; baseline -0.002 -16"><span class='ocrx_word' id='word_1_246' title='bbox 203 3121 335 3190; x_wconf 76' lang='lat' dir='ltr'>publicae</span> <span class='ocrx_word' id='word_1_247' title='bbox 353 3122 399 3176; x_wconf 77' lang='lat' dir='ltr'>ael</span> <span class='ocrx_word' id='word_1_248' title='bbox 416 3139 440 3174; x_wconf 91' lang='lat' dir='ltr'>r.</span> <span class='ocrx_word' id='word_1_249' title='bbox 479 3120 566 3178; x_wconf 73' lang='lat' dir='ltr'>,dett</span> <span class='ocrx_word' id='word_1_250' title='bbox 584 3120 638 3173; x_wconf 83' lang='lat' dir='ltr'>mei</span> <span class='ocrx_word' id='word_1_251' title='bbox 654 3133 725 3176; x_wconf 77' lang='lat' dir='ltr'>orta.</span> <span class='ocrx_word' id='word_1_252' title='bbox 743 3118 779 3183; x_wconf 81' lang='lat' dir='ltr'>cf.</span> <span class='ocrx_word' id='word_1_253' title='bbox 799 3117 870 3172; x_wconf 76' lang='lat' dir='ltr'>cerr.</span> <span class='ocrx_word' id='word_1_254' title='bbox 885 3116 932 3171; x_wconf 87' lang='lat' dir='ltr'>VI</span> <span class='ocrx_word' id='word_1_255' title='bbox 945 3121 987 3181; x_wconf 81' lang='lat'>19,</span> <span class='ocrx_word' id='word_1_256' title='bbox 1011 3134 1040 3185; x_wconf 86' lang='lat' dir='ltr'>p.</span> <span class='ocrx_word' id='word_1_257' title='bbox 1059 3133 1082 3170; x_wconf 89' lang='lat' dir='ltr'>r.</span> <span class='ocrx_word' id='word_1_258' title='bbox 1148 3121 1174 3172; x_wconf 78' lang='lat' dir='ltr'>er</span> 
     </span>
     <span class='ocr_line' id='line_1_34' title="bbox 203 3138 1174 3257; baseline -0.005 -15"><span class='ocrx_word' id='word_1_259' title='bbox 203 3190 236 3242; x_wconf 67' lang='grc' dir='ltr'>ἐπ</span> <span class='ocrx_word' id='word_1_260' title='bbox 253 3205 309 3244; x_wconf 85' lang='lat' dir='ltr'>rus.</span> <span class='ocrx_word' id='word_1_261' title='bbox 321 3189 357 3256; x_wconf 80' lang='lat' dir='ltr'>A,</span> <span class='ocrx_word' id='word_1_262' title='bbox 374 3138 477 3257; x_wconf 75' lang='lat' dir='ltr'>populi</span> <span class='ocrx_word' id='word_1_263' title='bbox 495 3187 615 3242; x_wconf 77' lang='lat' dir='ltr'>Romani</span> <span class='ocrx_word' id='word_1_264' title='bbox 625 3186 712 3240; x_wconf 81' lang='lat' dir='ltr'>Halm</span> <span class='ocrx_word' id='word_1_265' title='bbox 725 3187 735 3254; x_wconf 70' lang='lat' dir='ltr'>fl</span> <span class='ocrx_word' id='word_1_266' title='bbox 749 3192 778 3238; x_wconf 83' lang='lat'>11</span> <span class='ocrx_word' id='word_1_267' title='bbox 798 3184 920 3239; x_wconf 89' lang='lat' dir='ltr'>eundem</span> <span class='ocrx_word' id='word_1_268' title='bbox 938 3184 1006 3238; x_wconf 83' lang='lat' dir='ltr'>LA¹</span> <span class='ocrx_word' id='word_1_269' title='bbox 1020 3184 1087 3239; x_wconf 79' lang='lat' dir='ltr'>dett.</span> <span class='ocrx_word' id='word_1_270' title='bbox 1100 3199 1174 3239; x_wconf 78' lang='lat' dir='ltr'>omn.</span> 
     </span>
     <span class='ocr_line' id='line_1_35' title="bbox 205 3251 1175 3332; baseline -0.005 -21"><span class='ocrx_word' id='word_1_271' title='bbox 205 3255 219 3325; x_wconf 85' lang='grc'>11</span> <span class='ocrx_word' id='word_1_272' title='bbox 236 3264 266 3311; x_wconf 81' lang='lat'>12</span> <span class='ocrx_word' id='word_1_273' title='bbox 285 3273 322 3327; x_wconf 89' lang='lat' dir='ltr'>po</span> <span class='ocrx_word' id='word_1_274' title='bbox 343 3257 405 3310; x_wconf 90' lang='lat' dir='ltr'>ulos</span> <span class='ocrx_word' id='word_1_275' title='bbox 422 3257 460 3310; x_wconf 90' lang='lat' dir='ltr'>L¹</span> <span class='ocrx_word' id='word_1_276' title='bbox 478 3257 489 3332; x_wconf 71' lang='lat' dir='ltr'>fl</span> <span class='ocrx_word' id='word_1_277' title='bbox 508 3260 539 3310; x_wconf 81' lang='lat'>18</span> <span class='ocrx_word' id='word_1_278' title='bbox 557 3269 613 3324; x_wconf 75' lang='lat' dir='ltr'>eq*</span> <span class='ocrx_word' id='word_1_279' title='bbox 634 3260 668 3320; x_wconf 84' lang='lat' dir='ltr'>(a.</span> <span class='ocrx_word' id='word_1_280' title='bbox 687 3254 704 3312; x_wconf 86' lang='lat' dir='ltr'>l.</span> <span class='ocrx_word' id='word_1_281' title='bbox 723 3253 789 3308; x_wconf 81' lang='lat' dir='ltr'>add.</span> <span class='ocrx_word' id='word_1_282' title='bbox 809 3256 855 3316; x_wconf 90' lang='lat' dir='ltr'>uo)</span> <span class='ocrx_word' id='word_1_283' title='bbox 878 3251 905 3306; x_wconf 89' lang='lat' dir='ltr'><em>L</em></span> <span class='ocrx_word' id='word_1_284' title='bbox 925 3253 936 3321; x_wconf 74' lang='lat' dir='ltr'>n</span> <span class='ocrx_word' id='word_1_285' title='bbox 954 3258 985 3306; x_wconf 80' lang='lat'>19</span> <span class='ocrx_word' id='word_1_286' title='bbox 1008 3254 1124 3306; x_wconf 85' lang='lat' dir='ltr'>senatus</span> <span class='ocrx_word' id='word_1_287' title='bbox 1147 3252 1175 3306; x_wconf 91' lang='lat' dir='ltr'>ei</span> 
     </span>
     <span class='ocr_line' id='line_1_36' title="bbox 204 3319 1172 3394; baseline -0.006 -15"><span class='ocrx_word' id='word_1_288' title='bbox 204 3339 265 3389; x_wconf 65' lang='lat' dir='ltr'>om„</span> <span class='ocrx_word' id='word_1_289' title='bbox 281 3341 309 3379; x_wconf 85' lang='lat' dir='ltr'>ae</span> <span class='ocrx_word' id='word_1_290' title='bbox 347 3326 380 3378; x_wconf 73' lang='lat' dir='ltr'>r&#39;rr</span> <span class='ocrx_word' id='word_1_291' title='bbox 396 3339 464 3394; x_wconf 70' lang='lat' dir='ltr'>mry.</span> <span class='ocrx_word' id='word_1_292' title='bbox 480 3341 515 3378; x_wconf 87' lang='lat' dir='ltr'>m.</span> <span class='ocrx_word' id='word_1_293' title='bbox 533 3326 553 3378; x_wconf 83' lang='lat'><em>2</em></span> <span class='ocrx_word' id='word_1_294' title='bbox 570 3323 637 3378; x_wconf 86' lang='lat' dir='ltr'>add.</span> <span class='ocrx_word' id='word_1_295' title='bbox 655 3323 681 3376; x_wconf 86' lang='lat' dir='ltr'>ci</span> <span class='ocrx_word' id='word_1_296' title='bbox 699 3323 813 3376; x_wconf 83' lang='lat' dir='ltr'>sanatus</span> <span class='ocrx_word' id='word_1_297' title='bbox 830 3320 857 3375; x_wconf 87' lang='lat' dir='ltr'><strong><em>L</em></strong></span> <span class='ocrx_word' id='word_1_298' title='bbox 870 3321 879 3388; x_wconf 84' lang='grc' dir='ltr'>ΙΙ</span> <span class='ocrx_word' id='word_1_299' title='bbox 892 3326 925 3374; x_wconf 79' lang='lat'>20</span> <span class='ocrx_word' id='word_1_300' title='bbox 937 3320 971 3373; x_wconf 88' lang='lat' dir='ltr'>ut</span> <span class='ocrx_word' id='word_1_301' title='bbox 987 3319 1088 3374; x_wconf 85' lang='lat' dir='ltr'>maluit</span> <span class='ocrx_word' id='word_1_302' title='bbox 1105 3321 1172 3390; x_wconf 66' lang='lat'>21¹1!</span> 
     </span>
     <span class='ocr_line' id='line_1_37' title="bbox 204 3387 1175 3514; baseline -0.004 -68"><span class='ocrx_word' id='word_1_303' title='bbox 204 3393 287 3514; x_wconf 56' lang='lat' dir='ltr'>pecta</span> <span class='ocrx_word' id='word_1_304' title='bbox 305 3393 363 3456; x_wconf 73' lang='lat' dir='ltr'>(aad</span> <span class='ocrx_word' id='word_1_305' title='bbox 380 3407 399 3445; x_wconf 87' lang='lat' dir='ltr'>a</span> <span class='ocrx_word' id='word_1_306' title='bbox 415 3409 450 3446; x_wconf 88' lang='lat' dir='ltr'>m.</span> <span class='ocrx_word' id='word_1_307' title='bbox 467 3395 487 3446; x_wconf 81' lang='lat'><em>2</em></span> <span class='ocrx_word' id='word_1_308' title='bbox 504 3391 584 3458; x_wconf 82' lang='lat' dir='ltr'>add.)</span> <span class='ocrx_word' id='word_1_309' title='bbox 602 3390 629 3445; x_wconf 91' lang='lat' dir='ltr'><strong><em>L</em></strong></span> <span class='ocrx_word' id='word_1_310' title='bbox 642 3391 652 3459; x_wconf 80' lang='grc' dir='ltr'>ΙΙ</span> <span class='ocrx_word' id='word_1_311' title='bbox 665 3397 695 3443; x_wconf 78' lang='lat'>21</span> <span class='ocrx_word' id='word_1_312' title='bbox 715 3390 777 3443; x_wconf 85' lang='lat' dir='ltr'>erat</span> <span class='ocrx_word' id='word_1_313' title='bbox 794 3391 880 3456; x_wconf 83' lang='lat' dir='ltr'>atque</span> <span class='ocrx_word' id='word_1_314' title='bbox 898 3387 940 3442; x_wconf 82' lang='lat' dir='ltr'>ita</span> <span class='ocrx_word' id='word_1_315' title='bbox 956 3402 1014 3451; x_wconf 81' lang='lat' dir='ltr'>aue,</span> <span class='ocrx_word' id='word_1_316' title='bbox 1031 3401 1082 3441; x_wconf 80' lang='lat' dir='ltr'>om.</span> <span class='ocrx_word' id='word_1_317' title='bbox 1103 3387 1130 3442; x_wconf 93' lang='lat' dir='ltr'><strong><em>L</em></strong></span> <span class='ocrx_word' id='word_1_318' title='bbox 1148 3392 1175 3442; x_wconf 81' lang='lat' dir='ltr'>et</span> 
     </span>
    </p>
   </div>
   <div class='ocr_carea' id='block_1_14' title="bbox 226 3453 1290 3537">
    <p class='ocr_par' dir='ltr' id='par_1_14' title="bbox 226 3453 1290 3537">
     <span class='ocr_line' id='line_1_38' title="bbox 226 3453 1290 3537; baseline -0.001 -24"><span class='ocrx_word' id='word_1_319' title='bbox 226 3464 272 3514; x_wconf 84' lang='lat' dir='ltr'>ett.</span> <span class='ocrx_word' id='word_1_320' title='bbox 288 3460 351 3524; x_wconf 83' lang='lat' dir='ltr'>mei,</span> <span class='ocrx_word' id='word_1_321' title='bbox 370 3461 433 3512; x_wconf 87' lang='lat' dir='ltr'>erat</span> <span class='ocrx_word' id='word_1_322' title='bbox 450 3464 536 3527; x_wconf 81' lang='lat' dir='ltr'>atque</span> <span class='ocrx_word' id='word_1_323' title='bbox 554 3459 577 3511; x_wconf 85' lang='lat' dir='ltr'>is</span> <span class='ocrx_word' id='word_1_324' title='bbox 593 3460 631 3537; x_wconf 62' lang='lat' dir='ltr'>A,</span> <span class='ocrx_word' id='word_1_325' title='bbox 651 3460 720 3514; x_wconf 86' lang='lat' dir='ltr'>erat.</span> <span class='ocrx_word' id='word_1_326' title='bbox 743 3455 824 3525; x_wconf 89' lang='lat' dir='ltr'>atqui</span> <span class='ocrx_word' id='word_1_327' title='bbox 841 3455 929 3510; x_wconf 84' lang='lat' dir='ltr'>Halm</span> <span class='ocrx_word' id='word_1_328' title='bbox 946 3456 957 3524; x_wconf 74' lang='lat' dir='ltr'>l</span> <span class='ocrx_word' id='word_1_329' title='bbox 974 3453 1173 3509; x_wconf 80' lang='lat' dir='ltr'>solitaurilium</span> <span class='ocrx_word' id='word_1_330' title='bbox 1289 3509 1290 3512; x_wconf 74' lang='grc'>,</span> 
     </span>
    </p>
   </div>
   <div class='ocr_carea' id='block_1_15' title="bbox 204 3522 1172 3660">
    <p class='ocr_par' dir='ltr' id='par_1_15' title="bbox 204 3522 1172 3660">
     <span class='ocr_line' id='line_1_39' title="bbox 204 3522 1172 3650; baseline -0.003 -69"><span class='ocrx_word' id='word_1_331' title='bbox 204 3540 264 3650; x_wconf 60' lang='lat' dir='ltr'>ppo,</span> <span class='ocrx_word' id='word_1_332' title='bbox 282 3526 365 3645; x_wconf 57' lang='lat' dir='ltr'>spltita</span> <span class='ocrx_word' id='word_1_333' title='bbox 376 3526 488 3646; x_wconf 59' lang='lat' dir='ltr'>ulririOL3</span> <span class='ocrx_word' id='word_1_334' title='bbox 505 3525 658 3647; x_wconf 39' lang='lat' dir='ltr'>solitzpsrri</span> <span class='ocrx_word' id='word_1_335' title='bbox 675 3524 867 3646; x_wconf 55' lang='lat' dir='ltr'>AlItlyszplito</span> <span class='ocrx_word' id='word_1_336' title='bbox 882 3524 937 3576; x_wconf 89' lang='lat' dir='ltr'>uiri</span> <span class='ocrx_word' id='word_1_337' title='bbox 948 3523 996 3588; x_wconf 49' lang='grc' dir='ltr'>Δὶ,</span> <span class='ocrx_word' id='word_1_338' title='bbox 1014 3523 1097 3578; x_wconf 80' lang='lat' dir='ltr'>solito</span> <span class='ocrx_word' id='word_1_339' title='bbox 1111 3522 1172 3578; x_wconf 86' lang='lat' dir='ltr'>fieri</span> 
     </span>
     <span class='ocr_line' id='line_1_40' title="bbox 239 3609 687 3660; baseline -0.002 -12"><span class='ocrx_word' id='word_1_340' title='bbox 239 3609 294 3660; x_wconf 81' lang='lat' dir='ltr'>,so</span> <span class='ocrx_word' id='word_1_341' title='bbox 308 3612 317 3646; x_wconf 90' lang='lat'><em>1</em></span> <span class='ocrx_word' id='word_1_342' title='bbox 332 3609 392 3647; x_wconf 84' lang='lat' dir='ltr'>aun</span> <span class='ocrx_word' id='word_1_343' title='bbox 456 3609 566 3648; x_wconf 74' lang='lat' dir='ltr'>ozaena</span> <span class='ocrx_word' id='word_1_344' title='bbox 631 3609 687 3648; x_wconf 81' lang='lat' dir='ltr'>cro.</span> 
     </span>
    </p>
   </div>
   <div class='ocr_carea' id='block_1_16' title="bbox 0 0 1309 3960">
    <p class='ocr_par' dir='ltr' id='par_1_16' title="bbox 0 0 1309 3960">
     <span class='ocr_line' id='line_1_41' title="bbox 0 0 1309 3960; baseline 0 0"><span class='ocrx_word' id='word_1_345' title='bbox 0 0 1309 3960; x_wconf 95' lang='lat' dir='ltr'> </span> 
     </span>
    </p>
   </div>
  </div>
 </body>
</html>
