2550 3958
224 139 288 204 508
336 137 403 190 ms.
417 135 462 196 111,
481 133 595 201 ense,
609 141 685 190 5-7.
715 134 793 189 ers.
807 140 832 202 r,
846 139 921 189 r-a.
944 133 1015 188 sxa.
1029 141 1055 194 2.
1070 143 1099 190 a.

224 296 271 354 nis
293 293 422 367 rettulit,
445 292 583 368 quotiens
605 291 724 366 publice
745 291 883 367 epulatus
899 294 980 365 erat,
1006 294 1048 351 ad
1074 294 1205 353 funalem

225 397 342 440 careum
364 379 552 454 praecinente
575 376 699 435 tibicine
722 383 753 435 et
774 375 894 434 fidicine
916 375 1150 438 deducebatur.

116 513 119 521 .
191 469 207 518 ὁ
288 464 329 523 ld.
345 462 483 538 Papirius
504 480 536 518 re
557 461 633 521 bene
655 464 749 536 geste,
772 479 839 520 curn
853 459 1053 534 triumphum
1069 483 1090 520 a
1106 467 1206 524 senatu

224 566 285 607 non
305 549 501 624 inpetrasset,
531 545 644 621 primns
667 545 699 604 in
721 546 821 604 monte
842 543 963 603 Albano
986 547 1204 624 triumphauit

191 637 207 686 o
235 625 238 635 '
290 631 323 692 O.
340 632 451 690 Marius
472 633 542 705 post
564 647 666 688 omnes
688 628 856 704 triumphos
870 629 902 686 in
917 629 1071 690 cantharo
1089 643 1222 708 semper}

224 718 360 792 putauit,
389 714 469 790 quod
491 713 582 772 Liber
610 717 697 787 pater
724 713 872 788 superatis
893 713 979 772 indis
1010 714 1075 775 hoc
1101 736 1205 794 genere

225 802 325 875 poculi
348 819 419 858 usus
442 801 528 857 esset.

191 891 206 939 7
289 885 330 943 Μ.
353 883 427 943 Cato
460 884 582 957 praetor
614 882 654 940 M.
689 879 793 940 Scauri
826 883 1063 957 oeterorumque
1100 887 1204 945 iudicia

224 968 288 1028 sina
309 969 411 1027 tunica
431 968 587 1042 praetexta
608 965 734 1025 amictus
756 967 828 1041 agit.

540 1134 593 1192 ΒΕ
616 1132 782 1192 FIDVCIA
805 1132 880 1192 svl.

176 1237 224 1302 l,1
291 1235 365 1294 Post
379 1234 413 1293 P.
429 1237 460 1294 ct
475 1233 529 1297 Cn.
546 1234 714 1309 Scipionum
738 1235 770 1293 in
792 1233 938 1308 Hispania
958 1238 1105 1296 mortem
1129 1241 1202 1297 nullo

227 1338 299 1380 anso
321 1321 361 1380 ad
383 1319 545 1378 exercitum
568 1319 703 1390 traicere,
726 1317 759 1377 P.
784 1318 884 1393 Scipio
906 1335 1002 1376 xxrrrr
1028 1339 1135 1396 agens
1158 1344 1202 1382 an·

225 1424 297 1464 unm
326 1405 369 1463 ire
397 1403 547 1479 pollicitus
577 1405 631 1462 est.
676 1403 771 1478 idem,
794 1421 861 1462 cum
883 1403 914 1460 in
936 1402 1096 1478 Hispania
1121 1410 1201 1483 oppi-

227 1489 298 1547 dum
320 1489 441 1546 Badiam
463 1487 614 1546 obsideret
636 1489 666 1545 εὴ
687 1487 797 1546 indicia
818 1490 897 1548 esset
911 1486 1090 1566 auditurus,
1119 1491 1200 1550 ‘cras'

225 1573 324 1648 inquit
347 1573 390 1631 ‘in
411 1571 485 1630 urbe
507 1571 655 1630 andiam’:
679 1571 757 1646 qnod
780 1573 810 1630 et
832 1571 966 1641 contigit.
1011 1572 1100 1632 idem
1126 1577 1220 1634 Han-r

223 1657 333 1717 nibalis
349 1657 550 1733 speculatores
565 1656 646 1714 intra
661 1659 759 1714 castra
774 1655 976 1714 Romanorum
993 1654 1198 1732 deprehensos

224 1741 422 1801 circumduxit
456 1743 486 1799 et
501 1740 645 1799 ostendit
671 1759 761 1798 manu
792 1759 846 1798 sua
875 1739 975 1815 copias
1007 1744 1037 1796 et
1072 1746 1196 1818 prandio

225 1826 295 1884 dato
317 1826 393 1899 ipsis
415 1827 446 1884 et
468 1825 552 1900 equis
574 1842 676 1883 eorum
699 1823 812 1884 dimisit
833 1824 1006 1883 incolumes.

193 1919 208 1966 3
289 1910 435 1968 Annonae
457 1909 577 1968 caritate
599 1909 779 1968 increscente
801 1928 868 1968 cum
889 1907 961 1968 trib.
983 1908 1069 1984 pleb.
1096 1911 1134 1972 (l.
1149 1913 1195 1972 Cu·

224 1994 331 2052 riatius
365 1993 482 2051 iuberet
515 1993 609 2052 coemi
641 1992 840 2065 frumentum,
873 1993 982 2052 Nasica
1010 1999 1193 2055 contrariam
1202 2009 1215 2047 t·

225 2077 374 2136 actionem
397 2096 481 2137 orsas
497 2078 686 2152 obstrepente
708 2077 817 2152 populo
840 2079 961 2136 ‘tacete'
984 2077 1106 2153 inquit:
1132 2084 1194 2140 ‘ure-

223 2160 282 2218 lius
306 2161 385 2220 enim
408 2179 463 2237 ego
486 2180 576 2236 quam
598 2180 651 2220 uos
674 2160 746 2237 quid
767 2162 811 2220 rei
831 2161 968 2236 publicae
987 2165 1137 2237 expediat
1159 2167 1194 2224 in·

224 2244 361 2320 tellego'.

173 2333 228 2373 Est·
293 2329 492 2405 Antigenidas
515 2329 627 2388 tibicen
650 2329 794 2404 discipulo
823 2348 877 2390 suo
902 2330 1004 2407 magni
1027 2333 1193 2408 profectus,

193 2389 280 2475 2sed
301 2433 407 2491 parum
428 2414 556 2473 feliciter
577 2413 687 2489 populo
711 2433 742 2472 se
757 2414 935 2490 adprobanti
951 2414 1056 2474 multis
1072 2419 1216 2478 audien-s

224 2499 307 2559 tibus
330 2500 404 2558 dixit
426 2498 510 2557 ‘mihi
533 2517 605 2556 cane
628 2502 659 2556 et
681 2497 796 2560 Musis’.

190 2592 206 2640 3
289 2584 412 2658 ZeuxiS,
443 2601 509 2641 cum
532 2582 678 2640 Helenam
705 2582 865 2656 pinxisset,
890 2582 962 2659 quid
985 2582 1020 2641 de
1045 2601 1082 2642 eo
1108 2605 1195 2663 opere

223 2669 357 2728 homines
391 2667 505 2726 sensuri
535 2668 632 2726 essent
664 2684 724 2726 non
752 2667 937 2744 expectauit,
966 2667 1019 2726 sed
1051 2673 1193 2743 protinus

224 2753 346 2812 adiecit:

300 2858 334 2918 od
354 2863 467 2932 νέμεσις
489 2863 589 2932 Τρῶας
607 2865 657 2918 aul
676 2859 855 2933 ἐυκνήμιδας
871 2858 1000 2932 ’illusoris
1202 2892 1217 2930 a

301 2943 395 3019 τοιῇδ’
412 2942 488 3016 ἀμφὶ
508 2949 627 3016 γυναικὶ
645 2942 737 3002 πολὺν
756 2945 861 3016 χρόνον
879 2943 970 3017 ἄλγεα
988 2943 1128 3016 πάσχειν.

291 3105 307 3152 2
330 3115 369 3154 aa
390 3098 577 3152 reducebatur
599 3100 645 3154 aet
668 3099 781 3152 domum
799 3099 917 3153 reduc?
951 3097 1028 3167 εΗ).
1048 3104 1154 3166 60,12
1171 3111 1192 3160 et

224 3167 319 3230 352,2
345 3167 355 3234 ΙΙ
383 3171 399 3219 4
417 3166 446 3219 in
464 3166 562 3224 iactus.
581 3167 682 3232 Halm,
703 3172 734 3220 at
751 3183 779 3222 a.
796 3167 897 3220 Novak
919 3165 1002 3235 Liaty
1028 3167 1083 3220 XI
1096 3176 1193 3238 1221&

224 3239 249 3284 et
271 3248 342 3297 quac
362 3233 431 3286 citat
452 3234 543 3292 Amm,
561 3235 651 3288 Marc.
669 3233 798 3286 XXVII
811 3237 841 3298 4,
853 3238 888 3298 4,·
913 3234 1006 3300 script.
1030 3235 1095 3289 bist.
1118 3243 1190 3308 Aac.

223 3299 355 3350 Pescenn.
376 3304 453 3364 c10,
473 3300 592 3356 Gallica.
612 3317 633 3354 c.
647 3302 730 3366 17119
749 3301 841 3368 coegit
858 3306 921 3354 m.1
959 3306 989 3352 12
1008 3301 1044 3354 ad
1063 3317 1118 3358 om.
1137 3309 1193 3362 cod.

223 3361 318 3424 Halm,
335 3364 426 3428 suppl.
446 3367 546 3420 Gertz*
559 3370 568 3433 ll
584 3374 614 3421 15
633 3369 662 3420 et
676 3366 783 3430 octat,
803 3369 829 3420 ei
847 3367 905 3425 eod.
949 3368 1004 3421 alm
1017 3369 1027 3435 ΙΙ
1041 3375 1074 3422 16
1093 3389 1193 3442 specu·

223 3427 336 3502 latores]
356 3429 423 3482 add.
435 3432 465 3482 in
478 3433 573 3486 Africa
586 3434 688 3488 Gertz*
702 3436 712 3501 ΙΙ
724 3439 757 3486 30
769 3451 965 3486 arnnrnnruno
979 3435 1081 3501 (altera
1093 3457 1112 3492 n
1125 3457 1193 3497 corr.

222 3507 255 3544 m
272 3493 301 3555 n)
314 3495 324 3556 Η
337 3499 367 3544 31
387 3511 478 3548 acerra
495 3516 598 3554 necnon
615 3517 700 3554 aaran
