2562 3950
209 176 274 242 524
399 171 467 227 ΜΒ.
479 172 512 232 v,
537 171 616 228 cnr.
630 178 655 240 1,
675 170 737 226 uxr.
751 175 774 226 e.
785 174 808 225 e.
835 169 913 256 eor.
927 175 951 235 a,
966 174 991 224 1.

210 330 365 408 conuiuio,
396 350 434 389 an
462 330 506 390 ita
535 347 566 388 se
587 347 636 389 res
657 327 782 387 haberet
802 327 1011 404 interrogauit.
1060 329 1139 386 tum
1166 348 1202 387 cx

209 417 255 476 his
277 433 364 488 unus,
390 415 470 476 ‘nisi'
492 415 593 490 inquit
608 413 723 472 ‘uinum
746 429 802 472 nus
824 411 988 482 defecisset,
1012 410 1088 487 ista,
1115 431 1200 488 quae

209 501 267 560 tibi
290 501 384 561 relata
406 502 494 572 sunt,
516 499 669 574 praecis,
692 515 766 574 quae
789 496 826 556 de
847 499 878 555 te
900 495 1030 556 locuturi
1056 514 1199 570 eramus,

209 586 292 645 lusus
323 585 481 656 fuissent’‚
514 587 546 642 et
573 582 616 642 ita
643 583 719 641 iram
741 580 822 658 regis
846 579 1057 640 conuertit-in
1082 581 1199 641 risum.

210 659 292 729 Idem
315 669 422 746 legatis
443 668 646 728 Romanorum
669 665 706 724 ad
721 664 911 724 redimendos
927 663 1071 740 captiuos
1090 669 1228 726 castras

210 773 264 815 sua
285 752 467 831 petentibus
491 770 550 827 quo
565 752 659 811 tutius
674 751 821 823 uenirent,
844 748 997 825 Lyconem
1013 749 1199 810 Molossum

211 838 332 898 obuiam
355 837 449 914 misit,
471 836 535 913 ipse
557 853 624 895 cum
647 837 756 895 ornatu
776 833 860 911 regio
882 836 966 892 extra
986 837 1122 908 portam
1149 853 1199 894 ec-

209 923 311 983 currit.
830 933 832 936 '

175 1016 191 1064 5
273 1005 417 1082 Campani
450 1003 610 1065 exercitum
637 1005 775 1063 nostrum
804 1020 869 1061 cum
899 1001 1078 1062 consulibus
1111 1005 1197 1080 apud

210 1089 359 1150 Caudinas
382 1090 482 1150 furcas
497 1089 553 1148 sub
569 1090 673 1165 iugum
690 1106 707 1146 a
723 1085 908 1146 Samnitibus
923 1087 1060 1158 missum,
1081 1091 1225 1147 urbemn

210 1195 293 1235 suam
315 1175 479 1233 intrantem
501 1173 713 1233 uenerabiliter
728 1174 922 1247 exceperunt:
944 1172 1134 1233 consulibus
1151 1175 1196 1233 in-

210 1260 308 1336 signia
329 1258 468 1331 honeris,
492 1257 640 1317 militibus
662 1259 793 1333 uestem,
817 1273 914 1331 arma,
938 1273 1033 1331 equos
1056 1260 1195 1332 praesti-

208 1346 321 1403 terunt.

174 1437 200 1485 6'
273 1425 424 1488 Hannibal
439 1425 563 1486 Aemilii
577 1424 664 1485 Pauli
687 1424 767 1501 apud
789 1423 906 1484 Cannas
928 1425 1072 1484 trucidati
1098 1445 1194 1502 quae-

208 1512 299 1572 situm
322 1529 430 1586 corpus
452 1509 643 1570 inhumatum
664 1510 760 1576 iacere
782 1505 886 1585 passus
909 1527 970 1568 non
993 1511 1052 1581 est.
1103 1512 1222 1571 idem1⁵

208 1596 256 1656 Ti.
280 1594 445 1656 Gracchum
467 1594 584 1654 insidiis
599 1592 788 1674 Lucanorum
802 1593 1038 1653 circumuentum
1055 1597 1188 1671 sepeliit

208 1684 240 1740 ct
274 1698 341 1742 ossa
369 1681 431 1739 eius
454 1678 602 1738 militibus
624 1680 735 1739 nostris
757 1679 884 1738 Romam
907 1677 990 1736 dedit
1011 1681 1187 1752 portanda.

206 1765 287 1825 idem
318 1766 360 1824 M.
383 1763 557 1823 Marcellum
584 1763 617 1822 in
644 1781 717 1840 agro
739 1761 859 1822 Bruttio
888 1762 1015 1822 occisum
1038 1762 1188 1840 legitime

206 1849 312 1921 funere
336 1848 444 1910 extulit
465 1848 581 1908 Punico
604 1847 709 1924 sagulo
730 1851 761 1907 et
783 1865 891 1907 corona
912 1865 1000 1906 aurea
1021 1845 1190 1909 donatum.

572 1983 627 2042 DE
650 1980 809 2042 GRATIS.
889 1985 898 2000 '
1202 1995 1221 2034 a

46 2144 48 2152 ,
157 2089 208 2158 2,1
275 2083 417 2144 Veturiae
439 2083 528 2144 matri
544 2083 694 2144 Coriolani
716 2086 747 2143 et
761 2082 940 2144 Volumnius
961 2085 1047 2145 uxori
1070 2088 1113 2148 cb
1137 2091 1189 2152 be.

156 2189 158 2194 ·
209 2167 365 2241 reticium,
400 2169 479 2244 quod
514 2168 551 2228 ab
588 2168 812 2245 oppugnatione
841 2169 957 2244 patriae
985 2181 1190 2237 remouerant

209 2252 418 2330 Coriolanum,
451 2257 574 2314 senatus
602 2253 718 2313 censuit
745 2256 781 2312 ut
808 2253 914 2313 semita
941 2255 998 2314 uiri
1028 2257 1187 2322 cederent.

208 2337 345 2413 permisit
373 2355 491 2413 quoque
520 2338 562 2397 eis
592 2355 744 2414 purpurea
766 2339 850 2397 ueste
872 2341 903 2398 et
923 2339 1020 2398 aureis
1042 2342 1092 2402 uti
1116 2361 1186 2422 seg·

206 2421 325 2482 mentis.
370 2439 459 2498 super
486 2422 558 2482 haec
587 2441 667 2481 aram
693 2421 845 2482 Fortunae
872 2423 1010 2484 muliebri
1039 2443 1075 2484 eo
1105 2427 1184 2504 loco,
1198 2445 1219 2485 a

165 2550 170 2557 ,
208 2525 266 2582 quo
290 2504 467 2567 Coriolanus
496 2511 632 2568 moratus
658 2505 771 2582 fuerat,
800 2507 963 2566 faciendam
986 2511 1115 2572 curauit.
1141 2547 1185 2559 —

208 2590 282 2650 Cum
311 2591 459 2651 aFuluio
483 2589 587 2666 Capua
613 2590 815 2663 obsideretur,
845 2609 879 2651 ac
906 2592 982 2652 duae
1009 2591 1186 2671 Campanae

207 2676 349 2735 mulieres
375 2675 408 2734 in
428 2675 487 2736 fide
509 2675 713 2736 Romanorum
733 2676 929 2754 mansissent,
951 2676 1057 2738 Vescia
1081 2679 1183 2758 Oppia
1224 2699 1247 2750 ,l

207 2763 304 2820 maier
325 2759 453 2820 familias
484 2763 516 2820 et
538 2758 643 2820 Cluuia
665 2759 776 2820 Facula
798 2761 956 2838 meretrix,
985 2780 1113 2837 quarum
1138 2768 1180 2826 al·
1246 2751 1247 2776 ¹

206 2848 270 2903 tera
299 2862 354 2919 pro
389 2845 483 2904 salute
513 2843 641 2904 Romani
674 2845 820 2904 exercitus
851 2845 960 2918 cotidie
988 2847 1178 2928 sacrificauit,
1192 2868 1213 2908 ec

207 2928 302 2988 altera
331 2929 426 3004 captis
453 2927 601 2988 militibus
629 2929 831 2989 Romanorum
863 2930 1005 2992 alinmnta
1032 2932 1178 2995 submini-

205 3015 301 3072 strare
328 3031 391 3073 non
419 3012 553 3088 destitit,
585 3013 659 3072 urbe
687 3013 741 3074 illa
769 3031 911 3090 oppressa
938 3017 1059 3076 senatus
1081 3018 1123 3077 eis
1146 3025 1178 3081 et

204 3096 373 3170 libertatem
396 3101 426 3158 et
448 3098 527 3158 bona
547 3097 694 3161 restituit.

274 3216 289 3264 6
307 3208 409 3280 trdus]
427 3208 550 3264 cddcad.
570 3223 642 3267 cecc.
658 3208 855 3278 honoratinsq.
876 3209 976 3266 Gertz*
997 3213 1007 3280 i
1027 3211 1172 3284 liconeml

202 3282 217 3328 7
246 3279 275 3328 et
300 3277 361 3344 ipse
387 3277 469 3354 coci..
487 3277 591 3354 Golia*
615 3279 628 3356 d.
650 3283 681 3356 ll
705 3280 826 3345 exceper'
850 3279 919 3344 cod,
950 3294 1086 3400 excepere
1106 3281 1172 3362 Meo·

200 3341 288 3460 aaz,
312 3342 951 3477 taisettbllbbtlitabat·
969 3345 1170 3468 iilum
1246 3367 1247 3398 ¹

200 3421 310 3538 duein'll
329 3479 361 3527 29
379 3474 473 3552 facula
491 3475 548 3530 cod.
569 3477 601 3530 iu
618 3451 716 3548 marui
734 3478 821 3556 oppia
838 3479 871 3533 in
888 3429 967 3534 idalia
988 3482 998 3549 11
1018 3416 1169 3537 'rndoeredrid3

200 3538 333 3604 m.1!l32
353 3538 463 3594 destitit
479 3541 567 3596 Halm
585 3543 682 3612 eVal.‚
700 3544 791 3600 defu1t
808 3545 866 3601 cod.
885 3545 958 3630 lici,
978 3563 1017 3601 aa
1035 3547 1132 3603 desiit?
