2562 3950
209 134 271 200 586
307 133 470 188 LIB.VIIII.
490 131 646 200 GAP.13,1.
665 133 791 190 uxtar.
812 131 1018 199 CAP.14,1-4.
1038 133 1174 194 Exim.

452 341 507 400 DE
531 340 656 400 VITAE
680 339 935 404 CVPIDITATE.
1269 411 1270 416 ἵ

160 445 227 513 18,1
273 441 323 502 Μ’.
346 442 499 520 Aquilius,
522 461 589 501 eum
611 443 742 518 gloriose
765 443 901 518 extingui
921 448 1033 520 posset,
1058 445 1186 504 Mithri·

209 529 271 587 dati
293 529 421 603 turpiter
444 528 555 586 seruire
578 523 694 586 maluit.

175 620 191 668 2
273 610 436 671 susurro
460 630 518 670 cos
542 611 625 670 iussu
647 611 770 687 Pompei
793 612 830 669 ad
853 611 1034 688 supplicium
1056 613 1184 687 ductus,

208 715 267 772 quo
290 695 401 755 diutius
424 695 498 755 lucis
521 713 576 754 usu
599 696 759 773 frueretur,
788 696 878 771 petiit
897 697 1037 757 flebiliter
1059 701 1097 756 ut
1120 699 1185 758 sibi
1210 709 1223 749 ⁵

208 781 309 840 aluum
332 781 463 838 releuare
486 779 568 855 prius
590 799 679 856 quam
700 781 848 855 expiraret
870 781 984 840 liceret.

177 874 192 923 3
273 865 310 923 D.
333 865 445 924 Brutus
467 885 484 923 a
506 865 606 936 Furio,
633 864 782 940 quemad
805 882 871 922 eum
894 865 1088 925 occidendum
1112 867 1183 927 An-

210 949 311 1010 tonius
333 949 466 1022 miserat,
490 967 670 1024 conprensus
692 947 792 1024 gladio
816 949 879 1006 eius
902 968 933 1009 se
955 949 1118 1010 subtraxit.

208 1149 322 1220 QVAM
344 1151 564 1222 EXQVISITA
587 1150 744 1221 QVIDAM
768 1149 970 1212 CVSTODIA
983 1151 1050 1212 VSI
1072 1152 1182 1211 SINT.

157 1273 210 1314 3¹2·
241 1335 244 1340 ,
275 1269 431 1328 Masinissa
458 1289 510 1328 rex
537 1289 643 1345 parum
664 1268 733 1328 fidei
757 1271 788 1329 in
815 1272 985 1346 pectoribus
1012 1271 1220 1330 hominumn

175 1330 353 1428 2reponens
376 1354 509 1412 custodia
532 1373 563 1412 se
586 1373 691 1413 canum
714 1355 848 1413 ualleuIt.
892 1413 893 1418 ,

175 1446 192 1494 4
273 1438 434 1514 Dionysius
462 1441 608 1514 tyrannus
636 1441 717 1496 metu
746 1444 902 1498 tonsorum
929 1438 1007 1497 filias
1034 1457 1103 1498 suas
1127 1440 1180 1499 de-

209 1523 332 1581 tondere
361 1522 471 1580 docuit.
515 1542 588 1597 quas
616 1523 712 1598 ipsas,
742 1525 903 1599 postquam
931 1525 1050 1582 adultae
1077 1526 1180 1583 aetati

208 1606 506 1682 adpropinquabant,
536 1608 669 1666 instituit
692 1611 726 1666 ut
747 1607 933 1684 iuglandium
955 1627 1063 1666 nucum
1086 1613 1178 1684 puta-

208 1691 338 1750 minibus
361 1692 551 1751 cuadeotihus
572 1691 697 1751 barbam
719 1692 778 1751 sibi
800 1696 832 1750 et
854 1692 977 1766 capillos
998 1693 1175 1765 adurerent,
1196 1710 1219 1748 re

210 1780 300 1851 etque
330 1777 418 1834 etiam
450 1776 648 1834 cubicularem
676 1776 787 1835 lectum
810 1777 873 1835 lata
894 1776 974 1835 fosse
996 1777 1106 1848 cinxit,
1141 1778 1178 1836 in

209 1879 298 1935 quem
320 1879 352 1920 se
375 1861 474 1936 ligneo
496 1865 588 1935 ponte
609 1860 780 1936 recipiebat.
809 1861 953 1920 satellites
975 1860 1121 1920 barbaros
1145 1866 1179 1922 et

209 1963 309 2004 seruos
331 1945 467 2003 habehat.

410 2113 464 2171 DE
488 2112 766 2171 SIMILITVDINE
789 2111 967 2173 FORMAE.

160 2217 228 2283 14,1
273 2207 417 2290 Pompeio
432 2215 543 2290 Magno
555 2213 664 2272 Vibius
686 2215 832 2290 ingenuae
854 2215 958 2290 stirpis
973 2219 1004 2274 et
1017 2214 1176 2276 Publicius
1192 2233 1218 2273 aa
1269 2279 1270 2288 ,

210 2299 367 2358 libertInus
390 2299 501 2358 similes
523 2299 654 2358 fuerunt.

174 2393 189 2439 2
270 2383 362 2442 Pater
373 2381 426 2442 On.
439 2383 562 2458 Pompei
577 2383 751 2460 Menogenis
767 2384 854 2458 coqui
869 2385 916 2444 sui
930 2383 1090 2460 persimilis
1105 2383 1176 2444 fuit.

173 2479 189 2526 3
271 2467 424 2528 Cornelius
447 2467 546 2542 Scipio
575 2468 744 2526 uictimario
772 2469 890 2526 cuidem
912 2468 1071 2544 persimilis
1094 2472 1175 2528 erat.

172 2563 191 2610 4
271 2551 419 2612 Lentulus
448 2552 586 2611 histrioni
609 2551 763 2628 Spintheri
791 2553 897 2611 similis
924 2553 999 2625 fuit,
1032 2552 1175 2613 Metellus

207 2638 307 2713 Nepos
329 2636 484 2712 Pamphilo
508 2637 662 2695 tertiarum
684 2638 789 2695 actori.
1190 2653 1215 2694 ss
1269 2631 1270 2638 '

156 2727 209 2766 Εῑῑ-
273 2722 349 2796 Regi
372 2720 519 2780 Antiocho
546 2739 623 2780 unus
653 2740 688 2779 ex
711 2721 883 2796 aequalibus
905 2721 1025 2780 nomine
1046 2721 1174 2781 Artemo

176 2782 188 2827 ¹
207 2806 367 2883 persimilis
389 2805 457 2864 fult.
494 2824 582 2879 quern
605 2805 732 2864 Laodice
754 2825 828 2864 uxor
848 2804 990 2865 Antiochi
1012 2806 1174 2866 interfecto

206 2891 273 2949 niro
302 2889 507 2950 dissimulandi
537 2889 655 2948 sceleris
684 2890 781 2964 gratia
802 2892 834 2948 in
861 2890 971 2949 lectulo
993 2890 1115 2966 pertnde
1139 2908 1173 2949 aa

208 2975 233 3034 si
254 2976 353 3050 ipsum
375 2993 474 3049 regem
498 2974 674 3032 conlocauit.

175 3067 191 3116 2
273 3057 455 3134 Herophilus
477 3058 625 3117 ocularius
648 3059 778 3117 medicus
794 3062 854 3117 tam
870 3058 976 3118 similis
992 3058 1086 3116 Mario
1102 3057 1171 3130 fuit,
1187 3075 1212 3115 ae
1269 3071 1270 3074 ’

209 3146 244 3201 ut
265 3143 322 3203 sibi
345 3162 411 3202 eum
435 3162 525 3201 auum
547 3142 723 3202 uindicaret.
1269 3155 1270 3178 1

275 3310 290 3355 2
308 3303 355 3358 Μ’.
373 3305 503 3372 Piphius,
522 3304 634 3359 Marcus
652 3305 710 3359 cod.
723 3306 762 3372 14
780 3303 828 3359 Cn.
846 3320 897 3359 aas
913 3321 928 3359 e
947 3304 1019 3370 Vol,
1037 3304 1067 3359 G.
1085 3305 1170 3373 cod!
1269 3337 1270 3350 ,

208 3375 223 3422 ὅ
240 3369 336 3446 petitu
350 3373 381 3423 ut
397 3372 506 3423 saluum
524 3389 559 3426 m.
572 3377 588 3425 1
601 3373 640 3438 16
658 3373 787 3439 expirare
805 3373 919 3470 m.1q8
938 3387 1105 3440 conpressus
1118 3373 1128 3438 1
1143 3379 1175 3428 10
1269 3403 1270 3434 1

208 3450 372 3490 masrnnrssa
384 3439 394 3504 1
407 3437 462 3490 fide
475 3439 485 3504 1
500 3444 530 3490 12
547 3455 576 3492 se
594 3439 711 3492 tondere
724 3439 790 3494 heae
800 3440 883 3495 Gertz
913 3441 923 3517 11
938 3445 969 3493 15
986 3439 1174 3494 candentibus
1269 3441 1270 3506 1

206 3500 298 3564 suppl.
310 3501 411 3555 Gertz*
424 3507 434 3570 1
447 3510 479 3556 22
497 3506 648 3572 monogeni
666 3523 699 3560 m.
713 3510 730 3559 1
742 3507 752 3574 1
765 3513 797 3560 25
814 3506 944 3576 panphili
955 3507 966 3574 1
978 3513 1009 3561 31
1029 3505 1174 3563 uiudieere
1269 3509 1270 3516 ’
