2608 3952
298 158 375 212 aar.
385 157 432 225 vr,
452 161 499 222 su
511 163 535 211 5.
554 157 617 211 axe.
635 161 721 222 §aa
753 157 819 223 vn,
838 119 908 222 §rs
1027 158 1090 223 305

187 312 216 374 2.
253 309 343 374 Idem
370 310 562 392 praestando
584 308 722 373 Petelini
745 309 883 374 eundem
904 310 1009 374 laudis
1031 309 1089 373 ho·

8 393 20 404 “
123 417 234 461 norem
256 399 452 459 meruerunt.
476 395 516 459 ab
532 393 725 476 Hannibale,
741 395 815 477 quia
831 394 963 458 deficere
979 398 1090 458 nostra

8 1375 9 1382 .
126 1327 238 1409 itaque

123 480 266 546 amicitia
288 479 467 558 noluerant,
491 478 613 542 obsessi
635 479 759 561 legatos
782 479 823 541 ad
841 483 989 543 senatum
1003 479 1089 543 auxi-

123 566 203 629 lium
225 563 424 647 inplorantes
448 564 614 627 miserunt.
642 562 757 646 quibus
778 566 914 647 propter
928 565 1090 627 recentem

124 650 329 716 Cannensem
357 647 480 712 cladem
510 648 654 712 succurri
685 668 752 711 non
785 648 903 731 potuit.
948 650 1114 711 ceteruma

123 734 315 819 permissum
345 736 394 796 est
421 733 470 796 uti
497 733 643 796 facerent
664 732 750 815 quod
772 731 978 796 utilissimum
1000 732 1089 796 inco-

124 818 266 883 lumitati
289 818 434 900 ipsorum
455 817 629 882 uideretur.
662 816 799 881 liberum
822 837 898 901 ergo
921 820 990 882 erat
1010 815 1091 880 Kar·

126 902 381 987 thaginiensium
405 902 544 986 gratiam
567 902 726 985 amplecti.
760 901 808 966 illi
830 903 940 965 tamen
962 901 1091 965 feminis

126 989 279 1070 omnique
303 989 408 1050 aetate
430 986 542 1051 inbelli
565 987 644 1050 urbe
666 990 789 1071 egesta,
814 1006 877 1069 quo
901 986 1019 1050 diutius
1042 1007 1091 1049 ar·

126 1073 206 1137 mati
228 1071 347 1135 famem
369 1070 549 1148 traherent,
572 1071 824 1154 pertinacissime
845 1070 880 1134 in
902 1071 1001 1134 muris
1017 1087 1131 1134 con-10

126 1157 296 1238 stiterunt,
320 1157 541 1239 expirauitque
555 1156 644 1239 prius
660 1176 769 1219 eorum
783 1158 853 1219 tota
868 1155 980 1220 ciuitas
996 1176 1092 1239 quam

126 1241 194 1305 ulla
217 1263 255 1305 ex
260 1243 362 1388 parte
378 1244 559 1323 respectum
575 1238 740 1304 Romanae
755 1239 918 1304 societatis
933 1239 1091 1322 deposuit.

294 1325 440 1389 annibali
462 1345 530 1388 non
551 1324 722 1404 Peteliam,
752 1325 806 1388 sed
829 1324 927 1388 fidum
949 1325 1092 1389 Peteliae
1150 1401 1152 1408 Ι

124 1411 306 1494 sepulerum
329 1430 441 1493 capere
464 1409 612 1492 contigit.

201 1578 276 1644 Vll.
310 1577 369 1642 DE
392 1577 496 1642 FIDE
520 1575 710 1641 VXORVM
732 1575 854 1640 ERGA
878 1575 1017 1644 VIROS.
1043 1545 1045 1551 ,
1108 1587 1133 1626 1⁵

193 1683 220 1745 1.
262 1681 368 1764 Atque
391 1683 427 1744 ut
448 1680 594 1744 uxoriam
617 1699 743 1762 quoque
765 1677 861 1753 fidem
883 1679 1091 1762 attingamus,

127 1767 237 1831 Tertia
253 1764 407 1848 Aemilia,
430 1764 577 1828 Africani
599 1765 716 1848 prioris
739 1784 828 1846 uxor,
851 1766 954 1827 mater
975 1763 1094 1827 (lorne-

126 1852 190 1916 liae
203 1849 430 1932 Gracchorum,
452 1851 563 1912 tantae
585 1848 648 1912 fuit
670 1848 830 1912 comitatis
852 1851 885 1912 et
906 1847 1092 1931 patientiae,

127 1939 178 2019 ut,
210 1958 281 2000 cum
310 1935 407 1999 sciret
436 1933 506 1998 uiro
530 1955 587 1999 suo
611 1933 795 1998 ancillulam
818 1954 857 1996 ex
879 1933 945 1996 suis
967 1935 1094 2016 gratam

128 2042 213 2100 esse,
237 2019 502 2101 dissimulauerit,
525 2040 567 2084 ne
591 2018 781 2083 domitorem
805 2018 891 2082 orbis
904 2017 1094 2081 Africanum
1108 2035 1133 2075 ao

129 2105 253 2170 femina
274 2108 295 2184 †
315 2125 469 2187 magnum
498 2105 604 2168 uirum
629 2103 842 2186 inpatientiae
863 2125 952 2168 reum
974 2104 1093 2188 agerat,

127 2193 319 2272 tantumque
342 2211 361 2251 a
383 2187 526 2252 uindicta
547 2209 639 2252 mens
662 2189 729 2252 eius
753 2188 844 2270 afuit,
867 2190 903 2251 ut
917 2191 991 2272 post
1012 2208 1095 2251 mor-

200 2329 212 2375 1
231 2321 342 2390 petilini
359 2321 426 2381 LA,
446 2322 593 2374 emendarat
610 2322 704 2374 ePar.
719 2323 758 2389 {12
777 2338 794 2374 a
811 2324 907 2375 nostra
924 2322 1049 2376 amicitia
1057 2323 1096 2375 A²

128 2391 231 2456 Halm,
260 2389 361 2466 nostris
373 2387 500 2465 amicitia
517 2388 595 2452 LA1,
622 2388 688 2454 fort.
709 2388 862 2442 destituere
881 2390 936 2454 (ael
955 2388 1095 2456 deserere)

127 2460 261 2580 artas
279 2455 911 2590 restra.{tratres-arm
929 2457 1097 2590 arat

128 2594 260 2673 Ραιιμι
278 2594 304 2646 er
321 2592 380 2645 LA
404 2592 414 2659 ιι
437 2563 712 2669 insimulato
734 2591 744 2658 ι
767 2595 784 2669 a
802 2591 889 2644 aetas
906 2564 946 2643 ΑΙ
962 2590 973 2658 ιι
992 2589 1097 2668 aturrus

128 2662 252 2739 Piphras
269 2677 282 2714 e
300 2660 378 2714 codd.
397 2659 443 2729 (?)‚
462 2661 550 2713 tutius
568 2657 627 2711 LA
645 2659 711 2712 dett.
730 2673 783 2710 mea
801 2673 871 2715 omo.
890 2659 900 2726 ιι
920 2664 950 2712 13
965 2659 1095 2777 petrlram

130 2735 155 2784 et
173 2729 288 2796 petihae
308 2728 367 2781 LA
384 2729 394 2795 ιι
413 2733 444 2780 14
462 2726 643 2804 sepulchrum
660 2726 698 2779 Α1
717 2725 805 2803 Halm
821 2727 831 2793 ιι
850 2731 881 2779 15
900 2725 947 2778 DE
989 2723 1050 2777 IDE
1065 2754 1096 2764 ·—

130 2795 240 2852 VIROS
258 2797 291 2849 ia
307 2811 362 2849 ros.
381 2799 448 2850 cat
466 2797 503 2860 A,
533 2794 648 2848 letatum
666 2799 730 2861 post
754 2795 926 2861 attingamus
944 2792 1024 2846 habet
1041 2792 1068 2845 L
1084 2793 1095 2858 ιι

130 2864 231 2917 ERGA
249 2863 357 2940 vinos
376 2877 426 2917 om.
445 2863 508 2916 Por
528 2863 538 2929 ιι
553 2867 583 2914 16
602 2862 826 2930 Atque-tertia
842 2862 875 2915 in
892 2877 947 2916 ras.
960 2862 1024 2937 Μ
1042 2859 1069 2912 Α
1083 2861 1095 2938 ιι

132 2937 164 2985 17
183 2931 291 2983 corneli
308 2932 338 2983 et
356 2947 397 2997 gr.
415 2932 456 2984 Al
473 2933 484 2999 ιι
502 2934 533 2983 18
551 2929 720 2998 grachorum
739 2928 766 2981 L
778 2930 788 2996 ιι
806 2934 837 2981 21
855 2929 1030 2998 inpotent1ae
1049 2927 1098 2980 Le-

126 2999 217 3068 psiaa
237 2998 310 3075 quod
327 2999 401 3064 proh.
422 2997 554 3075 Foertseb
571 2996 663 3074 11128
681 3004 707 3051 et
724 2995 822 3060 Halm,
840 2995 1040 3074 {indecentia}
1057 2995 1099 3047 in-

131 3067 358 3142 temperantiae?
380 3065 496 3132 Gener,
523 3063 1045 3143 mpudrcitiae‚incontrnent1aealra,
1069 3068 1099 3116 at

131 3130 1099 3270 rarius..rra-traltrrrtrt.llt..-turrira.rt:

132 3269 295 3348 patientior.
323 3269 448 3348 equidem
466 3269 591 3348 desidero
609 3242 731 3338 aliqdiot,
751 3268 822 3336 qaod
839 3246 873 3322 'ot
889 3265 1099 3343 femiaadomi-

131 3345 186 3392 tora
199 3337 327 3403 Afrrcae,
345 3353 385 3390 sac
402 3353 501 3405 mayoc
519 3352 583 3390 acro
601 3341 766 3404 opponatur.
793 3334 857 3401 fort.
876 3351 912 3387 ne
931 3333 1100 3411 domitorem

133 3423 158 3484 o,
178 3406 210 3458 A.
227 3404 345 3482 semina,
372 3420 507 3474 magnum
529 3405 621 3456 uirum
643 3402 829 3481 (muliebris)
851 3402 1019 3480 inpatientia
1043 3400 1101 3480 (ael

132 3473 326 3599 terrra
343 3473 608 3608 tatastat?
626 3472 938 3593 stratellam
953 3473 1015 3536 ue.
1029 3472 1099 3534 ⁶¹⁰³)

184 3634 245 3674 Van.
258 3635 324 3676 Max.
916 3627 950 3676 20
