2590 3948
205 183 247 247 28
397 184 417 196 ·
634 176 703 234 arn.
721 177 743 236 1.

207 335 362 416 quantum
393 331 429 395 in
460 330 530 414 ipso
564 330 684 413 fuerat,
715 329 896 396 Romanum
923 329 1094 415 sepelierat
1120 330 1183 396 im·

205 417 341 503 perium.

149 502 155 512 '
271 502 300 565 7.
334 499 474 566 Flamini
501 502 608 564 autem
630 499 838 582 praecipitem
865 497 1030 577 audaciam
1051 498 1086 565 O.
1109 499 1183 565 Ho-

209 585 314 650 stilius
342 584 512 650 Mancinus
534 605 676 648 uaesana
700 584 940 667 perseuerantia
961 584 1181 667 subsequitur.

181 671 262 737 acui
285 670 409 736 consuli
429 671 464 733 in
478 669 669 752 Hispaniam
691 669 775 732 ituro
790 667 869 732 haec
885 668 977 751 prodi
1004 669 1033 731 'a
1055 669 1183 734 accide-

207 759 299 820 runt:
333 776 405 820 cum
434 754 559 818 Lauinii
593 752 783 817 sacrificium
811 752 919 817 facere
948 774 988 816 uc
1001 753 1061 836 let,
1095 753 1182 838 pulli

208 861 305 905 cauea
333 839 441 904 emissi
462 839 497 902 in
519 838 698 921 proximam
721 837 838 901 siluam
859 836 1015 921 fugerunt
1037 858 1183 904 summa-

252 947 270 989 e
292 923 462 1009 diligentia
483 922 621 1006 quaesiti
641 922 774 1005 reperiri
796 921 1021 1004 nequiucrunt.
1049 944 1123 987 cum
1138 924 1182 988 ab

242 1008 358 1074 arculis
377 1010 485 1092 portu,
509 1027 572 1090 quo
592 1007 728 1090 pedibus
747 1009 949 1090 peruenerat,
971 1028 1087 1071 nauem
1105 1027 1183 1072 con·

171 1121 197 1161 ιο
210 1092 386 1174 scanderet,
410 1091 485 1155 talis
507 1112 571 1155 uox
598 1091 669 1155 sine
691 1091 756 1155 ullo
778 1093 908 1158 auctore
931 1091 971 1155 ad
993 1113 1086 1156 aures
1110 1093 1182 1157 eius

209 1177 368 1261 peruenit,
391 1175 564 1258 ‘Mancina
584 1180 703 1240 mane’.
736 1176 954 1259 quaternitas,
972 1177 1183 1242 cumitinere

210 1281 364 1326 conuerso
393 1259 537 1324 Genuam
566 1261 701 1344 petisset
730 1263 763 1325 et
784 1260 829 1324 ibi
851 1259 1001 1343 scapham
1025 1265 1110 1326 esset
1132 1263 1183 1326 in·
1282 1289 1287 1298 ·

209 1365 354 1430 gressus,
383 1345 497 1430 anguis
527 1345 662 1409 eximiae
695 1344 929 1428 magnitudinis
952 1346 1041 1411 uisus
1064 1368 1081 1410 e
1104 1367 1182 1413 con-

209 1434 320 1514 spectu
348 1429 439 1494 abiit.
484 1449 561 1514 ergo
594 1429 686 1513 prodi
713 1431 813 1494 'orum
846 1450 1014 1496 numerum
1042 1451 1181 1498 numero
1286 1485 1287 1522 ,

170 1541 195 1582 15
210 1515 441 1581 calamitatium
464 1515 621 1597 aequauit,
645 1449 768 1579 indici
789 1535 907 1600 pugna,
929 1516 1017 1599 turpi
1038 1514 1181 1596 foedere,

209 1600 370 1666 deditione
392 1599 532 1664 funesta.

273 1686 302 1750 8.
338 1684 447 1749 Minus
474 1683 588 1748 miram
616 1683 652 1747 in
680 1682 811 1748 homine
839 1703 951 1766 parum
974 1684 1181 1750 considerato

208 1770 422 1834 temeritatem
449 1768 497 1832 Ti.
521 1766 658 1832 Gracchi
678 1767 863 1852 grauissimi
887 1767 967 1832 ciuis
986 1768 1089 1834 tristis
1111 1770 1181 1834 exi·
1287 1799 1288 1836 l

207 1857 261 1917 tus
284 1856 317 1918 et
337 1853 486 1937 prodigio
509 1853 717 1917 denuntiatus
739 1873 799 1917 nec
822 1853 960 1918 euitatus
975 1854 1110 1919 consilio
1132 1854 1183 1919 fa·

170 1938 270 2018 pacit:
294 1936 406 2002 consul
430 1937 515 2001 enim
538 1937 660 2002 cumin
675 1935 812 2001 Lucanis
827 1937 1032 2022 sacrificaret,
1054 1960 1182 2024 angues

209 2022 289 2086 duae
312 2042 352 2085 ex
374 2022 501 2086 occulto
515 2021 687 2106 prolapsae
702 2029 834 2106 repente
850 2021 983 2105 hostiae,
1005 2044 1102 2108 quam
1117 2024 1182 2088 im·

208 2106 401 2186 molauerat,
424 2106 519 2171 adeso
541 2106 684 2171 iocinore
706 2107 741 2170 in
764 2106 890 2172 easdem
913 2127 947 2170 se
970 2108 1108 2173 latebras
1130 2129 1182 2174 re·

207 2190 364 2256 tulerunt.
408 2191 448 2254 ob
471 2190 504 2254 id
526 2189 641 2255 deindo
668 2191 790 2256 factum
817 2192 997 2258 instaurato
1019 2193 1182 2259 sacrificio
1288 2255 1289 2272 ,

207 2276 293 2339 idem
322 2273 463 2358 prodigii
491 2275 609 2341 euenit.
653 2277 749 2340 tertia
779 2296 903 2361 quoque
931 2297 1024 2342 caesa
1046 2279 1183 2343 uictima

169 2383 195 2425 aa
211 2359 460 2457 diligentiusque
474 2359 663 2458 ‚adseruatis
692 2361 773 2459 extis
801 2382 904 2460 neque
931 2362 1082 2460 adlapsus
1110 2383 1183 2428 scr-

208 2447 355 2530 pentrum
383 2465 483 2508 arcerr
509 2464 613 2528 neque
648 2445 727 2530 luga
755 2446 894 2529 mpedrrr
921 2450 1043 2532 poturt.
1092 2447 1182 2532 quod

208 2614 358 2666 inuentum
375 2611 411 2678 cf.
429 2613 496 2668 Liu.
515 2613 532 2667 l.
553 2630 592 2669 a:
613 2613 779 2696 inquisitum
796 2629 853 2697 nqn
870 2614 989 2680 inuenit,
1009 2612 1099 2696 Nepa,
1120 2633 1181 2672 non

208 2681 387 2817 cantitari.
400 2681 577 2804 stratu
588 2680 895 2817 lacessirent.
906 2683 1108 2820 'litterar
1118 2685 1182 2807 tl*

208 2816 271 2870 ritis
289 2818 327 2871 L¹
340 2818 350 2884 1
364 2823 395 2870 12
408 2832 530 2885 genuam
547 2817 579 2871 ia
595 2832 651 2870 ras.
668 2816 695 2869 A
707 2833 721 2871 c
732 2817 811 2881 Par..
829 2818 944 2874 ianuam
957 2819 984 2873 L
996 2824 1023 2872 et
1036 2821 1100 2877 dett.
1114 2821 1125 2888 ΙΙ
1137 2821 1181 2876 in·

242 2899 353 2940 casurus
371 2882 499 2953 asanaa,
516 2889 549 2938 at
565 2899 618 2938 noa
633 2885 703 2942 Par.
721 2885 730 2952 ss
751 2892 781 2939 18
798 2887 827 2939 in
846 2902 880 2940 aa
898 2887 997 2955 anguis
1014 2888 1083 2946 Par.
1102 2890 1112 2956 ΙΙ
1125 2889 1179 2944 uis'

208 2901 242 3019 di.
261 2968 282 3006 e.
300 2951 387 3020 uisus)
406 2953 441 3015 A,
460 2953 522 3005 nisa
538 2966 633 3020 murco
651 2951 678 3004 A
695 2953 790 3007 cPar.
811 2953 846 3019 cf,
861 2954 883 3007 I
895 2957 923 3022 8,
935 2957 971 3019 2;
993 2959 1025 3010 at
1041 2956 1181 3020 feminino

205 3036 303 3090 uenere
314 3021 371 3088 16,
388 3022 444 3074 det
454 3023 488 3085 8,·
505 3020 553 3074 18
565 3025 617 3078 act.
630 3023 679 3085 19;
696 3021 757 3073 uisa
768 3021 889 3075 subitos
908 3037 1002 3103 consp.
1018 3022 1126 3078 Gertz*
1139 3025 1180 3094 ns

208 3089 361 3157 conspectu
388 3087 459 3141 abiit
485 3103 552 3157 ergo
575 3103 721 3141 numerum
748 3087 944 3157 prodigiorum
972 3107 1003 3146 aa
1030 3108 1085 3147 ras.
1104 3096 1181 3150 aa]

208 3155 257 3224 All
273 3161 303 3210 14
320 3156 398 3224 ergo]
416 3155 489 3224 itaq:
506 3171 569 3208 mur
618 3155 645 3208 A
658 3171 672 3209 c
684 3155 754 3214 Par,
767 3155 777 3222 ΙΙ
789 3156 1065 3226 prodigiorum-(ona
1082 3176 1180 3214 nume-

207 3225 289 3285 ruml,
301 3222 336 3275 L¹
349 3223 431 3291 prodi
453 3240 549 3281 .num.
584 3227 627 3276 ett.
640 3238 721 3286 omn,
740 3223 852 3278 inemo
870 3224 968 3280 ordine
979 3227 1050 3283 Par.
1065 3229 1075 3296 fl
1091 3235 1121 3283 15
1134 3245 1180 3282 ca·

207 3290 378 3367 lamitatium
391 3290 418 3344 L
461 3292 541 3368 Pur,
561 3289 753 3344 calamitatum
766 3291 854 3370 dettu
870 3298 901 3346 17
912 3291 1056 3348 hominem
1069 3296 1150 3351 L¹A¹
1163 3297 1167 3364 Ι

210 3363 242 3412 18
259 3357 314 3410 trbr
332 3356 378 3424 L¹‚
397 3358 493 3412 tiberii
511 3358 557 3424 Ι),
575 3359 671 3412 tibeA
688 3360 697 3428 ss
715 3365 748 3412 20
760 3358 872 3414 lucania
886 3361 955 3414 Par.
970 3363 980 3430 ΙΙ
993 3363 1165 3420 sacrificasse

208 3425 275 3489 LA,
292 3425 437 3480 emendarat
449 3427 541 3480 ePcr.
555 3427 565 3494 t
578 3431 611 3480 22
622 3424 744 3480 iocinore
758 3425 825 3491 LA,
836 3429 870 3493 cf.
881 3429 903 3482 I
911 3433 937 3496 6,
946 3433 970 3484 9.
987 3431 1087 3487 Ulceris
1095 3449 1123 3500 p.
1133 3435 1178 3498 48,

207 3497 245 3549 20
257 3498 283 3546 ct
294 3493 354 3555 546,
367 3495 386 3544 8
402 3492 478 3558 Keil,
497 3499 527 3546 at
543 3493 666 3546 iocinere
678 3494 748 3547 Par.
760 3493 848 3548 Halm
861 3502 893 3550 ut
904 3497 962 3550 ΙΙΙ
972 3502 989 3552 7
1001 3504 1054 3555 eat.
1068 3504 1086 3555 6
1098 3501 1108 3570 ss
1121 3499 1177 3555 ret-
1276 3545 1282 3554 .

208 3559 338 3618 tulerunt
356 3558 450 3625 Halm,
467 3564 499 3612 ut
516 3573 566 3614 nos
583 3559 642 3614 LA
655 3561 664 3627 l
677 3565 710 3613 26
728 3559 825 3628 fugam
843 3562 880 3616 L¹
