<?xml version="1.0" encoding="UTF-8"?>
<!DOCTYPE html PUBLIC "-//W3C//DTD XHTML 1.0 Transitional//EN"
    "http://www.w3.org/TR/xhtml1/DTD/xhtml1-transitional.dtd">
<html xmlns="http://www.w3.org/1999/xhtml" xml:lang="en" lang="en">
 <head>
  <title>
</title>
<meta http-equiv="Content-Type" content="text/html;charset=utf-8" />
  <meta name='ocr-system' content='tesseract 3.04.00' />
  <meta name='ocr-capabilities' content='ocr_page ocr_carea ocr_par ocr_line ocrx_word'/>
</head>
<body>
  <div class='ocr_page' id='page_1' title='image "./valeriimaximifa00nepogoog_0661.png"; bbox 0 0 2540 3950; ppageno 0'>
   <div class='ocr_carea' id='block_1_1' title="bbox 210 133 885 202">
    <p class='ocr_par' dir='ltr' id='par_1_1' title="bbox 210 133 885 202">
     <span class='ocr_line' id='line_1_1' title="bbox 210 133 885 202; baseline -0.001 -13"><span class='ocrx_word' id='word_1_1' title='bbox 210 136 275 202; x_wconf 84' lang='lat'>620</span> <span class='ocrx_word' id='word_1_2' title='bbox 495 133 885 202; x_wconf 66' lang='lat' dir='ltr'>rusromnmurmous</span> 
     </span>
    </p>
   </div>
   <div class='ocr_carea' id='block_1_2' title="bbox 69 293 1251 2990">
    <p class='ocr_par' dir='ltr' id='par_1_2' title="bbox 69 293 1204 623">
     <span class='ocr_line' id='line_1_2' title="bbox 69 293 1204 370; baseline 0.004 -22"><span class='ocrx_word' id='word_1_3' title='bbox 69 307 199 354; x_wconf 67' lang='lat' dir='ltr'>vum</span> <span class='ocrx_word' id='word_1_4' title='bbox 208 293 274 370; x_wconf 86' lang='lat' dir='ltr'>tali,</span> <span class='ocrx_word' id='word_1_5' title='bbox 295 312 334 353; x_wconf 91' lang='lat' dir='ltr'>ue</span> <span class='ocrx_word' id='word_1_6' title='bbox 357 311 391 354; x_wconf 92' lang='lat' dir='ltr'>eo</span> <span class='ocrx_word' id='word_1_7' title='bbox 413 293 537 352; x_wconf 88' lang='lat' dir='ltr'>absente</span> <span class='ocrx_word' id='word_1_8' title='bbox 559 294 717 369; x_wconf 76' lang='lat' dir='ltr'>pugnaret.</span> <span class='ocrx_word' id='word_1_9' title='bbox 752 293 924 352; x_wconf 86' lang='lat' dir='ltr'>adolescens</span> <span class='ocrx_word' id='word_1_10' title='bbox 945 294 1051 352; x_wconf 85' lang='lat' dir='ltr'>tamen</span> <span class='ocrx_word' id='word_1_11' title='bbox 1073 312 1204 369; x_wconf 85' lang='lat' dir='ltr'>prouo-</span> 
     </span>
     <span class='ocr_line' id='line_1_3' title="bbox 210 377 1204 453; baseline 0 -15"><span class='ocrx_word' id='word_1_12' title='bbox 210 381 295 438; x_wconf 80' lang='lat' dir='ltr'>catus</span> <span class='ocrx_word' id='word_1_13' title='bbox 322 379 425 453; x_wconf 83' lang='lat' dir='ltr'>erupit</span> <span class='ocrx_word' id='word_1_14' title='bbox 451 380 483 437; x_wconf 89' lang='lat' dir='ltr'>et</span> <span class='ocrx_word' id='word_1_15' title='bbox 512 377 594 437; x_wconf 82' lang='lat' dir='ltr'>uicit.</span> <span class='ocrx_word' id='word_1_16' title='bbox 637 393 793 452; x_wconf 80' lang='lat' dir='ltr'>regressus</span> <span class='ocrx_word' id='word_1_17' title='bbox 820 377 940 436; x_wconf 82' lang='lat' dir='ltr'>Mallius</span> <span class='ocrx_word' id='word_1_18' title='bbox 965 395 1022 452; x_wconf 90' lang='lat' dir='ltr'>pro</span> <span class='ocrx_word' id='word_1_19' title='bbox 1053 379 1204 438; x_wconf 81' lang='lat' dir='ltr'>uictoria</span> 
     </span>
     <span class='ocr_line' id='line_1_4' title="bbox 209 457 1203 532; baseline 0.001 -11"><span class='ocrx_word' id='word_1_20' title='bbox 209 457 306 522; x_wconf 88' lang='lat' dir='ltr'>tilium</span> <span class='ocrx_word' id='word_1_21' title='bbox 333 464 365 522; x_wconf 90' lang='lat' dir='ltr'>in</span> <span class='ocrx_word' id='word_1_22' title='bbox 393 462 532 521; x_wconf 90' lang='lat' dir='ltr'>contione</span> <span class='ocrx_word' id='word_1_23' title='bbox 554 461 707 532; x_wconf 84' lang='lat' dir='ltr'>laudauit,</span> <span class='ocrx_word' id='word_1_24' title='bbox 738 461 791 521; x_wconf 91' lang='lat' dir='ltr'>sed</span> <span class='ocrx_word' id='word_1_25' title='bbox 811 465 909 521; x_wconf 88' lang='lat' dir='ltr'>morte</span> <span class='ocrx_word' id='word_1_26' title='bbox 931 463 995 520; x_wconf 90' lang='lat' dir='ltr'>eins</span> <span class='ocrx_word' id='word_1_27' title='bbox 1016 462 1203 522; x_wconf 85' lang='lat' dir='ltr'>militarem</span> 
     </span>
     <span class='ocr_line' id='line_1_5' title="bbox 209 546 1202 623; baseline -0.001 -16"><span class='ocrx_word' id='word_1_28' title='bbox 209 549 310 607; x_wconf 90' lang='lat' dir='ltr'>tenuit</span> <span class='ocrx_word' id='word_1_29' title='bbox 325 546 529 623; x_wconf 76' lang='lat' dir='ltr'>disciplinam:</span> <span class='ocrx_word' id='word_1_30' title='bbox 551 547 648 605; x_wconf 85' lang='lat' dir='ltr'>securi</span> <span class='ocrx_word' id='word_1_31' title='bbox 662 546 743 606; x_wconf 89' lang='lat' dir='ltr'>enim</span> <span class='ocrx_word' id='word_1_32' title='bbox 757 549 806 605; x_wconf 89' lang='lat' dir='ltr'>est</span> <span class='ocrx_word' id='word_1_33' title='bbox 819 564 976 621; x_wconf 86' lang='lat' dir='ltr'>percussus</span> <span class='ocrx_word' id='word_1_34' title='bbox 991 547 1202 608; x_wconf 78' lang='lat' dir='ltr'><strong>adolescens.</strong></span> 
     </span>
    </p>

    <p class='ocr_par' dir='ltr' id='par_1_3' title="bbox 143 630 1224 1046">
     <span class='ocr_line' id='line_1_6' title="bbox 143 630 1224 707; baseline 0.001 -16"><span class='ocrx_word' id='word_1_35' title='bbox 143 641 193 705; x_wconf 89' lang='grc'>7,7</span> <span class='ocrx_word' id='word_1_36' title='bbox 276 632 305 692; x_wconf 90' lang='grc'>6.</span> <span class='ocrx_word' id='word_1_37' title='bbox 328 633 363 694; x_wconf 97' lang='lat' dir='ltr'>L.</span> <span class='ocrx_word' id='word_1_38' title='bbox 379 631 529 690; x_wconf 83' lang='lat' dir='ltr'>Minucius</span> <span class='ocrx_word' id='word_1_39' title='bbox 550 630 656 690; x_wconf 87' lang='lat' dir='ltr'>consul</span> <span class='ocrx_word' id='word_1_40' title='bbox 677 630 786 690; x_wconf 88' lang='lat' dir='ltr'>missus</span> <span class='ocrx_word' id='word_1_41' title='bbox 808 633 855 690; x_wconf 88' lang='lat' dir='ltr'>est</span> <span class='ocrx_word' id='word_1_42' title='bbox 875 633 981 690; x_wconf 86' lang='lat' dir='ltr'>contra</span> <span class='ocrx_word' id='word_1_43' title='bbox 1002 630 1144 707; x_wconf 81' lang='lat' dir='ltr'>Aequos</span> <span class='ocrx_word' id='word_1_44' title='bbox 1170 637 1224 692; x_wconf 83' lang='lat' dir='ltr'>et⁵</span> 
     </span>
     <span class='ocr_line' id='line_1_7' title="bbox 209 714 1201 791; baseline 0.002 -15"><span class='ocrx_word' id='word_1_45' title='bbox 209 716 352 788; x_wconf 80' lang='lat' dir='ltr'>Faliscos,</span> <span class='ocrx_word' id='word_1_46' title='bbox 376 733 504 790; x_wconf 90' lang='lat' dir='ltr'>cumque</span> <span class='ocrx_word' id='word_1_47' title='bbox 525 715 590 773; x_wconf 91' lang='lat' dir='ltr'>eius</span> <span class='ocrx_word' id='word_1_48' title='bbox 604 717 703 775; x_wconf 85' lang='lat' dir='ltr'>eastra</span> <span class='ocrx_word' id='word_1_49' title='bbox 724 716 893 791; x_wconf 88' lang='lat' dir='ltr'>coepissent</span> <span class='ocrx_word' id='word_1_50' title='bbox 914 715 951 774; x_wconf 89' lang='lat' dir='ltr'>ab</span> <span class='ocrx_word' id='word_1_51' title='bbox 966 714 1115 776; x_wconf 75' lang='lat' dir='ltr'>hostibus</span> <span class='ocrx_word' id='word_1_52' title='bbox 1143 719 1201 778; x_wconf 94' lang='lat' dir='ltr'>ob-</span> 
     </span>
     <span class='ocr_line' id='line_1_8' title="bbox 211 797 1201 874; baseline 0.002 -14"><span class='ocrx_word' id='word_1_53' title='bbox 211 801 316 874; x_wconf 89' lang='lat' dir='ltr'>sideri,</span> <span class='ocrx_word' id='word_1_54' title='bbox 338 799 376 860; x_wconf 90' lang='lat' dir='ltr'>L.</span> <span class='ocrx_word' id='word_1_55' title='bbox 396 799 537 870; x_wconf 72' lang='lat' dir='ltr'>Quintius</span> <span class='ocrx_word' id='word_1_56' title='bbox 560 797 755 859; x_wconf 78' lang='lat' dir='ltr'>Cincinnatus</span> <span class='ocrx_word' id='word_1_57' title='bbox 776 801 809 859; x_wconf 89' lang='lat' dir='ltr'>in</span> <span class='ocrx_word' id='word_1_58' title='bbox 830 800 973 858; x_wconf 80' lang='lat' dir='ltr'>auxilium</span> <span class='ocrx_word' id='word_1_59' title='bbox 994 799 1116 861; x_wconf 86' lang='lat' dir='ltr'>missus</span> <span class='ocrx_word' id='word_1_60' title='bbox 1143 802 1201 862; x_wconf 88' lang='lat' dir='ltr'>bo-</span> 
     </span>
     <span class='ocr_line' id='line_1_9' title="bbox 211 885 1200 962; baseline 0.002 -18"><span class='ocrx_word' id='word_1_61' title='bbox 211 889 272 946; x_wconf 79' lang='lat' dir='ltr'>stes</span> <span class='ocrx_word' id='word_1_62' title='bbox 299 885 475 962; x_wconf 84' lang='lat' dir='ltr'>subiugauit</span> <span class='ocrx_word' id='word_1_63' title='bbox 502 886 534 943; x_wconf 87' lang='lat' dir='ltr'>et</span> <span class='ocrx_word' id='word_1_64' title='bbox 560 885 713 944; x_wconf 89' lang='lat' dir='ltr'>consulem</span> <span class='ocrx_word' id='word_1_65' title='bbox 734 885 914 961; x_wconf 85' lang='lat' dir='ltr'>magistratu</span> <span class='ocrx_word' id='word_1_66' title='bbox 936 885 1071 960; x_wconf 89' lang='lat' dir='ltr'>depulit,</span> <span class='ocrx_word' id='word_1_67' title='bbox 1104 887 1200 962; x_wconf 92' lang='lat' dir='ltr'>quod</span> 
     </span>
     <span class='ocr_line' id='line_1_10' title="bbox 210 967 792 1046; baseline -0.003 -16"><span class='ocrx_word' id='word_1_68' title='bbox 210 970 317 1030; x_wconf 87' lang='lat' dir='ltr'>castris</span> <span class='ocrx_word' id='word_1_69' title='bbox 339 987 381 1046; x_wconf 87' lang='lat' dir='ltr'>se,</span> <span class='ocrx_word' id='word_1_70' title='bbox 402 987 464 1028; x_wconf 91' lang='lat' dir='ltr'>non</span> <span class='ocrx_word' id='word_1_71' title='bbox 485 969 576 1028; x_wconf 87' lang='lat' dir='ltr'>armis</span> <span class='ocrx_word' id='word_1_72' title='bbox 599 967 792 1028; x_wconf 89' lang='lat' dir='ltr'>defendisset.</span> 
     </span>
    </p>

    <p class='ocr_par' dir='ltr' id='par_1_4' title="bbox 126 1051 1229 1215">
     <span class='ocr_line' id='line_1_11' title="bbox 126 1051 1229 1130; baseline 0.001 -16"><span class='ocrx_word' id='word_1_73' title='bbox 126 1066 152 1128; x_wconf 99' lang='grc'>7,</span> <span class='ocrx_word' id='word_1_74' title='bbox 162 1065 194 1113; x_wconf 78' lang='lat'>12</span> <span class='ocrx_word' id='word_1_75' title='bbox 277 1057 306 1115; x_wconf 80' lang='lat'>7.</span> <span class='ocrx_word' id='word_1_76' title='bbox 338 1053 497 1113; x_wconf 85' lang='lat' dir='ltr'>Africanus</span> <span class='ocrx_word' id='word_1_77' title='bbox 527 1051 628 1129; x_wconf 87' lang='lat' dir='ltr'>Scipio</span> <span class='ocrx_word' id='word_1_78' title='bbox 664 1052 782 1112; x_wconf 84' lang='lat' dir='ltr'>deuicta</span> <span class='ocrx_word' id='word_1_79' title='bbox 814 1051 994 1130; x_wconf 77' lang='lat' dir='ltr'>Carthagine</span> <span class='ocrx_word' id='word_1_80' title='bbox 1027 1052 1197 1116; x_wconf 84' lang='lat' dir='ltr'>Romanos</span> <span class='ocrx_word' id='word_1_81' title='bbox 1210 1066 1229 1104; x_wconf 86' lang='lat'>1⁰</span> 
     </span>
     <span class='ocr_line' id='line_1_12' title="bbox 211 1135 1127 1215; baseline 0 -17"><span class='ocrx_word' id='word_1_82' title='bbox 211 1139 384 1215; x_wconf 78' lang='lat' dir='ltr'>transfugas</span> <span class='ocrx_word' id='word_1_83' title='bbox 405 1137 543 1197; x_wconf 78' lang='lat' dir='ltr'>cursibus</span> <span class='ocrx_word' id='word_1_84' title='bbox 565 1137 671 1212; x_wconf 85' lang='lat' dir='ltr'>affixit,</span> <span class='ocrx_word' id='word_1_85' title='bbox 693 1135 818 1196; x_wconf 89' lang='lat' dir='ltr'>Latinos</span> <span class='ocrx_word' id='word_1_86' title='bbox 840 1138 936 1196; x_wconf 87' lang='lat' dir='ltr'>securi</span> <span class='ocrx_word' id='word_1_87' title='bbox 956 1135 1127 1214; x_wconf 86' lang='lat' dir='ltr'>percussit.</span> 
     </span>
    </p>

    <p class='ocr_par' dir='ltr' id='par_1_5' title="bbox 127 1221 1196 1383">
     <span class='ocr_line' id='line_1_13' title="bbox 127 1221 1196 1304; baseline 0.001 -20"><span class='ocrx_word' id='word_1_88' title='bbox 127 1233 194 1296; x_wconf 84' lang='grc'><strong>7,13</strong></span> <span class='ocrx_word' id='word_1_89' title='bbox 276 1223 306 1304; x_wconf 91' lang='grc' dir='ltr'>8.Ι</span> <span class='ocrx_word' id='word_1_90' title='bbox 337 1223 491 1282; x_wconf 85' lang='lat' dir='ltr'>Posterior</span> <span class='ocrx_word' id='word_1_91' title='bbox 511 1221 671 1280; x_wconf 84' lang='lat' dir='ltr'>Africanus</span> <span class='ocrx_word' id='word_1_92' title='bbox 694 1222 860 1282; x_wconf 84' lang='lat' dir='ltr'>desertores</span> <span class='ocrx_word' id='word_1_93' title='bbox 884 1223 921 1280; x_wconf 92' lang='lat' dir='ltr'>de</span> <span class='ocrx_word' id='word_1_94' title='bbox 942 1221 1064 1282; x_wconf 81' lang='lat' dir='ltr'>auxiliis</span> <span class='ocrx_word' id='word_1_95' title='bbox 1089 1225 1196 1285; x_wconf 90' lang='lat' dir='ltr'>socio-</span> 
     </span>
     <span class='ocr_line' id='line_1_14' title="bbox 211 1305 793 1383; baseline -0.005 -15"><span class='ocrx_word' id='word_1_96' title='bbox 211 1325 280 1368; x_wconf 88' lang='lat' dir='ltr'>rum</span> <span class='ocrx_word' id='word_1_97' title='bbox 302 1307 335 1367; x_wconf 90' lang='lat' dir='ltr'>in</span> <span class='ocrx_word' id='word_1_98' title='bbox 357 1306 525 1383; x_wconf 88' lang='lat' dir='ltr'>spectaculo</span> <span class='ocrx_word' id='word_1_99' title='bbox 547 1305 653 1364; x_wconf 91' lang='lat' dir='ltr'>bestiis</span> <span class='ocrx_word' id='word_1_100' title='bbox 675 1305 793 1366; x_wconf 72' lang='lat' dir='ltr'>obiecit.</span> 
     </span>
    </p>

    <p class='ocr_par' dir='ltr' id='par_1_6' title="bbox 128 1390 1227 1621">
     <span class='ocr_line' id='line_1_15' title="bbox 128 1390 1195 1467; baseline 0 -15"><span class='ocrx_word' id='word_1_101' title='bbox 128 1403 197 1466; x_wconf 81' lang='grc'><strong>7,14</strong></span> <span class='ocrx_word' id='word_1_102' title='bbox 279 1393 309 1452; x_wconf 88' lang='lat'>9.</span> <span class='ocrx_word' id='word_1_103' title='bbox 337 1390 373 1450; x_wconf 93' lang='lat' dir='ltr'>L.</span> <span class='ocrx_word' id='word_1_104' title='bbox 395 1391 507 1451; x_wconf 89' lang='lat' dir='ltr'>Paulus</span> <span class='ocrx_word' id='word_1_105' title='bbox 529 1407 588 1465; x_wconf 84' lang='lat' dir='ltr'>eos,</span> <span class='ocrx_word' id='word_1_106' title='bbox 611 1391 663 1466; x_wconf 91' lang='lat' dir='ltr'>qui</span> <span class='ocrx_word' id='word_1_107' title='bbox 683 1393 870 1467; x_wconf 87' lang='lat' dir='ltr'>pugnantem</span> <span class='ocrx_word' id='word_1_108' title='bbox 892 1408 923 1450; x_wconf 94' lang='lat' dir='ltr'>se</span> <span class='ocrx_word' id='word_1_109' title='bbox 944 1393 1046 1450; x_wconf 90' lang='lat' dir='ltr'>contra</span> <span class='ocrx_word' id='word_1_110' title='bbox 1070 1391 1195 1456; x_wconf 87' lang='lat' dir='ltr'>Persen</span> 
     </span>
     <span class='ocr_line' id='line_1_16' title="bbox 211 1475 1227 1552; baseline 0.003 -17"><span class='ocrx_word' id='word_1_111' title='bbox 211 1477 417 1552; x_wconf 86' lang='lat' dir='ltr'>deseruerant,</span> <span class='ocrx_word' id='word_1_112' title='bbox 440 1475 575 1535; x_wconf 89' lang='lat' dir='ltr'>subdidit</span> <span class='ocrx_word' id='word_1_113' title='bbox 596 1475 778 1551; x_wconf 86' lang='lat' dir='ltr'>elephantis,</span> <span class='ocrx_word' id='word_1_114' title='bbox 802 1477 960 1535; x_wconf 90' lang='lat' dir='ltr'>uteorum</span> <span class='ocrx_word' id='word_1_115' title='bbox 981 1476 1115 1551; x_wconf 88' lang='lat' dir='ltr'>pedibus</span> <span class='ocrx_word' id='word_1_116' title='bbox 1142 1481 1227 1538; x_wconf 73' lang='lat' dir='ltr'>te-15</span> 
     </span>
     <span class='ocr_line' id='line_1_17' title="bbox 210 1563 357 1621; baseline -0.02 0"><span class='ocrx_word' id='word_1_117' title='bbox 210 1563 357 1621; x_wconf 89' lang='lat' dir='ltr'>rerentur.</span> 
     </span>
    </p>

    <p class='ocr_par' dir='ltr' id='par_1_7' title="bbox 131 1643 1225 2226">
     <span class='ocr_line' id='line_1_18' title="bbox 131 1643 1191 1721; baseline 0 -15"><span class='ocrx_word' id='word_1_118' title='bbox 131 1656 197 1720; x_wconf 80' lang='grc'><strong>7,15</strong></span> <span class='ocrx_word' id='word_1_119' title='bbox 280 1647 331 1706; x_wconf 92' lang='grc'>10.</span> <span class='ocrx_word' id='word_1_120' title='bbox 364 1644 429 1704; x_wconf 86' lang='lat' dir='ltr'>Rex</span> <span class='ocrx_word' id='word_1_121' title='bbox 450 1643 599 1721; x_wconf 77' lang='lat' dir='ltr'>PyrrhuS,</span> <span class='ocrx_word' id='word_1_122' title='bbox 628 1663 695 1703; x_wconf 90' lang='lat' dir='ltr'>cum</span> <span class='ocrx_word' id='word_1_123' title='bbox 721 1644 867 1720; x_wconf 89' lang='lat' dir='ltr'>plurimos</span> <span class='ocrx_word' id='word_1_124' title='bbox 895 1663 931 1704; x_wconf 86' lang='lat' dir='ltr'>ex</span> <span class='ocrx_word' id='word_1_125' title='bbox 952 1645 1099 1705; x_wconf 75' lang='lat' dir='ltr'>Romanis</span> <span class='ocrx_word' id='word_1_126' title='bbox 1130 1647 1191 1706; x_wconf 90' lang='lat' dir='ltr'>sub</span> 
     </span>
     <span class='ocr_line' id='line_1_19' title="bbox 217 1728 1190 1807; baseline 0.001 -18"><span class='ocrx_word' id='word_1_127' title='bbox 217 1730 347 1790; x_wconf 84' lang='lat' dir='ltr'>Tarento</span> <span class='ocrx_word' id='word_1_128' title='bbox 370 1729 506 1806; x_wconf 85' lang='lat' dir='ltr'>cepisset,</span> <span class='ocrx_word' id='word_1_129' title='bbox 531 1728 610 1788; x_wconf 88' lang='lat' dir='ltr'>ultro</span> <span class='ocrx_word' id='word_1_130' title='bbox 632 1729 759 1787; x_wconf 89' lang='lat' dir='ltr'>remisit.</span> <span class='ocrx_word' id='word_1_131' title='bbox 792 1731 914 1788; x_wconf 90' lang='lat' dir='ltr'>senatus</span> <span class='ocrx_word' id='word_1_132' title='bbox 928 1728 1063 1789; x_wconf 90' lang='lat' dir='ltr'>decreuit</span> <span class='ocrx_word' id='word_1_133' title='bbox 1078 1731 1116 1789; x_wconf 90' lang='lat' dir='ltr'>ut</span> <span class='ocrx_word' id='word_1_134' title='bbox 1133 1731 1190 1807; x_wconf 89' lang='lat' dir='ltr'>qui</span> 
     </span>
     <span class='ocr_line' id='line_1_20' title="bbox 215 1813 1189 1890; baseline 0.002 -17"><span class='ocrx_word' id='word_1_135' title='bbox 215 1815 331 1890; x_wconf 87' lang='lat' dir='ltr'>equites</span> <span class='ocrx_word' id='word_1_136' title='bbox 352 1815 473 1874; x_wconf 85' lang='lat' dir='ltr'>fuerent</span> <span class='ocrx_word' id='word_1_137' title='bbox 485 1813 601 1890; x_wconf 89' lang='lat' dir='ltr'>pedites</span> <span class='ocrx_word' id='word_1_138' title='bbox 616 1813 790 1888; x_wconf 86' lang='lat' dir='ltr'>militarent,</span> <span class='ocrx_word' id='word_1_139' title='bbox 814 1815 865 1888; x_wconf 91' lang='lat' dir='ltr'>qui</span> <span class='ocrx_word' id='word_1_140' title='bbox 880 1814 997 1888; x_wconf 89' lang='lat' dir='ltr'>pedites</span> <span class='ocrx_word' id='word_1_141' title='bbox 1012 1813 1189 1875; x_wconf 85' lang='lat' dir='ltr'>funditores</span> 
     </span>
     <span class='ocr_line' id='line_1_21' title="bbox 215 1896 1225 1974; baseline 0.003 -17"><span class='ocrx_word' id='word_1_142' title='bbox 215 1899 331 1960; x_wconf 88' lang='lat' dir='ltr'>fierent.</span> <span class='ocrx_word' id='word_1_143' title='bbox 373 1901 495 1974; x_wconf 88' lang='lat' dir='ltr'>insuper</span> <span class='ocrx_word' id='word_1_144' title='bbox 522 1896 670 1957; x_wconf 89' lang='lat' dir='ltr'>adiectum</span> <span class='ocrx_word' id='word_1_145' title='bbox 699 1916 736 1956; x_wconf 91' lang='lat' dir='ltr'>ne</span> <span class='ocrx_word' id='word_1_146' title='bbox 763 1897 843 1956; x_wconf 87' lang='lat' dir='ltr'>intra</span> <span class='ocrx_word' id='word_1_147' title='bbox 865 1901 961 1957; x_wconf 86' lang='lat' dir='ltr'>castra</span> <span class='ocrx_word' id='word_1_148' title='bbox 981 1900 1083 1958; x_wconf 90' lang='lat' dir='ltr'>essent</span> <span class='ocrx_word' id='word_1_149' title='bbox 1105 1910 1225 1960; x_wconf 81' lang='lat' dir='ltr'>neue²⁰</span> 
     </span>
     <span class='ocr_line' id='line_1_22' title="bbox 214 1981 1188 2058; baseline 0 -15"><span class='ocrx_word' id='word_1_150' title='bbox 214 1984 264 2043; x_wconf 91' lang='lat' dir='ltr'>uel</span> <span class='ocrx_word' id='word_1_151' title='bbox 285 1983 366 2056; x_wconf 77' lang='lat' dir='ltr'>fossa</span> <span class='ocrx_word' id='word_1_152' title='bbox 386 1985 435 2043; x_wconf 83' lang='lat' dir='ltr'>uel</span> <span class='ocrx_word' id='word_1_153' title='bbox 460 1982 540 2042; x_wconf 90' lang='lat' dir='ltr'>uallo</span> <span class='ocrx_word' id='word_1_154' title='bbox 562 1981 735 2056; x_wconf 86' lang='lat' dir='ltr'>uterentur,</span> <span class='ocrx_word' id='word_1_155' title='bbox 764 1999 840 2041; x_wconf 86' lang='lat' dir='ltr'>neue</span> <span class='ocrx_word' id='word_1_156' title='bbox 861 2001 876 2042; x_wconf 89' lang='lat' dir='ltr'>e</span> <span class='ocrx_word' id='word_1_157' title='bbox 896 1981 1026 2058; x_wconf 88' lang='lat' dir='ltr'>pellibus</span> <span class='ocrx_word' id='word_1_158' title='bbox 1048 1985 1188 2043; x_wconf 90' lang='lat' dir='ltr'>tentoria</span> 
     </span>
     <span class='ocr_line' id='line_1_23' title="bbox 214 2066 1186 2146; baseline 0.002 -20"><span class='ocrx_word' id='word_1_159' title='bbox 214 2068 373 2127; x_wconf 86' lang='lat' dir='ltr'>haberent:</span> <span class='ocrx_word' id='word_1_160' title='bbox 396 2068 480 2142; x_wconf 90' lang='lat' dir='ltr'>isque</span> <span class='ocrx_word' id='word_1_161' title='bbox 501 2067 587 2125; x_wconf 89' lang='lat' dir='ltr'>miles</span> <span class='ocrx_word' id='word_1_162' title='bbox 609 2067 646 2126; x_wconf 90' lang='lat' dir='ltr'>ad</span> <span class='ocrx_word' id='word_1_163' title='bbox 670 2066 801 2125; x_wconf 89' lang='lat' dir='ltr'>tentoria</span> <span class='ocrx_word' id='word_1_164' title='bbox 822 2067 945 2146; x_wconf 85' lang='lat' dir='ltr'>rediret,</span> <span class='ocrx_word' id='word_1_165' title='bbox 967 2067 1019 2142; x_wconf 92' lang='lat' dir='ltr'>qui</span> <span class='ocrx_word' id='word_1_166' title='bbox 1042 2085 1077 2126; x_wconf 82' lang='lat' dir='ltr'>ex</span> <span class='ocrx_word' id='word_1_167' title='bbox 1093 2067 1186 2128; x_wconf 88' lang='lat' dir='ltr'>hoste</span> 
     </span>
     <span class='ocr_line' id='line_1_24' title="bbox 215 2150 1183 2226; baseline 0 -17"><span class='ocrx_word' id='word_1_168' title='bbox 215 2150 273 2211; x_wconf 92' lang='lat' dir='ltr'>duo</span> <span class='ocrx_word' id='word_1_169' title='bbox 296 2152 392 2226; x_wconf 88' lang='lat' dir='ltr'>spolia</span> <span class='ocrx_word' id='word_1_170' title='bbox 413 2152 576 2211; x_wconf 86' lang='lat' dir='ltr'>retulisset.</span> <span class='ocrx_word' id='word_1_171' title='bbox 613 2151 684 2212; x_wconf 88' lang='lat' dir='ltr'>baec</span> <span class='ocrx_word' id='word_1_172' title='bbox 706 2168 756 2211; x_wconf 90' lang='lat' dir='ltr'>eos</span> <span class='ocrx_word' id='word_1_173' title='bbox 778 2169 873 2226; x_wconf 84' lang='lat' dir='ltr'>poena</span> <span class='ocrx_word' id='word_1_174' title='bbox 894 2152 1073 2211; x_wconf 84' lang='lat' dir='ltr'>fortissimos</span> <span class='ocrx_word' id='word_1_175' title='bbox 1096 2151 1183 2212; x_wconf 86' lang='lat' dir='ltr'>fecit.</span> 
     </span>
    </p>

    <p class='ocr_par' dir='ltr' id='par_1_8' title="bbox 130 2233 1220 2398">
     <span class='ocr_line' id='line_1_25' title="bbox 130 2233 1184 2314; baseline -0.004 -14"><span class='ocrx_word' id='word_1_176' title='bbox 130 2249 197 2314; x_wconf 77' lang='grc'><strong>7,15</strong></span> <span class='ocrx_word' id='word_1_177' title='bbox 280 2236 330 2293; x_wconf 92' lang='lat'>11.</span> <span class='ocrx_word' id='word_1_178' title='bbox 352 2236 422 2312; x_wconf 84' lang='lat' dir='ltr'>Eos,</span> <span class='ocrx_word' id='word_1_179' title='bbox 445 2237 496 2311; x_wconf 92' lang='lat' dir='ltr'>qui</span> <span class='ocrx_word' id='word_1_180' title='bbox 512 2237 653 2297; x_wconf 86' lang='lat' dir='ltr'>cannensi</span> <span class='ocrx_word' id='word_1_181' title='bbox 668 2233 750 2294; x_wconf 86' lang='lat' dir='ltr'>clade</span> <span class='ocrx_word' id='word_1_182' title='bbox 765 2235 957 2296; x_wconf 88' lang='lat' dir='ltr'>deseruerant</span> <span class='ocrx_word' id='word_1_183' title='bbox 978 2237 1083 2309; x_wconf 85' lang='lat' dir='ltr'>socios,</span> <span class='ocrx_word' id='word_1_184' title='bbox 1099 2239 1184 2296; x_wconf 90' lang='lat' dir='ltr'>omni</span> 
     </span>
     <span class='ocr_line' id='line_1_26' title="bbox 212 2319 1220 2398; baseline -0.004 -19"><span class='ocrx_word' id='word_1_185' title='bbox 212 2320 377 2398; x_wconf 85' lang='lat' dir='ltr'>ignominia</span> <span class='ocrx_word' id='word_1_186' title='bbox 399 2323 519 2381; x_wconf 88' lang='lat' dir='ltr'>senatus</span> <span class='ocrx_word' id='word_1_187' title='bbox 541 2320 628 2380; x_wconf 86' lang='lat' dir='ltr'>adfici</span> <span class='ocrx_word' id='word_1_188' title='bbox 649 2319 746 2380; x_wconf 87' lang='lat' dir='ltr'>iussit.</span> <span class='ocrx_word' id='word_1_189' title='bbox 1195 2333 1220 2375; x_wconf 79' lang='lat' dir='ltr'>as</span> 
     </span>
    </p>

    <p class='ocr_par' dir='ltr' id='par_1_9' title="bbox 129 2404 1251 2820">
     <span class='ocr_line' id='line_1_27' title="bbox 129 2404 1183 2483; baseline -0.004 -13"><span class='ocrx_word' id='word_1_190' title='bbox 129 2421 153 2483; x_wconf 89' lang='grc'>7,</span> <span class='ocrx_word' id='word_1_191' title='bbox 164 2419 196 2468; x_wconf 81' lang='lat'>15</span> <span class='ocrx_word' id='word_1_192' title='bbox 279 2407 328 2464; x_wconf 80' lang='lat'>12.</span> <span class='ocrx_word' id='word_1_193' title='bbox 355 2405 390 2476; x_wconf 81' lang='lat' dir='ltr'>Q.</span> <span class='ocrx_word' id='word_1_194' title='bbox 402 2405 529 2466; x_wconf 89' lang='lat' dir='ltr'>Petilius</span> <span class='ocrx_word' id='word_1_195' title='bbox 553 2424 632 2468; x_wconf 86' lang='lat' dir='ltr'>cous.</span> <span class='ocrx_word' id='word_1_196' title='bbox 655 2405 797 2464; x_wconf 87' lang='lat' dir='ltr'>aduersus</span> <span class='ocrx_word' id='word_1_197' title='bbox 818 2404 947 2480; x_wconf 85' lang='lat' dir='ltr'>Ligures</span> <span class='ocrx_word' id='word_1_198' title='bbox 967 2423 1106 2482; x_wconf 88' lang='lat' dir='ltr'>pugnans</span> <span class='ocrx_word' id='word_1_199' title='bbox 1119 2424 1183 2466; x_wconf 90' lang='lat' dir='ltr'>ces·</span> 
     </span>
     <span class='ocr_line' id='line_1_28' title="bbox 216 2489 1183 2565; baseline 0 -15"><span class='ocrx_word' id='word_1_200' title='bbox 216 2495 300 2550; x_wconf 86' lang='lat' dir='ltr'>sante</span> <span class='ocrx_word' id='word_1_201' title='bbox 333 2491 466 2550; x_wconf 85' lang='lat' dir='ltr'>exercitu</span> <span class='ocrx_word' id='word_1_202' title='bbox 496 2491 696 2565; x_wconf 88' lang='lat' dir='ltr'>interemptus</span> <span class='ocrx_word' id='word_1_203' title='bbox 728 2492 784 2550; x_wconf 89' lang='lat' dir='ltr'>est.</span> <span class='ocrx_word' id='word_1_204' title='bbox 829 2489 961 2549; x_wconf 87' lang='lat' dir='ltr'>decreuit</span> <span class='ocrx_word' id='word_1_205' title='bbox 991 2492 1111 2550; x_wconf 86' lang='lat' dir='ltr'>senatus</span> <span class='ocrx_word' id='word_1_206' title='bbox 1145 2495 1183 2550; x_wconf 91' lang='lat' dir='ltr'>ut</span> 
     </span>
     <span class='ocr_line' id='line_1_29' title="bbox 215 2574 1181 2652; baseline 0.001 -18"><span class='ocrx_word' id='word_1_207' title='bbox 215 2576 304 2652; x_wconf 91' lang='lat' dir='ltr'>legio,</span> <span class='ocrx_word' id='word_1_208' title='bbox 329 2593 405 2650; x_wconf 90' lang='lat' dir='ltr'>quae</span> <span class='ocrx_word' id='word_1_209' title='bbox 427 2594 458 2634; x_wconf 88' lang='lat' dir='ltr'>se</span> <span class='ocrx_word' id='word_1_210' title='bbox 479 2592 535 2649; x_wconf 91' lang='lat' dir='ltr'>pro</span> <span class='ocrx_word' id='word_1_211' title='bbox 557 2574 737 2650; x_wconf 88' lang='lat' dir='ltr'>imperatore</span> <span class='ocrx_word' id='word_1_212' title='bbox 758 2575 924 2633; x_wconf 82' lang='lat' dir='ltr'>martinon</span> <span class='ocrx_word' id='word_1_213' title='bbox 939 2574 1106 2647; x_wconf 86' lang='lat' dir='ltr'>obiecisset,</span> <span class='ocrx_word' id='word_1_214' title='bbox 1126 2593 1181 2635; x_wconf 87' lang='lat' dir='ltr'>an-</span> 
     </span>
     <span class='ocr_line' id='line_1_30' title="bbox 215 2658 1182 2736; baseline 0 -17"><span class='ocrx_word' id='word_1_215' title='bbox 215 2678 310 2720; x_wconf 89' lang='lat' dir='ltr'>nonae</span> <span class='ocrx_word' id='word_1_216' title='bbox 333 2658 482 2736; x_wconf 87' lang='lat' dir='ltr'>stipendio</span> <span class='ocrx_word' id='word_1_217' title='bbox 505 2661 620 2718; x_wconf 88' lang='lat' dir='ltr'>careret</span> <span class='ocrx_word' id='word_1_218' title='bbox 642 2665 668 2719; x_wconf 86' lang='lat' dir='ltr'>et</span> <span class='ocrx_word' id='word_1_219' title='bbox 690 2677 738 2718; x_wconf 87' lang='lat' dir='ltr'>aes</span> <span class='ocrx_word' id='word_1_220' title='bbox 755 2659 876 2718; x_wconf 90' lang='lat' dir='ltr'>solitum</span> <span class='ocrx_word' id='word_1_221' title='bbox 890 2677 951 2719; x_wconf 91' lang='lat' dir='ltr'>nou</span> <span class='ocrx_word' id='word_1_222' title='bbox 966 2659 1122 2736; x_wconf 86' lang='lat' dir='ltr'>acciperet,</span> <span class='ocrx_word' id='word_1_223' title='bbox 1143 2663 1182 2719; x_wconf 90' lang='lat' dir='ltr'>ut</span> 
     </span>
     <span class='ocr_line' id='line_1_31' title="bbox 213 2743 1251 2820; baseline -0.002 -18"><span class='ocrx_word' id='word_1_224' title='bbox 213 2743 380 2820; x_wconf 87' lang='lat' dir='ltr'>ignominia</span> <span class='ocrx_word' id='word_1_225' title='bbox 401 2743 534 2803; x_wconf 85' lang='lat' dir='ltr'>adiectos</span> <span class='ocrx_word' id='word_1_226' title='bbox 558 2747 692 2804; x_wconf 90' lang='lat' dir='ltr'>seruatae</span> <span class='ocrx_word' id='word_1_227' title='bbox 713 2743 869 2804; x_wconf 88' lang='lat' dir='ltr'>inhoneste</span> <span class='ocrx_word' id='word_1_228' title='bbox 890 2744 972 2802; x_wconf 87' lang='lat' dir='ltr'>uitae</span> <span class='ocrx_word' id='word_1_229' title='bbox 992 2743 1118 2820; x_wconf 84' lang='lat' dir='ltr'>pigeret.</span> <span class='ocrx_word' id='word_1_230' title='bbox 1191 2758 1215 2798; x_wconf 82' lang='lat' dir='ltr'>eo</span> <span class='ocrx_word' id='word_1_231' title='bbox 1250 2743 1251 2800; x_wconf 79' lang='lat' dir='ltr'>l</span> 
     </span>
    </p>

    <p class='ocr_par' dir='ltr' id='par_1_10' title="bbox 100 2823 1251 2990">
     <span class='ocr_line' id='line_1_32' title="bbox 100 2823 1251 2908; baseline -0.003 -17"><span class='ocrx_word' id='word_1_232' title='bbox 100 2843 124 2908; x_wconf 89' lang='grc'>7,</span> <span class='ocrx_word' id='word_1_233' title='bbox 138 2838 193 2893; x_wconf 80' lang='lat' dir='ltr'>E.1</span> <span class='ocrx_word' id='word_1_234' title='bbox 278 2831 327 2888; x_wconf 90' lang='lat'>13.</span> <span class='ocrx_word' id='word_1_235' title='bbox 350 2827 441 2904; x_wconf 79' lang='lat' dir='ltr'>Apud</span> <span class='ocrx_word' id='word_1_236' title='bbox 465 2825 726 2904; x_wconf 78' lang='lat' dir='ltr'>Carthaginienses</span> <span class='ocrx_word' id='word_1_237' title='bbox 748 2827 929 2904; x_wconf 88' lang='lat' dir='ltr'>imperator,</span> <span class='ocrx_word' id='word_1_238' title='bbox 956 2828 983 2888; x_wconf 89' lang='lat' dir='ltr'>si</span> <span class='ocrx_word' id='word_1_239' title='bbox 1004 2829 1083 2886; x_wconf 89' lang='lat' dir='ltr'>malo</span> <span class='ocrx_word' id='word_1_240' title='bbox 1106 2845 1179 2888; x_wconf 87' lang='lat' dir='ltr'>usus</span> <span class='ocrx_word' id='word_1_241' title='bbox 1250 2823 1251 2850; x_wconf 58' lang='lat'>*</span> 
     </span>
     <span class='ocr_line' id='line_1_33' title="bbox 214 2912 1178 2990; baseline 0.002 -18"><span class='ocrx_word' id='word_1_242' title='bbox 214 2914 338 2973; x_wconf 88' lang='lat' dir='ltr'>consilio</span> <span class='ocrx_word' id='word_1_243' title='bbox 361 2913 470 2973; x_wconf 84' lang='lat' dir='ltr'>fuisset</span> <span class='ocrx_word' id='word_1_244' title='bbox 489 2914 522 2972; x_wconf 87' lang='lat' dir='ltr'>iu</span> <span class='ocrx_word' id='word_1_245' title='bbox 543 2912 631 2986; x_wconf 91' lang='lat' dir='ltr'>bello,</span> <span class='ocrx_word' id='word_1_246' title='bbox 654 2914 792 2990; x_wconf 71' lang='lat' dir='ltr'>quamuis</span> <span class='ocrx_word' id='word_1_247' title='bbox 812 2912 911 2973; x_wconf 86' lang='lat' dir='ltr'>uictor</span> <span class='ocrx_word' id='word_1_248' title='bbox 925 2912 1178 2990; x_wconf 86' lang='lat' dir='ltr'>crucifigebatur.</span> 
     </span>
    </p>
   </div>
   <div class='ocr_carea' id='block_1_3' title="bbox 212 3040 1251 3494">
    <p class='ocr_par' dir='ltr' id='par_1_11' title="bbox 212 3040 1251 3494">
     <span class='ocr_line' id='line_1_34' title="bbox 280 3040 1251 3112; baseline 0.001 -17"><span class='ocrx_word' id='word_1_249' title='bbox 280 3047 296 3095; x_wconf 80' lang='lat'>2</span> <span class='ocrx_word' id='word_1_250' title='bbox 314 3040 435 3096; x_wconf 83' lang='lat' dir='ltr'>Manlius</span> <span class='ocrx_word' id='word_1_251' title='bbox 451 3040 540 3096; x_wconf 84' lang='lat' dir='ltr'>Halm</span> <span class='ocrx_word' id='word_1_252' title='bbox 560 3043 570 3110; x_wconf 79' lang='grc' dir='ltr'>ΙΙ</span> <span class='ocrx_word' id='word_1_253' title='bbox 591 3046 606 3096; x_wconf 82' lang='grc'>5</span> <span class='ocrx_word' id='word_1_254' title='bbox 624 3041 654 3095; x_wconf 91' lang='lat' dir='ltr'>L.</span> <span class='ocrx_word' id='word_1_255' title='bbox 673 3041 807 3096; x_wconf 82' lang='lat' dir='ltr'>minicius</span> <span class='ocrx_word' id='word_1_256' title='bbox 826 3043 837 3112; x_wconf 70' lang='lat' dir='ltr'>l</span> <span class='ocrx_word' id='word_1_257' title='bbox 858 3048 874 3097; x_wconf 90' lang='grc'><strong>7</strong></span> <span class='ocrx_word' id='word_1_258' title='bbox 893 3041 1006 3110; x_wconf 87' lang='lat' dir='ltr'>quintus</span> <span class='ocrx_word' id='word_1_259' title='bbox 1024 3040 1179 3096; x_wconf 86' lang='lat' dir='ltr'>cincinetus</span> <span class='ocrx_word' id='word_1_260' title='bbox 1250 3065 1251 3068; x_wconf 41' lang='lat'>¹</span> 
     </span>
     <span class='ocr_line' id='line_1_35' title="bbox 212 3109 1178 3179; baseline -0.001 -14"><span class='ocrx_word' id='word_1_261' title='bbox 212 3109 286 3175; x_wconf 75' lang='lat' dir='ltr'>eod,</span> <span class='ocrx_word' id='word_1_262' title='bbox 304 3109 368 3176; x_wconf 82' lang='lat' dir='ltr'>sort.</span> <span class='ocrx_word' id='word_1_263' title='bbox 386 3109 507 3168; x_wconf 76' lang='lat' dir='ltr'>addend.</span> <span class='ocrx_word' id='word_1_264' title='bbox 527 3109 649 3164; x_wconf 88' lang='lat' dir='ltr'>dictator</span> <span class='ocrx_word' id='word_1_265' title='bbox 669 3109 794 3179; x_wconf 72' lang='lat' dir='ltr'>Gertr*l</span> <span class='ocrx_word' id='word_1_266' title='bbox 821 3116 852 3164; x_wconf 93' lang='grc'>11</span> <span class='ocrx_word' id='word_1_267' title='bbox 871 3109 968 3164; x_wconf 84' lang='lat' dir='ltr'>esrixit</span> <span class='ocrx_word' id='word_1_268' title='bbox 980 3110 990 3178; x_wconf 82' lang='grc' dir='ltr'>ΙΙ</span> <span class='ocrx_word' id='word_1_269' title='bbox 1005 3114 1035 3162; x_wconf 89' lang='grc'>14</span> <span class='ocrx_word' id='word_1_270' title='bbox 1052 3125 1178 3178; x_wconf 86' lang='lat' dir='ltr'>pugnan-</span> 
     </span>
     <span class='ocr_line' id='line_1_36' title="bbox 212 3176 1179 3246; baseline 0.002 -16"><span class='ocrx_word' id='word_1_271' title='bbox 212 3179 271 3231; x_wconf 90' lang='lat' dir='ltr'>tem</span> <span class='ocrx_word' id='word_1_272' title='bbox 289 3177 361 3242; x_wconf 83' lang='lat' dir='ltr'>Moi,</span> <span class='ocrx_word' id='word_1_273' title='bbox 380 3178 526 3246; x_wconf 79' lang='lat' dir='ltr'>pugnante</span> <span class='ocrx_word' id='word_1_274' title='bbox 545 3177 701 3234; x_wconf 77' lang='lat' dir='ltr'>codHctm</span> <span class='ocrx_word' id='word_1_275' title='bbox 738 3182 769 3231; x_wconf 82' lang='lat'>15</span> <span class='ocrx_word' id='word_1_276' title='bbox 800 3183 851 3232; x_wconf 82' lang='lat' dir='ltr'>ort.</span> <span class='ocrx_word' id='word_1_277' title='bbox 869 3177 964 3244; x_wconf 80' lang='lat' dir='ltr'>pedib3</span> <span class='ocrx_word' id='word_1_278' title='bbox 983 3176 1179 3232; x_wconf 85' lang='lat' dir='ltr'>obtererentur</span> 
     </span>
     <span class='ocr_line' id='line_1_37' title="bbox 214 3242 1176 3316; baseline 0 -16"><span class='ocrx_word' id='word_1_279' title='bbox 214 3242 315 3300; x_wconf 65' lang='lat' dir='ltr'>ecte*</span> <span class='ocrx_word' id='word_1_280' title='bbox 350 3250 380 3297; x_wconf 80' lang='lat'>21</span> <span class='ocrx_word' id='word_1_281' title='bbox 400 3244 476 3299; x_wconf 85' lang='lat' dir='ltr'>fossa</span> <span class='ocrx_word' id='word_1_282' title='bbox 492 3244 541 3298; x_wconf 92' lang='lat' dir='ltr'>uel</span> <span class='ocrx_word' id='word_1_283' title='bbox 557 3246 680 3312; x_wconf 73' lang='lat' dir='ltr'>sappue</span> <span class='ocrx_word' id='word_1_284' title='bbox 725 3244 762 3298; x_wconf 86' lang='lat' dir='ltr'>at.</span> <span class='ocrx_word' id='word_1_285' title='bbox 783 3245 893 3310; x_wconf 58' lang='lat' dir='ltr'>Gertff,</span> <span class='ocrx_word' id='word_1_286' title='bbox 910 3259 962 3299; x_wconf 86' lang='lat' dir='ltr'>om.</span> <span class='ocrx_word' id='word_1_287' title='bbox 980 3244 1039 3298; x_wconf 86' lang='lat' dir='ltr'>eod.</span> <span class='ocrx_word' id='word_1_288' title='bbox 1057 3243 1141 3300; x_wconf 83' lang='lat' dir='ltr'>Halm</span> <span class='ocrx_word' id='word_1_289' title='bbox 1171 3251 1176 3316; x_wconf 71' lang='lat' dir='ltr'>t</span> 
     </span>
     <span class='ocr_line' id='line_1_38' title="bbox 212 3309 1177 3433; baseline 0.003 -70"><span class='ocrx_word' id='word_1_290' title='bbox 212 3326 258 3386; x_wconf 40' lang='lat' dir='ltr'>ne·</span> <span class='ocrx_word' id='word_1_291' title='bbox 287 3309 334 3364; x_wconf 87' lang='lat' dir='ltr'>elh</span> <span class='ocrx_word' id='word_1_292' title='bbox 354 3312 467 3377; x_wconf 81' lang='lat' dir='ltr'>uscod,</span> <span class='ocrx_word' id='word_1_293' title='bbox 482 3311 697 3380; x_wconf 76' lang='lat' dir='ltr'>em.Halmt22</span> <span class='ocrx_word' id='word_1_294' title='bbox 716 3312 842 3368; x_wconf 88' lang='lat' dir='ltr'>redirent</span> <span class='ocrx_word' id='word_1_295' title='bbox 858 3313 908 3382; x_wconf 90' lang='lat' dir='ltr'>qui</span> <span class='ocrx_word' id='word_1_296' title='bbox 925 3313 955 3365; x_wconf 90' lang='lat' dir='ltr'>in</span> <span class='ocrx_word' id='word_1_297' title='bbox 972 3311 1118 3433; x_wconf 46' lang='lat' dir='ltr'>hostepet</span> <span class='ocrx_word' id='word_1_298' title='bbox 1165 3344 1177 3356; x_wconf 95' lang='lat'><em>-</em></span> 
     </span>
     <span class='ocr_line' id='line_1_39' title="bbox 212 3327 1177 3494; baseline 0.01 -67"><span class='ocrx_word' id='word_1_299' title='bbox 212 3327 328 3494; x_wconf 42' lang='lat'>&amp;1328</span> <span class='ocrx_word' id='word_1_300' title='bbox 346 3392 474 3431; x_wconf 81' lang='lat' dir='ltr'>annonae</span> <span class='ocrx_word' id='word_1_301' title='bbox 508 3381 543 3444; x_wconf 82' lang='lat' dir='ltr'>cf.</span> <span class='ocrx_word' id='word_1_302' title='bbox 562 3379 714 3435; x_wconf 77' lang='lat' dir='ltr'>Eberhard</span> <span class='ocrx_word' id='word_1_303' title='bbox 731 3380 780 3438; x_wconf 76' lang='lat' dir='ltr'>te.</span> <span class='ocrx_word' id='word_1_304' title='bbox 816 3381 951 3448; x_wconf 69' lang='lat' dir='ltr'>.104t29</span> <span class='ocrx_word' id='word_1_305' title='bbox 970 3379 999 3432; x_wconf 92' lang='lat' dir='ltr'>et</span> <span class='ocrx_word' id='word_1_306' title='bbox 1016 3379 1055 3434; x_wconf 85' lang='lat' dir='ltr'>ad</span> <span class='ocrx_word' id='word_1_307' title='bbox 1080 3379 1177 3436; x_wconf 62' lang='grc' dir='ltr'>Ἐϋσ-</span> 
     </span>
    </p>
   </div>
   <div class='ocr_carea' id='block_1_4' title="bbox 212 3441 1176 3578">
    <p class='ocr_par' dir='ltr' id='par_1_12' title="bbox 212 3441 1176 3578">
     <span class='ocr_line' id='line_1_40' title="bbox 212 3441 1176 3518; baseline 0.015 -25"><span class='ocrx_word' id='word_1_308' title='bbox 212 3441 264 3494; x_wconf 79' lang='lat' dir='ltr'>tor</span> <span class='ocrx_word' id='word_1_309' title='bbox 289 3456 366 3518; x_wconf 71' lang='lat' dir='ltr'>,cra</span> <span class='ocrx_word' id='word_1_310' title='bbox 388 3443 445 3498; x_wconf 83' lang='lat' dir='ltr'>cod.</span> <span class='ocrx_word' id='word_1_311' title='bbox 496 3447 552 3500; x_wconf 85' lang='lat' dir='ltr'>alm</span> <span class='ocrx_word' id='word_1_312' title='bbox 575 3448 585 3514; x_wconf 80' lang='grc' dir='ltr'>ΙΙ</span> <span class='ocrx_word' id='word_1_313' title='bbox 607 3451 639 3500; x_wconf 84' lang='grc'>31</span> <span class='ocrx_word' id='word_1_314' title='bbox 659 3447 734 3502; x_wconf 88' lang='lat' dir='ltr'>male</span> <span class='ocrx_word' id='word_1_315' title='bbox 752 3461 781 3502; x_wconf 89' lang='lat' dir='ltr'>eo</span> <span class='ocrx_word' id='word_1_316' title='bbox 804 3488 823 3516; x_wconf 93' lang='lat'>.,</span> <span class='ocrx_word' id='word_1_317' title='bbox 847 3464 895 3503; x_wconf 82' lang='lat' dir='ltr'>em.</span> <span class='ocrx_word' id='word_1_318' title='bbox 913 3445 1094 3503; x_wconf 81' lang='lat' dir='ltr'>Kellerbauer</span> <span class='ocrx_word' id='word_1_319' title='bbox 1111 3449 1122 3518; x_wconf 77' lang='grc' dir='ltr'>Ι</span> <span class='ocrx_word' id='word_1_320' title='bbox 1141 3455 1176 3506; x_wconf 81' lang='lat'>32</span> 
     </span>
     <span class='ocr_line' id='line_1_41' title="bbox 212 3509 644 3578; baseline 0.025 -21"><span class='ocrx_word' id='word_1_321' title='bbox 212 3521 297 3573; x_wconf 84' lang='lat' dir='ltr'>quam</span> <span class='ocrx_word' id='word_1_322' title='bbox 316 3509 407 3562; x_wconf 79' lang='lat' dir='ltr'>unctor</span> <span class='ocrx_word' id='word_1_323' title='bbox 425 3511 491 3578; x_wconf 80' lang='lat' dir='ltr'>cod,</span> <span class='ocrx_word' id='word_1_324' title='bbox 511 3528 561 3566; x_wconf 85' lang='lat' dir='ltr'>em.</span> <span class='ocrx_word' id='word_1_325' title='bbox 579 3513 644 3568; x_wconf 68' lang='lat' dir='ltr'>Mae·</span> 
     </span>
    </p>
   </div>
   <div class='ocr_carea' id='block_1_5' title="bbox 0 0 1281 3950">
    <p class='ocr_par' dir='ltr' id='par_1_13' title="bbox 0 0 1281 3950">
     <span class='ocr_line' id='line_1_42' title="bbox 0 0 1281 3950; baseline 0 0"><span class='ocrx_word' id='word_1_326' title='bbox 0 0 1281 3950; x_wconf 95' lang='lat' dir='ltr'> </span> 
     </span>
    </p>
   </div>
  </div>
 </body>
</html>
