2562 3950
229 144 294 210 530
382 141 463 206 ,L1B.
477 140 511 195 V.
526 140 616 199 ,CAR
630 145 654 207 7,
667 147 692 196 3.
710 140 774 198 ext.
785 147 809 198 1.
819 146 835 194 2
846 171 877 180 -
889 138 966 195 CAP.
977 145 1005 207 9,
1017 146 1044 200 1.

195 309 212 359 8
295 297 439 360 Octauius
460 297 573 358 Bulbus
601 317 620 358 c
641 298 806 358 triumuiris
828 297 1018 374 proscriptus
1042 299 1145 376 fuges
1168 319 1207 360 ex·

230 385 365 461 peditum
393 383 513 443 initium
541 382 670 454 hebens,
698 387 860 459 postquem
881 381 976 440 filium
1000 384 1093 442 intus
1118 385 1208 444 truci-

231 469 295 529 deri
318 468 394 528 felso
417 468 544 527 clamore
567 467 693 528 uiciniae
715 468 845 542 accepit,
869 468 935 526 neci
957 484 998 539 se,
1022 487 1126 543 quem
1150 489 1208 530 eus·

230 557 324 625 seret,
347 553 468 612 obtulit.

179 643 234 686 Μ
300 637 417 698 Seleuci
444 636 524 712 regis
552 635 631 696 filius
653 635 819 695 Antiochus
846 654 992 695 nouercae
1016 635 1226 697 Stratonices?

202 699 214 744 ¹
235 741 334 783 umore
357 725 510 797 correptus
533 719 649 780 iacebat
668 721 702 779 in
715 720 795 779 lecto
809 721 951 779 morienti
965 720 1091 782 similis.
1118 724 1208 799 igitur

229 807 372 884 Leptines
394 805 622 865 mathematicus
643 805 783 864 adsidens
806 823 904 880 aegro,
928 821 996 864 oum
1020 806 1088 864 sibi
1112 813 1207 866 notes

232 896 278 952 set
299 891 426 951 introitu
442 889 625 950 Stratonices
640 890 782 948 iuuenem
795 890 904 949 rubore
919 889 1046 964 offimdi,
1075 910 1115 950 ee
1131 910 1207 968 egre

231 977 332 1036 cliente
353 975 525 1050 pallescere,
549 973 632 1033 cuius
654 973 751 1033 morbi
774 991 862 1050 aeger
882 977 962 1032 esset
983 974 1151 1036 intellexit
1172 983 1207 1034 et·

230 1079 288 1137 quc
310 1060 342 1118 id
358 1058 481 1118 Seleuco
502 1058 657 1130 indicauit,
681 1057 734 1134 qui
757 1058 895 1133 protinus
917 1057 981 1118 filio
998 1060 1139 1136 coniuge
1156 1061 1226 1120 sibic

232 1145 384 1206 carissime
406 1143 503 1202 cessit.

197 1235 212 1284 2
295 1227 510 1288 Ariobarzanes
530 1228 562 1286 in
585 1230 745 1303 conspectu
769 1224 823 1287 On.
839 1226 966 1302 Pompei
988 1226 1055 1286 filio
1084 1247 1144 1289 suo
1168 1249 1207 1288 re·

232 1331 326 1391 gnum
349 1311 446 1386 cessit,
469 1311 659 1372 humiliorem
681 1312 767 1371 illum
790 1329 822 1370 se
841 1311 942 1370 uidere
957 1329 1020 1370 non
1036 1315 1206 1374 sustinens.

425 1513 479 1572 DE
502 1512 726 1573 PARENTVM
749 1512 1013 1573 SEVERITATE.

179 1632 229 1700 S,1
293 1633 403 1694 Lucius
424 1631 539 1692 Brutus
560 1631 639 1692 filios
661 1650 740 1708 suos,
763 1632 844 1708 quod
868 1632 903 1692 de
925 1631 1107 1709 proditione
1132 1635 1228 1713 cogi-1⁵

233 1718 348 1793 tabent,
371 1717 467 1778 securi
489 1716 646 1792 percussit.

197 1809 212 1856 2
296 1801 416 1863 Cassius
438 1801 533 1860 filium
556 1819 644 1860 suum
667 1801 719 1877 Sp.
737 1801 885 1874 Gessium,
909 1800 1039 1877 quodie
1063 1804 1207 1864 tribunus

231 1889 273 1965 pl.
297 1888 443 1964 agrarium
466 1886 562 1962 legem
585 1885 696 1945 tulerat
719 1888 750 1944 et
772 1885 838 1945 eliis
859 1885 964 1944 multis
980 1884 1148 1949 benefieiis
1165 1891 1208 1949 de·

192 1995 194 2002 ’
232 1974 367 2032 uinctum
390 1970 535 2047 populum
558 1972 707 2044 tenuerat,
731 1973 890 2048 postquem
912 1970 994 2028 illem
1016 1976 1207 2046 potestatem

233 2057 379 2133 deposuit,
402 2055 546 2114 adfectati
568 2054 654 2130 regni
676 2054 798 2113 crimine
821 2055 983 2114 damnauit.
1215 2071 1227 2108 s

198 2147 213 2196 3
295 2141 329 2198 T.
353 2139 482 2199 Manlius
506 2138 676 2214 Torqustus
698 2139 768 2198 Dec.
792 2138 927 2198 Silenum
949 2138 1049 2198 filium
1072 2159 1207 2203 suumn

230 2224 442 2284 Macedonibus
465 2229 650 2296 accusatum,
681 2242 747 2283 cum
776 2243 793 2282 e
815 2226 922 2284 senatu
943 2216 1084 2282 iudicem
1103 2247 1140 2287 se
1163 2249 1207 2306 pe·

230 2311 359 2387 tissent,
383 2308 543 2368 damnauit.

196 2400 213 2448 4
294 2394 334 2453 Μ.
351 2393 488 2466 Scaurus,
513 2411 579 2451 cum
601 2392 678 2468 apud
694 2392 832 2452 Athesim
855 2391 965 2452 flumen
987 2392 1112 2467 impetu
1132 2396 1206 2456 Oim·

232 2479 356 2538 brorum
377 2479 494 2555 equites
509 2475 636 2536 Romani
657 2477 738 2552 pulsi
761 2476 881 2536 deserto
905 2495 965 2537 cos.
982 2475 1094 2537 Catulo
1124 2481 1242 2558 fuge-e

230 2567 307 2637 rent,
332 2563 414 2622 misit
436 2562 575 2620 nuntium
597 2561 659 2620 filio
681 2560 769 2637 fugae
787 2561 917 2621 eiusdem
932 2561 1083 2638 participi,
1111 2565 1208 2625 liben-

232 2650 292 2708 tius
316 2667 346 2708 se
368 2651 400 2707 in
423 2647 483 2706 acie
506 2646 569 2704 eius
592 2645 742 2705 interfecti
764 2646 881 2706 ossibus
898 2662 1093 2706 occursurum
1112 2650 1208 2710 fuisse

231 2752 320 2810 quem
347 2732 437 2792 modo
463 2731 533 2788 uiuo
556 2733 618 2789 tem
639 2730 755 2789 infami.
801 2749 860 2806 quo
881 2731 988 2789 nuntio
1011 2737 1144 2808 eccepto
1169 2737 1209 2794 iu-

230 2820 314 2879 uenis
337 2813 549 2877 animaduertit
571 2815 602 2874 in
625 2833 664 2873 se.

180 2903 230 2970 {tl
295 2901 331 2962 1..
356 2901 469 2962 Gellius
497 2899 633 2958 omnibus
660 2899 823 2959 honoribus
850 2899 888 2958 ed
915 2915 1071 2958 censuram
1095 2901 1232 2965 defun-²

232 2989 298 3048 ctus
321 3005 387 3046 cum
410 2984 589 3062 grauissime
612 2983 736 3042 crimine
759 2983 795 3042 de
817 2981 890 3055 filio,
912 2984 945 3043 in
966 3001 1098 3050 nouerca
1125 3007 1209 3049 com-

230 3073 354 3132 missum
382 3073 533 3146 stuprum,
566 3067 759 3145 parricidium
788 3070 966 3143 cogitatum,
997 3071 1209 3168 cognouisset,

301 3254 314 3302 1
334 3247 479 3316 Octauius]
507 3246 609 3316 Oliuefl
625 3247 782 3315 inpeditum
795 3249 806 3316 ss
818 3247 957 3324 cloptulit
972 3249 1040 3305 Μ
1056 3247 1158 3306 Halm
1171 3257 1182 3324 ΙΙ
1195 3261 1209 3308 5

231 3314 406 3369 strationices
429 3315 488 3380 (sed
505 3321 521 3369 8
539 3320 611 3369 recte
627 3315 757 3382 streton.)
775 3316 785 3384 ΙΙ
802 3321 818 3369 8
835 3315 973 3368 introitur
990 3316 1000 3384 ΙΙ
1017 3321 1050 3369 10
1072 3317 1118 3387 id]
1143 3323 1210 3390 ite!

231 3386 263 3436 1⁷
282 3382 374 3434 eucine
389 3381 401 3450 tl
423 3387 456 3434 22
473 3381 609 3435 iudicium
627 3383 687 3450 ipse
704 3381 823 3449 petisset
842 3381 951 3446 creec,
975 3397 1073 3438 uereor
1091 3401 1132 3440 sse
1152 3405 1211 3444 non

231 3447 331 3522 recten
352 3453 384 3522 eo
402 3447 523 3500 Romeni
541 3447 637 3515 Halm,
654 3456 671 3502 ῑ
688 3449 757 3512 cod,
780 3448 900 3503 Romam
918 3449 982 3504 Mai
1002 3451 1012 3518 l
1033 3455 1066 3504 ³2
1086 3451 1163 3518 fort.
1183 3459 1211 3513 et

230 3512 410 3578 parricidium
428 3512 516 3568 Halm
