2562 3950
374 199 441 258 ma.
461 198 507 254 v1.
531 197 607 252 cnr.
626 205 650 264 a,
663 203 756 254 c-11.
989 200 1054 266 535

151 357 206 417 Gn.
228 357 375 417 Lentulus
397 357 588 416 Marcellinus
610 375 680 429 cos,
710 375 777 416 oum
799 357 838 416 iuv
853 357 992 417 contione
1015 358 1051 417 de
1070 363 1086 413 6

22 509 24 516 ,
82 441 188 518 Magni
209 442 333 518 Pompei
361 441 497 518 potentia
523 444 706 517 quereretur,
736 442 913 501 adsentante
941 443 1051 517 populo

22 517 25 544 ²
85 527 285 586 ‘adclamata'
308 527 418 602 inquit,
442 519 600 604 ‘Quirites
622 523 799 598 adclamata,
823 526 894 584 dum
915 526 1008 585 licet’.

22 681 24 684 ¹
149 611 302 671 Fauonius
328 611 469 687 Pompeio
503 610 631 669 candida
664 611 757 670 fascia
788 628 854 670 crus
886 610 1085 686 adligatum?

22 691 23 712 ³
49 695 209 756 shabeuti
231 700 304 755 ‘non
325 695 439 755 resert'
461 695 559 770 inquit
582 695 705 770 ‘quain
726 697 813 770 parte
834 695 967 771 corporis
990 694 1054 754 dia-

22 779 24 796 *
84 781 174 840 derna
195 781 262 853 sit',
292 780 391 856 exigui
412 781 504 855 pauni
526 780 714 839 cauillatione
736 780 833 856 regias
856 781 883 838 ei
905 780 983 838 uires
1006 797 1054 838 ex-

22 861 24 884 *
83 864 243 941 probrans.

150 949 278 1008 Heluius
300 948 418 1007 Mancia
439 948 633 1019 Formianus,
662 948 797 1007 libertini
823 948 903 1008 tilius
930 948 1089 1008 ultimae8

85 1035 260 1105 senectutis,
282 1033 323 1092 L.
336 1033 483 1092 Libonem
505 1032 586 1107 apud
608 1050 744 1092 censores
760 1033 926 1092 accusabat.
948 1033 980 1092 iu
994 1052 1055 1108 quo

21 1135 71 1204 ,ro
86 1117 250 1178 certamine
274 1136 342 1176 cum
363 1118 389 1176 ei
407 1115 460 1175 Gn.
475 1117 635 1192 Pompeius
656 1117 857 1176 humilitatem
872 1119 1055 1193 exprobrans

21 1221 23 1230 ’
86 1203 125 1262 ab
148 1202 251 1261 inferis
272 1201 358 1260 illum
380 1201 416 1259 ad
440 1201 638 1260 accusandum
658 1202 814 1261 remissum
830 1201 961 1274 dixisset,
985 1203 1056 1261 ‘nou

21 1279 24 1312 ³
85 1287 237 1346 mentiris'
261 1286 370 1361 inquit,
394 1284 550 1361 ‘Pompei:
575 1286 662 1344 uenio
685 1287 765 1345 enim
787 1286 824 1345 ab
846 1287 948 1346 inferis
971 1305 1056 1346 accu-

21 1365 23 1400 ³
87 1375 179 1430 sator.
225 1369 278 1428 sed
300 1371 371 1427 dum
392 1370 457 1430 illic
478 1387 592 1444 moror,
615 1371 694 1446 uidi,
717 1368 771 1428 (ln.
795 1370 929 1446 Pompei,
951 1371 1056 1430 Domi·

21 1449 23 1486 ⁵
88 1456 166 1515 tium
188 1452 435 1528 Ahenobarbum,
465 1453 506 1513 M.
530 1455 671 1528 Brutum,
699 1452 752 1514 (lu.
776 1453 956 1528 Carbonem,
987 1455 1056 1513 Per-

21 1537 23 1572 i
47 1555 76 1597 rs
90 1556 214 1615 pernam
237 1540 417 1612 praetorem,
440 1539 521 1597 uiros
543 1538 725 1598 clarissimos
748 1538 866 1598 sceleris
888 1539 933 1598 tui
948 1539 1058 1598 indicia

21 1645 22 1654 ¹
90 1622 341 1695 circumferentia,
372 1641 446 1698 quos
474 1623 635 1681 admodum
663 1623 905 1684 adulescentulus
927 1624 1058 1683 carnifex

21 1711 22 1716 ’
88 1707 234 1768 occidisti.

154 1791 294 1866 Diphilus
315 1791 490 1867 tragoedus,
520 1809 587 1851 cum
609 1791 837 1866 Apollinaribus
865 1792 945 1851 ludis
972 1793 1052 1851 iuter
1075 1798 1090 1846 9

89 1879 190 1938 actum
217 1875 256 1935 ad
287 1894 353 1934 eum
381 1894 503 1936 uersum
531 1876 679 1954 uenisset,
711 1893 770 1952 quo
804 1876 877 1935 haec
908 1877 1057 1936 sententia

46 1979 76 2019 ao
90 1962 271 2031 continetur,
295 1961 426 2020 ‘miseria
440 1963 544 2020 nostra
558 1979 685 2036 magnus
700 1961 772 2031 est',
788 1958 907 2021 directis
921 1962 953 2020 in
969 1960 1057 2020 Pom·

89 2048 190 2124 peium
211 2047 361 2120 Mopsum
388 2045 527 2104 manibus
549 2045 767 2120 pronuntiauit.
812 2047 843 2104 in
865 2045 917 2104 illa
940 2064 1058 2122 quoque

91 2134 177 2208 parte
200 2128 302 2188 eadem
323 2129 491 2205 petulantia
512 2147 584 2189 usus
606 2134 662 2204 est,
686 2129 837 2190 ‘uirtutem
850 2130 941 2190 istam
957 2131 1058 2190 ueniet

90 2220 217 2291 tempuS,
241 2232 307 2272 cum
328 2215 461 2290 grauiter
482 2217 607 2291 gemes’.

155 2301 196 2358 M.
221 2299 389 2375 Castricius,
411 2317 481 2358 cum
503 2299 674 2358 Placentiae
696 2300 908 2377 magistratum
930 2302 1058 2376 gereret,
1080 2303 1111 2354 10

50 2401 80 2444 as
93 2383 148 2444 (ln.
173 2381 307 2444 Carbone
334 2401 393 2446 eos.
422 2384 542 2443 obsides
564 2402 583 2444 a
605 2384 787 2444 Placentinis
811 2385 982 2459 postulante
1004 2386 1059 2442 im-

93 2471 175 2546 perio
197 2487 258 2529 non
281 2468 509 2544 obtemperauit.
536 2469 637 2544 itaque
660 2469 776 2528 dicente
792 2466 926 2528 Carbone
947 2469 1059 2528 multos

94 2573 125 2614 se
146 2555 261 2631 gladios
283 2553 392 2612 habere
415 2551 572 2628 respondit
594 2556 624 2611 et
646 2571 676 2612 se
698 2572 802 2613 annos.
1015 2624 1019 2628 ¹

157 2639 282 2698 Seruius
297 2636 393 2696 Galba
415 2635 570 2696 Gaesarem
592 2637 623 2695 in
645 2637 709 2696 foro
732 2637 884 2713 sedentem
905 2637 948 2696 ita
969 2638 1059 2695 inter·
1080 2639 1110 2688 11
1136 2683 1140 2688 ,

94 2725 235 2800 pellauit:
268 2719 318 2781 ‘c
341 2721 401 2780 Iuli
424 2720 542 2794 Caesar,
572 2738 626 2796 pro
649 2719 702 2780 Cn.
725 2721 882 2798 Pompeio,
910 2720 1061 2796 quondam

54 2812 149 2868 actuo
172 2822 295 2885 genero,
318 2807 350 2864 in
372 2806 463 2864 tertio
480 2806 542 2864 eius
558 2805 714 2864 consulatu
729 2806 884 2881 pecuniam
900 2806 1057 2882 spopondi,

96 2912 155 2970 quo
178 2891 298 2952 nomine
319 2909 399 2950 nunc
419 2889 564 2965 adpellor.
608 2890 680 2965 quid
703 2888 812 2966 agam?
855 2888 1060 2965 dependam?’

98 2978 175 3054 quod
198 2980 233 3036 ut
254 2976 350 3035 audiit
372 2973 492 3048 Caesar,
522 2993 557 3032 ex
578 2973 648 3034 fisco
671 2993 724 3034 suo
746 2993 796 3034 aes
819 2974 949 3032 alienum
970 2975 1061 3033 Pom-

96 3064 143 3139 pei
165 3060 242 3122 solui
267 3061 365 3120 iussit.

147 3174 201 3229 ab.
207 3189 350 3242 praecem.
362 3172 465 3227 addidi
483 3171 571 3226 cVat.
585 3173 595 3240 1
608 3169 722 3225 censori
735 3171 745 3240 11
760 3176 791 3225 15
807 3171 934 3240 iudiciali
947 3177 980 3225 2ο
998 3186 1062 3224 con·

97 3241 202 3297 tinctur
220 3257 279 3308 uos,
298 3241 491 3294 contineretur
508 3239 696 3308 rodidedun
710 3238 763 3361 επὶ]
783 3236 797 3294 i
814 3239 889 3338 cort,
903 3255 933 3293 es
950 3239 1059 3318 Halmii

98 3317 127 3364 21
146 3309 282 3380 Magnum
299 3325 349 3363 om.
368 3308 427 3362 cod.
445 3307 539 3370 Halm,
558 3322 611 3374 nup
631 3308 650 3362 l.
668 3325 681 3361 c
702 3308 764 3362 Va.
784 3307 867 3362 Gertz
901 3308 956 3376 1122
975 3308 1062 3360 urrtu·

97 3379 153 3432 tem
171 3378 254 3432 istam
272 3392 322 3431 uos
339 3375 436 3442 cVol,
459 3375 544 3430 etiam
568 3390 598 3429 co
620 3417 625 3428 .
650 3381 676 3429 et
693 3392 755 3430 cam
772 3375 866 3430 mendi
882 3382 949 3430 uota
966 3374 1063 3439 Halm,

99 3447 127 3500 ct
142 3445 198 3498 iam
216 3445 281 3500 Mat
301 3445 312 3514 11
333 3451 365 3500 23
384 3460 447 3497 eum
465 3458 522 3509 uos,
541 3443 609 3496 dum
627 3443 686 3497 cod.
704 3443 860 3513 Ηα151125
878 3443 999 3498 carboni
1016 3444 1063 3499 oda

98 3512 227 3568 obsidens
260 3512 406 3568 lacentinia
419 3513 429 3580 11
441 3516 474 3565 28
486 3527 532 3565 ser
553 3511 595 3564 'us
607 3511 665 3566 cod.
677 3511 773 3578 Halm,
793 3513 965 3569 emendante
978 3512 1037 3568 Vae.
1052 3513 1062 3581 1

98 3531 258 3653 sceleriterrrlj
266 3599 306 3637 un
316 3579 451 3640 ecribcud.
463 3578 507 3634 ius
549 3581 661 3634 centem
673 3580 779 3637 aVnt?
791 3583 801 3651 1
814 3581 967 3651 32audiuit
975 3582 1063 3637 Halm
