2606 3952
232 175 273 240 96
623 131 627 139 ’
653 173 720 228 nia.
738 174 773 227 11.

232 330 295 404 tur,
321 327 405 410 quod
425 327 465 392 ad
487 348 540 391 eas
562 348 612 390 res
634 327 789 410 gerendas
811 328 881 392 sine
904 327 970 391 ullo
994 332 1087 393 erant
1109 330 1198 394 missi
1292 325 1293 340 ¹

232 413 433 496 magistratu.
458 412 655 496 ,probentur
682 432 767 478 nunc
796 411 966 477 cuiuslibet
993 413 1117 496 gloriae
1146 436 1198 480 cu·
1292 493 1293 496 Ἴ

232 497 315 580 pidi,
361 498 415 580 qui
457 519 496 562 ex
533 497 666 561 desertis
703 497 866 561 montibus
903 519 1197 584 myoparonumque

232 582 377 664 piraticis
392 584 503 646 rostris
519 581 621 646 laudis
636 583 750 664 inopes
766 581 894 646 laureae
909 582 1050 648 ramulos
1065 583 1197 650 festina·

207 665 340 730 abunda
360 689 458 732 manu
482 667 723 749 decerpserunt:
753 666 965 750 Karthaginis
988 667 1123 752 imperio
1145 669 1197 734 ab·
1292 675 1293 708 l

232 755 327 834 rupta
341 751 499 834 Hispania
513 756 546 816 et
560 751 688 816 Siciliae
704 755 801 846 caput
816 751 991 836 abscisum,
1012 751 1197 840 Syracusae,

232 835 435 920 triumphalis
457 837 590 922 iungere
619 857 730 900 currus
759 837 988 920 nequiuerunt:
1022 841 1055 902 et
1082 839 1197 922 quibus
1292 913 1293 926 ,

231 922 336 986 uiris?
369 920 511 1005 Scipioni
539 925 571 985 et
592 919 759 999 Marcel10,
795 942 930 1004 quorum
962 922 1033 1006 ipsa
1064 924 1198 990 nomina
1292 931 1293 972 l

232 1007 334 1071 instar
356 1007 478 1070 aeterni
500 1010 577 1070 sunt
598 1006 762 1090 triumphi.
796 1006 852 1070 sed
872 1006 1064 1072 clarissimos
1080 1009 1198 1075 solidae
1292 1015 1293 1060 l

196 1105 221 1144 10
233 1112 391 1174 ueraeque
403 1092 531 1156 uirtutis
543 1094 687 1155 auctores
699 1091 840 1155 humeris
850 1091 916 1156 suis
929 1091 1065 1157 salutem
1074 1093 1197 1176 patriae
1292 1113 1293 1142 l

231 1180 412 1260 gestantes,
448 1177 508 1241 etsi
538 1179 708 1240 coronatos
735 1177 853 1240 intueri
880 1180 1009 1241 senatus
1040 1178 1198 1264 cupiebat,

234 1261 358 1325 iustiori
380 1265 489 1325 tamen
510 1260 719 1324 reseruandos
741 1261 868 1325 laureae
890 1261 1029 1344 putauit.

296 1346 325 1410 6.
349 1345 408 1410 His
424 1345 503 1410 illud
523 1345 727 1411 subnectam:
750 1346 845 1411 moris
869 1350 917 1411 est
939 1347 979 1411 ab
1002 1346 1196 1430 imperatore
1292 1383 1293 1402 κ

234 1431 368 1496 ducturo
405 1430 604 1514 triumphum
640 1431 788 1495 consules
825 1431 959 1496 inuitari
995 1432 1035 1496 ad
1073 1453 1196 1516 cenam,
1292 1439 1293 1442 ’

196 1527 220 1568 1⁵
234 1516 347 1580 deinde
362 1517 468 1601 rogari
484 1520 520 1580 ut
534 1516 644 1580 uenire
660 1516 897 1599 supersedeant,
919 1538 960 1581 ne
983 1516 1054 1600 quis
1078 1538 1115 1582 eo
1137 1517 1198 1601 die,

232 1623 295 1684 quo
318 1600 372 1664 ille
394 1600 610 1684 triumpharit,
636 1600 766 1664 maioris
788 1601 823 1664 in
846 1601 957 1665 eodem
980 1601 1130 1667 conuiuio
1154 1603 1197 1667 sit
1292 1645 1293 1674 i

234 1686 371 1771 imperii.
1292 1715 1293 1766 3

296 1773 324 1835 7.
348 1770 469 1835 Verum
496 1770 641 1853 quamuis
665 1770 735 1853 quis
757 1769 938 1853 praeclaras
966 1791 1016 1834 res
1044 1771 1199 1836 maxime·

234 1876 295 1938 que
316 1855 412 1919 utiles
435 1855 481 1918 rei
503 1854 649 1938 publicae
672 1855 759 1919 ciuili
774 1854 859 1919 bello
874 1856 1037 1940 gessisset,
1059 1857 1198 1940 impera-

196 1950 222 1992 20
235 1942 287 2003 tor
301 1943 410 2004 tamen
427 1961 464 2003 eo
479 1939 610 2004 nomine
626 1939 813 2022 appellatus
820 1961 888 2004 non
910 1944 967 2022 est,
991 1961 1093 2024 neque
1114 1941 1199 2006 ullae

233 2024 483 2108 supplicationes
506 2024 651 2088 decretae
679 2028 770 2107 sunt,
799 2046 903 2108 neque
930 2029 985 2090 aut
1011 2046 1111 2090 ouans
1142 2031 1199 2092 aut

234 2129 327 2172 curru
354 2108 580 2192 triumphauit,
609 2109 685 2193 quia
692 2158 700 2192 ,
733 2113 770 2174 ut
797 2111 995 2174 necessariae
1024 2111 1120 2190 istae,
1151 2113 1200 2176 ita
1292 2159 1293 2186 2

233 2193 385 2278 lugubres
418 2215 544 2277 semper
570 2194 770 2258 existimatae
798 2199 874 2258 sunt
903 2195 1058 2260 uictoriae
1086 2199 1199 2279 utpote
1292 2189 1293 2206 ¹

234 2299 300 2342 non
317 2281 456 2359 externo,
482 2278 537 2342 sed
558 2278 733 2344 domestico
748 2283 860 2363 partae
876 2301 998 2344 cruore.
1036 2280 1144 2364 itaque
1168 2285 1201 2346 et

196 2375 222 2415 2⁵
234 2363 353 2428 Nasica
365 2362 411 2427 Ti.
423 2363 604 2428 Gracchum
620 2369 653 2428 et
668 2367 688 2442 t
705 2364 742 2428 G.
756 2363 904 2428 Metellus
917 2363 1025 2447 Opimi
1040 2366 1199 2430 factiones
1292 2407 1293 2414 κ

233 2449 348 2512 maesti
373 2448 584 2514 trucidarunt.
630 2447 666 2524 O.
690 2448 822 2514 Catulus
851 2449 895 2512 M.
926 2449 1046 2532 Lepido
1074 2450 1201 2535 collega
1292 2489 1293 2522 ;

233 2555 290 2597 suo
314 2555 385 2598 cum
408 2533 557 2598 omnibus
575 2533 741 2598 seditionis
757 2533 857 2618 copiis
874 2536 894 2614 †
910 2535 1114 2618 extinctoque
1128 2538 1200 2601 tum

303 2691 315 2738 1
335 2685 371 2738 ad
389 2702 409 2739 a.
430 2686 447 2743 l.
465 2702 501 2743 ru.
520 2692 535 2740 1
554 2686 581 2740 L
602 2687 612 2755 ΙΙ
632 2693 649 2739 4
667 2685 801 2754 pyraticis
819 2687 866 2752 Ar,
889 2686 1072 2753 piraticorum
1089 2687 1201 2756 Novak,
1292 2707 1293 2722 ¹

232 2754 291 2808 coll.
309 2753 397 2820 1119,
416 2757 449 2809 15
467 2756 557 2809 necao
579 2771 618 2808 aa
635 2759 718 2817 recte.
742 2760 772 2809 ot
790 2771 816 2808 a.
841 2755 874 2808 de
894 2755 944 2808 hoc
967 2753 1080 2810 dmendi
1102 2767 1202 2825 praere

233 2823 274 2877 cd.
294 2838 380 2876 meam
397 2822 462 2876 mci.
477 2837 506 2889 p.
518 2826 552 2876 37
569 2821 789 2889 linostrisLA1,
807 2823 939 2876 monstris
950 2822 990 2874 A²
1025 2827 1040 2876 6
1059 2822 1201 2880 siracusae

233 2891 271 2954 A,
292 2905 362 2958 qaae
380 2907 407 2942 u.
427 2889 544 2944 delendo
561 2889 619 2946 uid.
640 2890 773 2945 cedaar
786 2893 796 2960 ll
811 2896 842 2944 10
858 2888 963 2944 umeris
1012 2891 1090 3027 almi!
1105 2897 1136 2944 14
1155 2909 1200 2964 09·
1292 2907 1293 2958 3

232 2974 297 3037 nam
317 2957 385 3021 LA,
403 2957 468 3011 add.
488 2974 520 3012 ac
539 2957 626 3012 Halm
644 2975 658 3012 e
674 2961 744 3013 Par.
766 2960 775 3027 ΙΙ
799 2964 830 3012 15
848 2957 1050 3026 supersedeant
1072 2960 1130 3036 'sed
1147 2977 1202 3081 per
1292 2967 1293 3034 l

232 3041 265 3105 aa
276 3026 342 3093 ros.)
355 3026 402 3091 ΑΙ,
423 3025 619 3094 supersideant
635 3027 683 3092 11²,
704 3027 919 3106 subtersedeant
930 3026 957 3079 L
970 3026 979 3093 ΙΙ
994 3031 1025 3078 16
1042 3027 1150 3150 tnump
1172 3045 1202 3083 a·
1292 3037 1293 3066 ³

232 3094 1203 3241 caturca?terrestrum-rtsituatam

232 3230 474 3352 iioiii'hieilsii
487 3229 532 3352 ii
545 3229 1202 3365 prappimffiaGppcffiprpaioffla,-

233 3360 360 3440 Opimius
377 3365 513 3443 faotiones
535 3339 634 3432 thm,
663 3367 704 3420 Ti.
724 3365 881 3445 Gracchum
900 3366 929 3419 et
947 3364 1074 3445 Opimius
1097 3341 1202 3421 Gaiuni

233 3429 262 3481 et
289 3445 348 3482 erus
374 3432 526 3509 factionem
555 3433 660 3488 Blaum
684 3449 712 3502 p.
732 3437 765 3487 34
787 3437 813 3488 et
831 3449 866 3512 ru
888 3433 1021 3512 Flectere.
1041 3448 1107 3488 aaa.
1131 3439 1203 3492 1873

228 3510 258 3562 p.
271 3499 337 3574 613,
364 3499 406 3552 Tr.
425 3499 581 3554 Gracchum
605 3504 634 3555 et
653 3502 754 3555 Gaium
778 3503 807 3556 et
828 3501 891 3556 1llas
910 3501 1038 3571 Opimius
1062 3502 1203 3559 sactiones

232 3561 354 3631 Maduay
365 3564 462 3620 11318
475 3568 484 3634 ΙΙ
497 3573 528 3622 27
543 3568 687 3623 seditionis
701 3569 783 3624 Gertz
793 3583 822 3638 p.
832 3571 894 3637 269,
908 3571 981 3637 quod
994 3569 1205 3637 confirmem,
1258 3577 1267 3592 '
