2590 3948
178 190 219 244 IV
553 189 771 246 PRAEFATIO.

179 339 259 427 ceps'
281 343 417 428 paginas
445 341 690 428 diligentissime
717 346 882 407 enotarem
909 364 991 427 quae
1020 365 1039 408 a
1069 365 1147 409 con-

180 433 273 493 textu
295 427 444 492 editionis
467 426 660 492 Halmianae
682 427 916 512 discreparent,
944 428 1059 494 deinde
1081 430 1147 494 col·

179 513 254 578 latis
275 512 375 576 uariis
397 512 591 577 lectionibus
606 513 648 576 ab
663 511 793 576 Halmio
815 513 904 596 operi
919 534 977 577 sno
992 515 1147 579 subiectis

135 601 138 610 ’
179 618 399 744 ῳιαθοιιωὲμο
421 598 462 661 ab
477 596 600 696 Halmii
622 597 1148 748 ηοᾱεῂἀὲἳίῖᾶθὲἓὲἓτέἑηυὲἓὲἒε

180 682 753 865 lglgllseioalccclrffllelllrelldereem‚
784 766 938 864 denique,
967 767 1147 866 siquando

179 851 669 1000 lttltltttitdttt
685 855 1149 1020 tltltddtttttlt

180 1021 356 1086 amicorum
372 1019 640 1104 peritissimorum
654 1020 809 1085 iudicium
823 1041 1044 1105 prouocatam.
1083 1044 1148 1106 qua

179 1126 252 1170 mea
280 1126 377 1189 opera
406 1103 439 1167 id
467 1126 518 1168 me
545 1109 749 1170 consecutum
778 1126 847 1170 esse
869 1105 1011 1185 confido,
1042 1111 1080 1171 nt
1107 1106 1148 1170 de

179 1189 274 1254 huius
289 1190 419 1273 quidem
433 1188 508 1255 libri
529 1189 714 1254 testimonio
729 1190 869 1256 dubitari
890 1190 955 1254 iam
969 1213 1038 1256 non
1052 1211 1148 1275 posse

179 1274 336 1373 uideatur,
354 1273 423 1373 nisi
446 1274 548 1339 sicubi
569 1275 637 1358 ipse
659 1275 844 1360 ambiguam
865 1296 934 1340 esse
956 1278 1148 1359 scripturam

180 1359 371 1528 Slgnlllfielplddl·
384 1446 506 1511 frustra
532 1444 566 1508 id
594 1464 645 1508 me
672 1444 799 1528 negotii
832 1445 1009 1527 suscepisse
1039 1444 1146 1522 uideo,

183 1549 254 1594 curn
269 1528 379 1627 plures
395 1552 490 1616 quam
506 1529 684 1614 suspicatus
700 1550 787 1592 eram
802 1529 842 1626 ab
857 1527 989 1594 Halmio
1005 1529 1148 1594 animad·
1264 1547 1265 1552 ’

181 1617 334 1679 uerter1m
355 1615 541 1682 commissos
563 1635 633 1678 esse
655 1633 788 1677 errores.
833 1634 868 1676 nr
890 1633 954 1696 quo
977 1615 1148 1698 praecipue

180 1700 322 1764 mirabar
337 1702 392 1784 qni
415 1699 559 1765 accidere
580 1698 614 1762 id
635 1697 779 1780 potuerit
799 1696 923 1760 homini
944 1698 980 1762 in
1002 1698 1148 1796 legendis

180 1789 325 1848 ueterum
354 1785 549 1868 scriptorum
576 1783 668 1846 libris
695 1781 927 1864 uersatissimo,
959 1787 1148 1866 praesertrm
1265 1841 1266 1854 ,

183 1889 255 1933 curn
285 1869 475 1953 primarium
508 1866 600 1930 illurn
629 1866 770 1931 codicem
798 1864 1008 1932 Monachium
1040 1889 1148 1932 secum
1265 1863 1266 1870 '

182 1953 344 2037 perlatum
359 1954 448 2021 domi
461 1951 621 2034 habuerit,
637 1952 713 2016 dnm
728 1951 828 2035 ipsius
847 1953 1010 2036 exemplar
1025 1951 1149 2017 Valerii

181 2039 267 2122 typis
289 2045 375 2103 esset
400 2059 595 2121 expressum.
630 2057 697 2100 non
719 2035 869 2134 uitupero
891 2037 976 2120 quod
1000 2037 1148 2102 consulto

181 2123 398 2207 praetermisit
413 2123 514 2186 multa
528 2122 651 2186 leuiora
666 2125 699 2186 et
711 2121 884 2186 manifesta
897 2121 1020 2205 primae
1035 2143 1149 2188 manns
1266 2165 1267 2208 ,

142 2269 147 2284 ,
180 2207 307 2291 menda,
329 2229 412 2292 quae
434 2207 498 2272 alia
519 2228 617 2271 manu
638 2206 704 2271 iam
724 2210 869 2271 correcta
887 2210 964 2270 sunt
985 2207 1019 2271 in
1035 2206 1104 2270 cod.
1118 2210 1148 2272 A
1266 2213 1267 2226 ³

181 2329 223 2341 -
246 2293 398 2358 reuocaui
432 2294 517 2357 enirn
551 2291 686 2357 eandem
718 2291 793 2356 libri
823 2291 997 2356 Bernensis
1025 2295 1149 2376 notam,
1266 2309 1267 2320 ¹

181 2398 244 2527 23¹?
260 2374 1150 2558 edttttltt,tusl‘ttetutttnttt

181 2547 324 2632 optimus
338 2549 425 2612 inter
436 2547 632 2613 recentiores
648 2584 688 2594 -·
704 2545 760 2611 sed
776 2567 848 2610 curn
864 2546 964 2610 adicit
976 2549 1023 2628 (p.
1034 2545 1149 2628 XXI):

183 2633 244 2698 ‘aa
271 2635 459 2717 exception
488 2633 566 2714 quid
591 2634 627 2697 ia
653 2633 704 2696 bis
724 2632 817 2697 rebus
845 2635 955 2696 contro
976 2631 1151 2698 Bernensis

182 2719 393 2784 cumcuma
415 2719 606 2784 mutandumve
624 2718 756 2800 putaui,
784 2718 822 2781 in
843 2720 1066 2782 commentario
1088 2719 1150 2782 cri·

182 2805 242 2869 lico
264 2805 452 2870 aduolutum
474 2807 545 2880 est,'
576 2802 741 2867 uideamus
770 2802 836 2864 iam
857 2800 1053 2868 nnmhuius
1076 2822 1150 2866 con·

183 2889 323 2954 stantiae
340 2887 569 2954 asseuerationi
584 2887 663 2952 fides
678 2887 783 2970 possit
795 2885 919 2950 haberi.
942 2889 1027 2951 certe
1041 2889 1072 2965 2,
1085 2887 1115 2951 6.
1130 2888 1151 2951 5

182 2975 229 3058 (p.
253 2974 310 3058 76,
335 2974 376 3038 14
409 2994 498 3038 meae
526 2971 591 3053 ed.)
625 2992 692 3036 non
727 2971 864 3035 debebat
894 2973 1151 3055 praetermittere

182 3058 251 3122 cod.
268 3061 298 3123 A
312 3059 440 3124 tradere
462 3060 599 3140 caperet,
622 3055 709 3140 quod
730 3057 836 3140 ipsum
851 3057 947 3120 etiam
963 3056 998 3120 in
1012 3056 1150 3121 Lauren·

182 3143 275 3207 tiano
292 3144 346 3228 (L)
363 3148 459 3209 extat.
477 3179 514 3190 -
533 3162 593 3206 nec
607 3141 685 3206 ibid.
704 3141 732 3206 Ἰ.
749 3141 769 3205 6
785 3142 831 3224 (p.
844 3141 896 3224 85,
911 3140 968 3222 22)
991 3142 1088 3206 tacite
1111 3142 1151 3207 ab

184 3229 495 3294 lictoremutandnm
510 3226 628 3291 eratin
643 3249 664 3292 u
680 3227 785 3292 lictore
799 3229 857 3290 aut
877 3225 908 3308 3,
925 3226 955 3290 8.
979 3227 999 3291 6
1015 3228 1061 3310 (p.
1081 3227 1151 3310 156,

183 3311 240 3397 22)
256 3313 296 3378 ab
312 3315 439 3380 tribuno
461 3314 497 3377 in
519 3335 541 3378 a
555 3311 693 3376 tribuno.
707 3349 746 3358 —
761 3312 1075 3376 commemorandum
1092 3311 1152 3376 sal-

183 3403 249 3462 tem
278 3402 348 3462 erat
369 3398 406 3481 2,
428 3399 458 3463 8.
482 3398 553 3462 init.
579 3399 623 3481 (p.
640 3395 697 3479 93,
720 3395 755 3481 9)
783 3395 818 3459 in
840 3398 870 3460 A
899 3397 1054 3479 scriptum
1083 3418 1151 3462 esse

187 3507 207 3550 a
225 3483 366 3566 pmuulo
383 3482 479 3569 (corr.
498 3483 545 3568 lo)
566 3482 683 3548 romuli
706 3501 790 3558 cosa,
815 3502 882 3545 non
904 3503 920 3545 e
936 3483 1093 3564 paruulo.
1113 3521 1146 3532 —

184 3569 219 3632 in
243 3569 311 3633 loco
335 3570 535 3634 conclamato
557 3569 588 3648 4,
610 3568 640 3633 3.
663 3568 684 3630 4
705 3567 750 3653 (p.
771 3565 840 3649 179,
858 3567 891 3646 7)
914 3587 981 3632 non
1004 3571 1088 3632 recte
1111 3569 1150 3632 si·
