2550 3958
238 147 302 212 510
345 144 412 203 LIB.
423 144 471 196 lIl.
490 141 569 198 CAP.
580 148 604 210 8,
614 148 638 196 6.
658 141 718 195 uxo.
729 147 753 201 6,
771 141 839 196 LIB.
847 141 910 197 1111.
931 140 1118 200 CAP.1-4‚

204 310 220 359 6
304 300 484 377 Sempronia
498 298 700 360 Gracchorum
722 317 814 372 soror,
837 317 913 358 uxor
935 297 1107 376 Scipionis
1132 303 1221 360 Aemi·

237 381 322 458 lieni,
346 404 415 446 oum
436 404 468 445 se
483 385 602 461 quidam
619 383 761 458 Equitius
776 383 975 459 Semproniae
991 385 1144 446 familiae
1160 387 1221 446 false

238 470 432 544 adscriberet,
455 469 578 529 iubente
591 469 704 545 populo
719 471 754 527 ut
768 488 838 530 eum
853 469 1054 528 oscularetur
1071 473 1222 547 tamquam

237 555 332 614 filium
354 554 472 630 fratris,
495 553 636 629 reppulit.

187 645 242 688 Β*
308 638 383 700 (lum
406 637 574 698 Alexander
595 637 717 696 Macedo
740 655 828 714 aeger
854 637 967 697 iaceret
998 641 1034 698 et
1059 639 1090 699 ei
1115 640 1232 714 Philip?

208 700 300 799 ⁶pus
322 723 453 782 medicus
475 723 628 800 potionem
649 723 730 782 esset
752 721 887 797 daturus,
911 727 1175 796 superuenerunt
1195 724 1220 780 ab

240 808 401 885 Antipatro
416 807 570 883 epistulae,
594 808 628 866 ut
643 807 761 865 caueret
776 805 833 865 sibi
849 825 867 864 a
881 805 1030 882 Philippo
1048 814 1218 870 monentes:

240 892 319 952 hunc
347 892 425 950 enim
454 892 626 967 corruptum
654 909 672 949 a
698 908 770 966 rege
792 890 884 949 Dario
911 891 1084 965 potionem
1114 897 1218 968 tempe-

239 995 329 1036 rasse.
373 975 459 1035 lectis
481 974 616 1053 epistulis
639 973 816 1050 Alexander,
839 977 874 1032 ut
894 974 1033 1049 primum
1061 979 1161 1052 petiit
1180 995 1216 1052 pc

240 1060 369 1134 tionem,
392 1059 533 1136 legendas
555 1077 604 1119 eas
625 1057 766 1134 Philippo
787 1058 923 1117 tradidit.
1223 1067 1232 1079 ‘'

507 1390 663 1456 LIBER
698 1388 938 1468 QVARTVS.

535 1549 588 1606 DE
612 1545 916 1612 MODERATIONE.

191 1657 243 1724 1,1
307 1650 340 1708 P.
362 1649 501 1710 Valerius
523 1649 678 1710 Publicola
700 1667 770 1726 coa,
800 1667 868 1708 oum
896 1650 998 1707 omnia
1028 1651 1063 1710 in
1092 1673 1127 1713 se
1149 1651 1212 1712 inui-

242 1734 325 1795 diosa
346 1735 544 1810 conspiceret,
577 1733 780 1794 moderatione
802 1733 839 1792 ad
860 1731 1059 1793 humiliorem
1085 1737 1211 1797 habitum

242 1819 386 1879 deductus
414 1825 454 1879 eet
479 1818 574 1880 fasces
602 1817 754 1879 securibus
783 1816 1012 1877 uacuefaciendo
1038 1822 1074 1879 et
1099 1822 1136 1881 in
1158 1829 1227 1881 cor-2²

240 1905 323 1965 tione
345 1904 457 1980 populo
485 1903 689 1974 summittens,
717 1921 875 1961 numerum
897 1920 1018 1977 quoque
1044 1923 1160 1966 eorum
1180 1905 1211 1963 di·

240 1989 333 2047 midia
354 2008 391 2048 ex
412 1991 497 2063 parte
519 1989 665 2060 minuens,
689 1987 769 2046 ultro
792 1985 908 2062 collega
925 1984 977 2061 Sp.
995 1985 1154 2051 Lucretio
1168 1991 1210 2051 sibi

241 2071 366 2145 adlecta
390 2072 477 2133 aedes
499 2073 589 2132 etism
610 2091 679 2132 suas
698 2071 828 2143 diruens,
853 2088 929 2146 quae
945 2070 1123 2132 excelsiora
1140 2078 1209 2152 parte

241 2156 355 2231 positae
377 2156 471 2216 instar
493 2158 570 2217 arcis
592 2157 698 2215 babere
718 2154 904 2215 uidebantur.

208 2251 223 2300 2
307 2238 450 2299 Camillus
477 2242 551 2301 urbe
579 2244 665 2316 capta
690 2260 709 2299 a
730 2238 825 2299 Gallie
853 2240 1010 2298 reuocatus
1042 2257 1112 2301 non
1138 2245 1226 2321 priusr

243 2323 281 2384 ad
303 2324 505 2401 accipiendum
528 2326 690 2386 exercitum
711 2325 755 2383 ire
776 2322 873 2383 uoluit
894 2341 984 2399 quam
1007 2322 1045 2382 de
1064 2325 1210 2388 dictatura

243 2428 296 2469 sua
319 2410 418 2468 omnia
440 2410 578 2470 sollemni
601 2410 665 2469 iure
687 2410 753 2468 acta
774 2407 966 2482 conperisset.

208 2507 224 2556 3
306 2493 436 2554 Marcius
462 2494 584 2554 Rutilus
612 2492 792 2554 Censorinus
820 2493 928 2550 iterum
960 2508 1069 2550 censor
1099 2502 1210 2556 creatus

242 2578 387 2654 populum
410 2578 595 2656 obiurgauit,
621 2578 700 2654 quod
723 2596 788 2637 eam
809 2577 988 2652 potestatem
1010 2574 1061 2636 bis
1085 2579 1150 2639 sibi
1172 2581 1208 2640 de·

242 2663 370 2724 tulisset.
1215 2673 1226 2713 ³³

203 2759 224 2809 4
306 2747 341 2807 L.
371 2746 510 2819 Quintius
539 2746 746 2818 Cincinnatus,
776 2764 843 2806 cum
871 2744 1010 2804 honorem
1038 2746 1108 2806 eius
1138 2769 1168 2825 p.
1188 2767 1205 2806 c.

243 2833 415 2892 continuare
437 2832 558 2905 uellent,
583 2830 663 2908 quod
685 2833 716 2889 et
737 2829 867 2906 populus
889 2829 1008 2888 eoadem
1023 2828 1168 2894 tribunos
1182 2834 1205 2892 ir

241 2917 409 2991 proximum
431 2934 543 2975 anuum
558 2934 657 2975 creare
672 2913 850 2987 destinabat,
873 2911 989 2990 peregit
1004 2917 1146 2990 exemplo
1162 2936 1203 2979 suo

243 3003 276 3059 ut
298 3001 436 3060 tribunos
458 3000 542 3076 sequi
564 3019 596 3060 se
618 3002 743 3077 cogeret.

328 3186 344 3233 2
371 3178 500 3235 aemiliae
524 3180 534 3248 ΙΙ
558 3185 573 3233 7
601 3177 769 3299 ΑηὺὶρετἛ
796 3177 855 3234 Vol.
886 3181 957 3231 recte
984 3174 1172 3234 Parmenione
1186 3181 1198 3256 ¹t

243 3248 375 3301 monente
398 3247 467 3312 cod,
497 3263 545 3301 em.
566 3246 654 3301 Halm
677 3261 691 3299 e
715 3245 741 3298 V
770 3290 776 3301 .
801 3246 812 3314 t
835 3251 851 3298 8
874 3243 960 3298 dareo
977 3245 1044 3300 m.2
1067 3244 1078 3310 l
1103 3250 1200 3316 epebt

243 3313 311 3376 cod,
328 3328 368 3365 aa
384 3313 497 3378 potauit
515 3313 634 3367 cena?
662 3312 732 3366 mebi
744 3317 809 3378 post
825 3310 946 3364 tradidit
961 3310 1083 3364 addend.
1101 3315 1160 3369 uid.
1177 3317 1199 3368 et

243 3376 479 3430 medicamentum
490 3379 606 3446 hausitl
621 3385 651 3432 15
670 3380 714 3432 est
724 3392 775 3434 om.
788 3379 799 3446 n
813 3384 843 3431 la
855 3377 1034 3432 habebantur
1045 3379 1104 3436 cod,
1114 3381 1198 3442 Halia,

260 3439 316 3492 uod
334 3457 348 3494 c
369 3441 428 3495 Vol.
449 3445 603 3498 emendari.
637 3461 676 3498 aa
697 3445 729 3498 iu
751 3444 804 3497 titt.
823 3461 857 3496 ur
880 3443 966 3498 lateat
990 3443 1079 3496 furius
1098 3447 1198 3502 dubita

272 3507 344 3556 ertu*
356 3509 365 3572 ῃ
379 3513 411 3559 23
429 3507 551 3562 Marcius
568 3510 680 3563 Rutilus
697 3525 755 3576 noa,
772 3527 809 3567 m.
829 3508 939 3563 rutilius
957 3509 1015 3564 cod.
