2562 3950
259 148 328 204 me.
340 148 387 207 vr.
419 147 496 204 one.
514 156 539 219 a,
555 155 663 205 10-15.
689 151 841 207 uren-r.
980 155 1044 220 545

37 349 42 386 ι
114 308 160 366 L.
189 307 341 367 Lentulus
369 308 533 368 consularis
560 309 626 386 lege
649 307 777 369 Caecilia
805 311 1037 386 repetundarum
1059 321 1091 370 10

37 392 191 470 crimine
218 410 376 468 oppressus
399 395 503 468 postea
525 411 628 454 censor
650 412 716 454 cum
738 394 775 457 L.
792 392 956 456 Censorino
979 415 1040 457 cre-

37 480 122 536 atus
150 478 216 537 est.

37 637 38 642 η
121 559 186 620 Cn.
214 559 373 620 Cornelius
396 560 496 637 Scipio
517 561 614 621 Asina
635 581 696 622 cos.
719 582 736 621 a
758 562 866 623 Poenis
888 564 966 639 apud
988 565 1090 624 Iri-11

37 665 149 722 paras
176 648 302 720 captus,
325 663 392 704 cum
414 645 486 704 belli
509 645 574 705 iure
597 648 697 706 omnia
718 648 910 724 perdidisset,
934 653 1041 710 cuncta

37 730 260 806 reciperauit,
284 730 388 790 consul
410 731 501 789 etiam
523 733 631 791 itcrwm
651 735 757 806 postea
779 736 895 793 creatus
918 736 974 793 est.

122 813 276 887 Crassus,
310 814 361 889 qui
389 813 521 890 locuples
551 817 779 892 cognominatus
801 820 848 877 est
871 817 909 876 ob
931 817 1039 878 nimias
1059 827 1091 876 12

40 899 199 972 diuitias,
224 902 329 974 postea
350 899 438 974 inops
461 899 557 960 factus
578 919 634 976 per
655 902 749 961 risum
765 902 857 962 Diues
880 901 917 960 ab
941 920 1039 963 occur·

41 983 206 1044 rentibus
230 983 426 1044 salutabatur.
994 1017 999 1022 ·

127 1065 165 1128 C.
191 1068 308 1128 Marius
331 1067 529 1143 Arpinatibus
556 1068 719 1130 honoribus
741 1071 891 1130 iudicatus
913 1070 1091 1131 interierit

47 1155 177 1212 Romae
202 1171 299 1228 usque
322 1152 360 1212 ad
384 1153 498 1228 septem
521 1154 693 1214 consulatus
714 1156 870 1231 processit.

125 1236 163 1298 C.
181 1236 293 1297 Caesen
313 1237 394 1296 inter
413 1237 512 1312 prima
526 1235 665 1298 iuuentae
679 1240 768 1298 initia
781 1241 916 1316 priuatus
932 1241 1038 1302 Asiam
1057 1251 1089 1301 15

52 1324 171 1398 petens
200 1341 219 1380 a
247 1321 404 1380 maritimis
426 1322 626 1397 praedonibus
648 1323 727 1384 circa
746 1325 876 1384 insulam
898 1325 1039 1385 Pharma-

57 1423 168 1465 cusam
197 1409 337 1482 exceptus
366 1405 587 1483 quinquaginta
608 1427 640 1468 sc
662 1407 786 1468 talentis
808 1404 943 1468 redemit.
988 1409 1038 1469 de·

37 1509 40 1544 ¹.
60 1489 136 1549 inde
160 1493 269 1565 postea
291 1491 392 1566 captos
414 1492 577 1566 praedones
600 1492 737 1552 crucibus
759 1491 874 1552 adfixit.

128 1574 272 1634 Perditae
294 1575 429 1633 luxuriae
450 1574 576 1636 Athenis
598 1576 772 1636 adulescens
793 1576 932 1650 Polemo,
955 1586 1088 1638 cumssxt·

61 1660 244 1719 Xenocratis
266 1659 437 1746 philosopini
459 1661 640 1720 temulentus
656 1661 786 1720 scholam
801 1662 952 1734 intrasset,
976 1643 1069 1722 mo-1

63 1746 115 1802 tus
140 1745 288 1804 sermonis
311 1745 373 1804 eius
395 1745 547 1820 grauitate
568 1745 715 1819 paulatim
736 1746 913 1822 resipiscens
936 1765 971 1806 ex
993 1749 1057 1806 in·'

64 1829 138 1887 fami
162 1847 297 1904 ganeone
318 1828 463 1889 maximus
485 1830 680 1906 philosophus
702 1830 808 1890 euasit.

37 1934 58 1974 :o
139 1913 356 1974 Themistocles
379 1915 440 1974 tam
461 1914 583 1974 infamis
604 1915 637 1974 in
658 1915 788 1990 pueritia
808 1915 889 1974 uitae
910 1915 979 1989 fuit,
1002 1920 1070 1976 ute

67 2019 85 2057 a
115 2001 201 2074 patre
231 1997 436 2072 abdicaretur,
469 2002 596 2059 matrem
627 1999 666 2059 ob
699 1999 918 2075 tu1pitudinem
950 2019 1036 2061 suam

68 2083 230 2158 suspendio
254 2083 346 2142 uitam
368 2083 453 2143 finire
476 2085 614 2160 coegerit.

134 2167 267 2228 Cimonis
289 2168 470 2229 incunabula
491 2168 638 2245 opinionis
661 2169 773 2228 stultae
795 2168 926 2230 fuerunt.
1052 2181 1069 2231 3

133 2251 311 2328 Polycraten
334 2252 502 2312 Samiorum
531 2256 695 2330 tyrannum
724 2253 857 2313 omnium
878 2255 1033 2316 hominum
1052 2267 1069 2316 5

38 2357 58 2397 is
73 2335 275 2396 felicissimum
298 2335 426 2398 Orontes
447 2337 532 2396 Darii
554 2339 634 2414 regis
656 2338 822 2414 praefectus
844 2338 876 2398 in
898 2341 1035 2402 excelsis·

74 2421 147 2480 simo
169 2422 298 2498 Mycales
320 2423 431 2482 montis
453 2422 564 2482 uertice
586 2423 666 2482 cruci
689 2422 801 2481 adfixit.

136 2507 296 2583 Dionysius
317 2509 463 2583 tyrannus
484 2509 555 2582 post
575 2525 645 2582 opes
668 2508 781 2584 tentes,
810 2510 880 2582 post
902 2507 1033 2585 dignita·
1052 2523 1068 2568 6

76 2595 135 2650 tem
157 2591 286 2651 deiectus
310 2610 328 2649 a
349 2592 469 2668 fastigio
492 2591 636 2668 magister
657 2591 721 2651 ludi
742 2590 810 2649 fuit.

137 2675 327 2752 Syphax'rex
349 2677 459 2736 nobilis
489 2675 700 2751 timendusque
718 2674 861 2735 Romanis
889 2695 906 2734 a
930 2677 1069 2741 Laelios

40 2779 66 2820 eo
80 2761 172 2838 legato
193 2761 229 2820 ad
253 2761 422 2836 Scipionem
444 2761 564 2820 uinctus
586 2761 748 2836 perductus
771 2763 824 2821 est.

143 2931 156 2977 6
173 2924 354 3002 τᾳοιη)οτῐιιιίτι
365 2924 453 2978 Halm
465 2926 475 2992 ΙΙ
487 2924 589 3002 iterum
606 2938 656 2978 reos
674 2924 769 2988 Ναὶ,
787 2938 837 2978 om.
853 2925 911 2980 cod.
921 2923 1009 2978 Halos
1021 2925 1031 2992 ΙΙ

84 2992 540 3126 3tt.‚”{ttli⁶ltt²tctt
555 2992 873 3129 ttttttlttlt
888 2997 920 3113 {l
935 2991 1034 3128 itt}

84 3127 143 3194 cod,
161 3127 275 3185 em.Mci
287 3129 342 3248 QYI
361 3127 541 3205 dignitatem]
560 3144 598 3181 oc
615 3127 737 3182 addend.
749 3128 877 3182 tantam?
895 3128 936 3183 sic
948 3129 1031 3182 etiam

86 3194 174 3248 Gens*
185 3196 193 3263 ΙΙ
204 3199 270 3249 tta
313 3210 420 3249 omanis
438 3195 524 3250 Halm

483 3421 648 3428 .-.-.-—-——-
