2590 3948
474 166 550 223 can.
567 165 615 233 iv,
635 171 650 232 s
670 173 743 224 1-c.
1059 172 1099 240 19

124 325 223 400 quibus
238 325 365 384 omnibus
381 328 543 402 contempus
558 325 710 402 aScipione
724 327 818 386 Nasica
833 328 962 404 pontiice
982 333 1095 392 maximo
1113 335 1184 395 Por.

122 409 256 470 decussus
277 409 410 486 Capitolio
434 410 587 486 fragmento
610 411 734 470 subsellii
756 413 826 471 ictus
849 413 1003 488 procubuit.

188 495 216 553 3.
231 495 263 552 P.
290 495 417 552 Claudius
438 495 511 554 helio
533 496 647 569 Punico,
670 513 731 554 cum
753 497 886 572 proelium
908 500 1004 558 nando
1024 516 1098 560 cons·

122 581 234 638 mittere
256 579 341 638 uellet
363 581 537 655 amplciaque
551 597 628 640 more
647 583 779 640 maiorum
794 583 910 656 petisset
924 593 952 642 et
967 585 1098 659 pullarius

123 681 179 722 non
201 665 276 722 exire
299 681 381 722 cauea
403 665 494 739 pullos
517 666 687 738 nuntiasset,
713 665 781 725 abici
803 683 851 724 eos
872 669 900 724 in
923 685 996 728 mare
1018 671 1124 728 iussits

7 745 12 760 '
123 749 228 822 dicens,
252 748 327 822 ‘quia
349 765 410 806 esse
433 747 540 816 nolunt,
563 749 679 808 bibant’.

8 3557 18 3570 '
117 3553 224 3610 oncN

188 832 219 890 4.
234 832 265 890 L.
282 833 374 890 iunius
389 832 419 890 P.
433 832 536 891 Claudii
556 835 661 910 collega
681 834 814 910 neglectis
836 839 962 912 auspiciis
982 837 1097 898 danen

48 987 51 992 Ι
121 926 285 992 tempestae
300 919 389 975 andsit
404 917 639 994 damnationisque
654 921 830 994 ignominiam
841 921 997 984 cunctaris
1008 931 1098 982 morte

123 1004 276 1078 praeuenit.

188 1085 218 1146 ὀ.
231 1085 298 1144 Cum
307 1086 433 1146 lietallus
445 1087 568 1162 pontifex
584 1090 715 1148 maninus
731 1089 913 1150 Tusculanum
924 1101 1021 1166 petens
1033 1092 1095 1165 iret,
1111 1110 1137 1150 no

122 1173 201 1230 corui
216 1171 271 1230 duo
294 1173 323 1230 in
338 1187 370 1230 os
386 1173 445 1229 eius
468 1171 612 1230 aduersum
636 1172 723 1230 ueluti
744 1175 796 1232 iter
818 1175 987 1250 inpedientes
1010 1176 1095 1236 adno-

121 1257 250 1314 ianerunt
275 1258 377 1331 uisque
404 1257 569 1316 extuderunt
596 1264 628 1314 ut
655 1257 765 1316 domum
793 1259 904 1318 rediret.
941 1262 1096 1337 insequenti

122 1349 205 1399 nocte
226 1341 300 1398 aedis
323 1341 420 1398 Vestae
443 1342 520 1399 arsit.
557 1358 611 1415 quo
634 1341 760 1400 incendio
784 1342 907 1402 lietellns
927 1346 1000 1405 inter
1020 1347 1096 1420 ipsos

120 1427 194 1500 ignis
216 1434 324 1500 raptum
347 1424 495 1482 Palladium
516 1426 653 1484 incolume
676 1429 805 1488 seruauit.

188 1511 218 1568 6.
234 1510 269 1567 li.
286 1510 409 1567 Ciceroni
424 1525 497 1567 mors
517 1511 651 1568 inminens
668 1513 788 1586 auspicio
803 1512 939 1586 praedicta
953 1522 1011 1570 est:
1034 1531 1096 1572 cum
1109 1530 1134 1570 ns

122 1596 244 1652 enimin
265 1594 330 1651 uilla
344 1593 469 1652 Caietano
489 1603 571 1668 esset,
596 1611 698 1653 coruus
719 1597 747 1652 in
768 1605 918 1671 conspectu
939 1599 998 1654 eius
1014 1599 1095 1656 horo·

901 1687 918 1718 0

120 1763 183 1804 rum
209 1749 319 1804 mansit.
362 1746 447 1804 Nauio
475 1763 536 1805 cum
564 1756 626 1805 cote
653 1754 682 1804 et
709 1747 844 1806 muscula
873 1751 1023 1808 communia
1050 1759 1094 1810 esi
1105 1756 1179 1827 Nep.

121 1839 224 1890 statua.

186 1916 217 1974 2.
230 1917 270 1974 'li
284 1915 421 1974 ilrmohm
437 1915 604 1974 tribunatum
618 1916 768 1992 adepturus
782 1917 927 1992 pullarium
942 1918 1016 1976 domi
1030 1936 1095 1978 oon·

120 2002 208 2059 suluit
229 2000 263 2057 ab
290 2017 380 2074 eoque
407 2003 447 2057 ira
474 2003 502 2058 in
530 2017 653 2075 campum
681 2001 835 2076 prohibitus
863 2011 916 2060 est.
955 2005 1004 2061 sed
1032 2021 1093 2064 cum
1107 2022 1134 2062 so

119 2087 296 2162 pertinaciter
317 2093 457 2162 pergeret,
478 2087 518 2144 sic
538 2085 617 2142 illisit
638 2102 702 2144 mox
716 2093 791 2143 entra
806 2088 912 2144 ianuam
927 2087 1035 2162 pedem,
1058 2098 1091 2146 ut

120 2173 182 2230 eins
204 2179 379 2229 excuteretur
404 2169 545 2228 articulus.
582 2169 680 2228 deinde
709 2178 766 2228 tres
793 2173 870 2230 corni
895 2173 1042 2246 prodeunti
1069 2176 1094 2230 ei

118 2273 182 2314 cura
205 2254 321 2313 uocibus
342 2255 463 2313 aduersis
485 2255 678 2313 inuolauerunt
692 2262 721 2312 et
735 2265 950 2331 compugnantes
976 2257 1093 2333 tegulam

120 2350 184 2400 ante
205 2339 290 2414 pedes
311 2341 370 2397 eius
393 2339 560 2412 deiecerunt.
594 2356 712 2414 cumque
726 2341 754 2396 in
769 2339 903 2415 Capitolio
923 2342 1093 2414 consuleret,

119 2425 218 2483 similia
239 2425 356 2498 auspicia
377 2424 482 2481 hahuit.
519 2422 589 2480 male
610 2425 698 2499 igitur
721 2423 859 2482 tribunatu
880 2435 962 2500 gesto
985 2427 1092 2486 occistus
1107 2442 1132 2484 nu

119 2519 165 2568 est
176 2527 193 2566 a
206 2509 334 2587 Scipione
346 2509 449 2566 Nasica.
473 2510 562 2584 primo
583 2510 654 2566 ictus
669 2508 825 2584 iragmento
839 2509 974 2583 subsellii,
994 2520 1092 2586 postea

120 2596 197 2654 claua
212 2595 357 2669 expirauit.
391 2610 492 2668 corpus
508 2594 566 2650 eius
582 2609 642 2650 cum
658 2594 712 2664 inis,
728 2595 774 2667 qni
789 2596 892 2668 pariter
906 2597 990 2654 occisi
1004 2607 1091 2668 erant,

119 2679 263 2738 Lucretius
285 2678 378 2736 aedilis
393 2678 467 2754 plebi
481 2678 648 2736 inhumatum
661 2681 693 2736 in
708 2677 826 2736 'liberim
840 2679 908 2738 abici
922 2681 1013 2739 iussit.

185 2764 215 2826 3.
230 2763 260 2821 P.
276 2762 404 2820 Claudius
425 2779 555 2838 praeceps
578 2764 658 2820 animi
679 2763 768 2837 primo
792 2762 863 2821 hello
880 2763 980 2822 Punico
1003 2764 1090 2838 pulla-

117 2851 190 2908 rium
212 2848 360 2906 consuluit.
397 2848 444 2922 qui
460 2865 521 2906 cum
535 2847 648 2904 dixisset
662 2863 718 2904 non
734 2849 807 2905 uesci
823 2847 926 2922 pullos,
944 2847 1020 2922 quod
1035 2865 1089 2906 ma·
1104 2865 1130 2909 ao

119 2935 177 2992 lum
194 2949 274 2990 outen
294 2942 345 3005 est,
368 2931 485 2989 ‘bibant'
502 2934 591 3006 lnquit
614 2941 640 2989 et
655 2933 683 2988 in
697 2948 772 2988 mare
793 2933 880 3007 proici
901 2934 991 2993 iussit.
1028 2949 1091 2990 mox

189 3068 202 3115 1
221 3061 363 3116 ominibus
381 3061 487 3140 Rinioes
503 3063 539 3115 48
554 3061 593 3139 lin
610 3059 743 3128 depulsus
760 3060 806 3114 oei
823 3059 952 3138 detrusus
972 3059 1088 3126 Ciminii,

116 3132 236 3186 atteram
253 3129 303 3183 loc
319 3145 417 3208 serem
428 3128 490 3184 ord.
503 3129 513 3197 ΙΙ
525 3134 541 3206 ‚²
556 3127 650 3182 nactus
661 3127 690 3182 P
701 3129 740 3196 l⁶
753 3137 863 3249 engeten
874 3143 929 3182 ros.
941 3128 970 3182 P
981 3129 992 3196 u
1006 3133 1020 3181 i
1031 3127 1089 3181 col-

116 3195 758 3402 ξξξξὲξξξξξξξξῆῑὴςιῖξ
775 3212 820 3317 a
830 3195 1026 3335 amin.

261 3373 269 3400 ,
331 3375 337 3388 .
483 3375 490 3386 .

188 3421 220 3472 tt
238 3432 312 3470 nano
325 3417 360 3471 N
374 3419 424 3486 119
442 3416 511 3470 iiius
522 3416 557 3471 N
565 3415 577 3486 ll
588 3421 621 3468 22
640 3416 819 3470 excuteretur
835 3430 894 3482 scos,
913 3416 1091 3493 exciderentur

115 3487 169 3556 u
182 3483 1000 3622 ²⁵rani‘iantmlttia‘itcanilff⁹5l
1014 3489 1046 3540 2⁸
1061 3499 1088 3536 r

899 3636 939 3690 μ
