2606 3958
487 200 563 258 oar.
580 200 606 268 1,
625 206 639 266 e
658 207 732 258 1-3.
911 223 914 236 ι
1028 205 1088 270 421

126 352 386 418 conmendabiles
402 351 543 417 auiculas
559 321 744 418 inmanibus
760 358 883 438 emptas
898 355 1010 438 pretiis
1031 378 1090 440 pro

124 437 268 502 ficedulis
295 457 415 522 ponere
445 441 598 522 acetoque
626 438 764 523 liquatos
789 461 927 524 magnae
949 461 1091 506 summae

121 522 257 587 uniones
279 522 464 606 potionibus
487 543 656 607 aspergere
679 520 826 608 solitum,
859 525 1092 609 amplissimum

123 607 351 691 patrimonium
384 610 550 689 tamquam
583 629 724 672 amaram
759 609 899 693 aliquam
932 609 1091 675 sarcinam

123 713 220 776 quam
242 691 406 756 celerrime
429 691 561 768 abicere
571 693 763 776 cupientem.
801 715 938 777 quorum
960 694 1117 760 alteriuss

124 777 226 860 senis,
260 776 391 840 alterius
426 776 640 842 adulescentis
673 779 795 842 sectam
832 779 935 843 secuti
961 779 1093 862 longius

123 882 240 926 manus
262 865 491 945 porrexerunt:
520 882 626 944 neque
653 863 738 926 euim
761 863 862 928 ullum
884 863 1000 928 uitium
1021 863 1093 926 fini·

123 950 176 1010 tur
198 947 262 1031 ibi,
284 945 339 1009 ubi
355 945 467 1010 oritur.
504 945 580 1011 inde
603 946 643 1010 ab
659 945 772 1012 occani
793 947 942 1014 litoribus
957 946 1095 1012 adtracti

123 1030 242 1114 pisces,
265 1029 340 1095 inde
361 1029 487 1095 infusae
510 1030 627 1097 culinis
644 1052 736 1097 arcae
751 1032 962 1116 censibusque
978 1031 1094 1096 edendi

124 1136 162 1180 ac
187 1115 318 1182 bibendi
339 1115 490 1202 uoluptas
512 1118 651 1200 reperta.
1106 1133 1131 1174 1⁰

189 1202 221 1266 3.
244 1199 328 1266 Vrbi
350 1202 456 1265 autem
478 1202 611 1265 nostrae
633 1200 765 1266 secundi
782 1200 898 1266 Punici
920 1200 997 1266 belli
1018 1201 1094 1264 finis

125 1290 157 1350 et
179 1285 350 1369 Philippus
371 1284 581 1350 Macedoniae
603 1307 659 1349 rex
682 1285 827 1350 deuictus
848 1285 1026 1351 licentioris
1048 1286 1095 1349 ui·

125 1373 178 1434 tae
205 1371 355 1433 fiduciam
384 1368 488 1433 dedit.¹
531 1390 595 1454 quo
623 1374 767 1453 tempore
790 1374 957 1434 matronae
979 1369 1094 1434 Bruto·

124 1475 197 1518 rum
229 1455 359 1518 domum
387 1474 483 1517 ausae
512 1458 589 1518 sunt
617 1454 780 1537 obsidere,
812 1454 868 1537 qui
890 1453 1095 1539 abrogationi

123 1540 153 1603 le
180 1539 205 1602 's
222 1537 345 1622 Oppiae
367 1537 564 1604 intercedere
584 1540 691 1622 parati
713 1542 819 1622 erant,
842 1560 939 1622 quam
954 1538 1094 1604 feminae
1108 1553 1134 1595 1⁶

125 1559 198 1689 miii
222 1623 413 1706 cupiebant,
438 1622 514 1705 quia
535 1623 586 1687 his
608 1644 669 1688 neo
691 1627 782 1688 ueste
802 1624 885 1688 uarii
908 1623 1025 1690 coloris
1047 1625 1096 1686 uti

30 1729 32 1734 ’
125 1728 185 1772 nec
208 1709 278 1772 auri
300 1706 372 1790 plus
387 1708 583 1772 semunciam
598 1707 717 1777 habere
738 1728 798 1772 nec
820 1708 931 1773 iuncto
946 1707 1095 1772 uehiculo

125 1791 953 1961 11111111111111111111ῗὲ
974 1791 1097 1959 ult

126 1963 299 2028 continuos
321 1978 371 2024 xx
394 1983 494 2028 annos
519 1966 683 2027 seruatum
697 1961 897 2026 aboleretur:
918 1982 987 2026 non
1009 1961 1095 2026 enim
1108 1977 1134 2017 20

127 2047 337 2131 prouidemnt
358 2046 478 2110 saeculi
499 2046 587 2112 illius
609 2047 673 2111 uiri
701 2047 742 2110 ad
764 2068 859 2130 quem
881 2047 1004 2111 cultum
1025 2051 1094 2110 ten-

127 2132 218 2195 deret
251 2130 374 2195 insoliti
406 2135 516 2196 coetus
544 2132 693 2215 pertinax
720 2132 863 2197 studium
891 2135 947 2195 aut
975 2150 1038 2215 quo
1061 2151 1096 2194 se

126 2237 227 2299 usque
250 2215 389 2279 effusura
410 2218 494 2280 esset
516 2217 626 2300 legum
647 2216 765 2280 uictrix
787 2216 929 2281 audacia.
968 2215 1096 2298 quodsi

127 2300 228 2363 animi
243 2299 411 2363 muliebris
433 2305 607 2383 apparatus
622 2301 743 2364 intueri
756 2301 955 2384 potuissent,
979 2300 1096 2383 quibus

126 2383 243 2449 cotidie
270 2383 389 2465 aliquid
418 2384 575 2448 nouitatis
604 2386 822 2469 sumptuosius
849 2385 1008 2449 adiectum
1037 2387 1094 2461 est,
1108 2399 1134 2439 2⁵

124 2469 160 2533 in
190 2469 260 2552 ipso
289 2468 425 2533 introitu
459 2470 567 2533 ruenti
594 2469 737 2533 luxuriae
770 2469 984 2533 obstitissent.
1041 2468 1097 2534 sed

125 2552 203 2636 quid
227 2573 288 2636 ego
312 2552 351 2616 de
372 2551 503 2617 feminis
532 2553 666 2618 ulterius
688 2553 816 2637 loquar,
846 2574 925 2636 quas
954 2555 987 2616 et
1007 2551 1097 2616 inbe-

126 2637 245 2702 cillitas
260 2637 379 2701 mentis
395 2641 428 2702 et
441 2637 628 2722 grauiorum
640 2658 773 2720 operum
788 2639 909 2722 negata
923 2636 1096 2702 adfectatio

197 2778 210 2825 1
230 2771 346 2826 suculas
358 2772 444 2838 Lm,
463 2772 559 2826 auclas
571 2771 650 2826 Par.¹
664 2771 674 2839 ΙΙ
686 2770 849 2840 ingentibus
868 2772 902 2839 (la.
916 2771 934 2824 l.
955 2776 980 2826 ct
993 2785 1023 2838 ρ.
1034 2772 1096 2834 423,

127 2843 145 2896 5
153 2854 207 2908 pro
220 2838 393 2908 inmanibus)
411 2841 481 2895 Por.
494 2840 504 2908 ΙΙ
517 2845 532 2893 2
551 2838 704 2904 ficedulicis
723 2838 761 2905 (oi
767 2839 909 2906 percolat.)
922 2838 948 2892 L
961 2839 971 2906 l
984 2845 1000 2892 3
1019 2837 1097 2891 unio·

124 2907 168 2960 nis
186 2906 281 2970 L¹A¹,
304 2913 337 2961 ut
362 2921 414 2962 noo
436 2907 505 2961 Por.
532 2907 542 2974 ΙΙ
568 2913 583 2960 9
611 2921 650 2960 aa
679 2911 853 2974 censusque?
880 2905 915 2972 cf.
935 2906 1017 2960 Ouid.
1035 2910 1095 2960 met.

128 2974 212 3028 VIII
225 2976 280 3027 846
290 2976 305 3052 j!
329 2980 359 3027 11
378 2975 447 3030 fines
465 2975 536 3029 ΙιΑ1
554 2975 564 3042 ΙΙ
583 2980 615 3028 14
633 2974 818 3044 abrogatione
836 2973 896 3028 LA
908 2974 922 3051 ll
938 2979 969 3036 lb
986 2972 1030 3027 his
1048 2974 1096 3038 A',

123 3040 258 3106 hiL¹A¹,
277 3040 312 3094 iis
335 3041 423 3096 Halm
444 3043 453 3111 ΙΙ
478 3049 508 3098 18
525 3058 577 3111 pro
599 3042 655 3096 rius
667 3042 748 3096 L¹A¹
770 3043 780 3110 ΙΙ
803 3048 834 3096 19
858 3041 988 3107 equidem
1012 3040 1087 3110 LA!

125 3116 157 3163 21
176 3107 285 3162 cultum
308 3109 381 3179 LA,
405 3110 548 3165 cumulum
607 3110 672 3164 carelo
708 3125 739 3177 p.
758 3112 805 3176 15,
832 3111 931 3162 luxum
948 3107 1076 3163 Eberhor

121 3193 150 3246 p.
170 3178 223 3230 165
245 3177 255 3244 ΙΙ
275 3177 428 3232 tenderent
450 3179 510 3232 LA
531 3180 541 3247 ΙΙ
562 3184 595 3232 22
623 3126 719 3231 socius
738 3176 807 3242 LA,
834 3177 927 3230 cultus
948 3175 1097 3230 Eberhard
1200 3234 1202 3242 s

124 3250 151 3301 ct
172 3243 293 3315 Wcaalcy
311 3245 328 3300 l.
347 3261 382 3305 c..
408 3248 537 3315 comptus
561 3245 631 3300 coni.
650 3245 738 3300 Halm
755 3261 804 3300 cm.
828 3244 889 3300 Vol.
906 3259 935 3310 p.
952 3248 994 3311 31,
1012 3255 1096 3298 cona-

124 3311 410 3382 ursicampum
433 3319 463 3368 ot
484 3313 545 3368 aad.
566 3312 698 3368 Focrtsct
714 3313 737 3366 I
755 3315 792 3367 27
810 3317 836 3366 ct
857 3312 917 3366 III
929 3314 966 3367 2⁷
984 3317 1009 3366 et
1027 3312 1095 3370 aco.

126 3380 545 3450 XXX11112,4a5,5uaa
564 3378 975 3449 offusuruLssuiotrisAEflIt
994 3380 1095 3434 animis

128 3449 241 3515 Gener,
263 3449 410 3504 subdubito
432 3466 471 3503 aa
493 3449 580 3502 animi
602 3466 620 3502 o
643 3449 758 3502 librario
780 3448 920 3502 adiectum
942 3449 980 3502 sit
996 3447 1095 3502 mulie·

125 3516 183 3570 bris
205 3518 329 3586 pacatico
347 3517 453 3572 dictam
466 3517 608 3584 potentat!
626 3515 776 3570 muliebres
794 3516 830 3569 Π
845 3517 854 3584 ΙΙ
868 3521 900 3570 2⁷
917 3515 1018 3584 loquor
1036 3516 1096 3569 LA

125 3583 226 3653 Halm,
245 3603 293 3641 cm.
313 3585 396 3640 Gertz
412 3601 439 3653 p.
459 3586 581 3653 2941118
598 3598 685 3653 opera
702 3584 785 3637 L¹A¹
