2608 3952
290 187 370 247 oar.
388 187 437 254 111,
456 187 582 248 scr-12.
604 185 667 244 aa.
684 191 787 251 sr-a.
817 186 880 253 1111,
898 187 950 247 ss.
1043 186 1106 254 291

129 341 235 407 monii
258 340 358 404 libros
373 339 562 404 Archilochi
585 360 602 402 e
625 338 756 402 ciuitate
779 360 836 403 sua
857 341 1020 423 exportari
1042 341 1107 404 ius·

130 429 261 509 serunt,
283 425 369 509 quod
392 445 501 489 eorum
523 445 636 507 parum
657 423 871 487 uerecundam
898 445 935 487 ao
957 425 1106 508 pudicam

129 511 306 576 lectionem
325 509 583 574 arbitrabantur:
611 508 785 572 noluerunt
813 508 898 572 enim
927 529 964 572 ea
991 509 1106 574 libero-

129 618 204 660 rum
227 614 357 659 suorum
379 594 507 658 animos
528 593 645 676 imbui,
667 613 709 656 ne
730 593 803 676 plus
817 593 960 656 moribus
974 598 1107 658 noceret

130 702 231 764 qnam
253 678 394 764 ingeniis
422 679 598 763 prodesset.
641 678 751 762 itaque
779 678 949 741 maximum
976 683 1132 762 poetams

130 769 190 829 aut
212 767 299 829 corto
321 784 446 846 summo
491 764 665 844 mximum,
688 764 765 846 quia
781 762 912 827 domum
934 763 996 826 sibi
1021 764 1104 826 inui-

130 848 365 998 saffitgbscssbnis
380 785 560 912 maledictis
575 847 788 930 Iacerauerat‚
812 849 990 912 carminum
1008 847 1105 912 exilio

131 957 164 998 m
235 955 297 997 run

196 1019 228 1082 2.
262 1018 479 1082 Athenienses
501 1020 609 1080 autam
633 1015 828 1102 Timagoran
852 1017 940 1081 inter
962 1015 1105 1081 officium

131 1103 337 1167 salutationis
353 1102 494 1165 Dareum
515 1121 624 1184 regem
646 1121 736 1164 more
758 1102 865 1185 gantis
887 1102 974 1166 illius
996 1101 1144 1166 adala-10

130 1192 202 1252 tum
218 1186 350 1270 capitali
365 1186 525 1270 supplicio
540 1187 735 1264 adfecerunt,
759 1188 854 1250 unius
876 1188 957 1252 cinis
978 1186 1106 1251 humili-

131 1274 194 1336 bus
215 1271 381 1337 blanditiis
402 1270 502 1335 totius
524 1270 613 1334 urbis
636 1291 712 1334 suae
728 1269 823 1335 decus
838 1270 986 1336 Persicae
1002 1272 1104 1336 domi-

131 1356 261 1421 nationi
283 1355 490 1420 summissum
511 1355 656 1440 grauiter
677 1354 830 1418 forentes.

197 1442 228 1505 3.
251 1440 320 1505 Iam
336 1440 510 1524 Cambyses
533 1439 706 1503 inusitatae
729 1440 929 1523 seueritatis,
951 1441 1007 1524 qui
1028 1441 1106 1504 mali

133 1525 298 1590 cuiusdam
325 1525 440 1590 iudicis
463 1546 480 1588 e
502 1544 633 1607 corporo
659 1523 777 1607 pellem
805 1523 984 1588 detractam
1007 1524 1105 1589 sellae
1119 1547 1144 1588 ra

130 1610 259 1676 intendi
282 1611 317 1674 in
344 1631 443 1693 eaque
470 1609 573 1673 filium
600 1609 668 1672 eius
696 1607 910 1672 iudicaturum
939 1609 1105 1673 considere

131 1696 236 1760 iussit.
282 1698 422 1760 osterum
450 1699 485 1759 st
505 1715 561 1757 rex
584 1698 617 1758 et
643 1693 799 1757 barbarus
827 1693 929 1757 atroci
958 1713 995 1757 ac
1020 1713 1106 1757 nona

131 1801 249 1928 poenad
260 1779 375 1845 indicis
396 1801 438 1844 na
460 1781 531 1863 quis
553 1785 665 1862 postea
692 1778 854 1862 corrumpi
882 1777 976 1842 iudex
998 1782 1106 1861 posset

132 1865 228 1948 proni
251 1865 287 1929 it.

230 2049 307 2115 IIII.
346 2047 572 2115 GRAVITER
593 2048 726 2114 DICTA
748 2047 838 2113 AVT
859 2047 1013 2114 FACTA.
1118 2073 1144 2112 ao

197 2167 352 2267 Magnam
374 2172 408 2232 et
427 2168 546 2232 bonam
568 2166 672 2231 laudis
694 2169 818 2249 partem
841 2167 875 2229 in
904 2166 997 2231 claris
1026 2166 1105 2232 uiris

133 2254 233 2319 etiam
255 2254 312 2318 rlla
333 2253 516 2335 uiudicant,
538 2273 619 2335 quao
641 2254 698 2315 aut
719 2251 759 2314 ab
782 2251 833 2314 his
856 2251 941 2316 dicta
962 2253 1106 2336 grauiter

135 2343 193 2403 aut
213 2338 302 2403 facta
324 2337 473 2422 pertinax
494 2336 647 2400 memoria
670 2335 793 2400 uiribus
809 2336 948 2400 aeternis
972 2358 1105 2421 conpre-

134 2424 255 2488 hendit.
286 2445 421 2506 quorum
438 2443 477 2486 ex
498 2420 677 2485 abundanti
699 2420 792 2504 copia
813 2442 874 2486 nec
896 2443 993 2504 parca
1007 2423 1105 2486 nimis

131 2530 193 2574 nec
215 2529 326 2573 rursus
348 2507 443 2571 auida
464 2527 563 2570 manu
585 2504 670 2589 quod
695 2505 799 2589 magis
828 2506 986 2570 desiderio
1013 2507 1104 2570 satis·
1118 2530 1143 2570 as

132 2593 232 2658 faciat
254 2614 349 2742 [Cum
372 2591 514 2656 satietati
537 2590 679 2654 abundet
699 2589 895 2654 hauriamus.

202 2679 230 2741 1.
288 2677 401 2741 initate
422 2678 533 2740 nostra
555 2674 718 2740 Cannensi
741 2674 830 2739 cludo
875 2674 1008 2752 emulsa,
1031 2696 1103 2739 cum

133 2761 303 2827 admodum
331 2762 420 2825 tenui
448 2760 503 2823 filo
532 2781 687 2843 suspensa
715 2761 762 2823 rei
783 2699 929 2843 pubiioao
958 2759 1044 2823 salus
1066 2781 1105 2822 ex

133 2847 294 2912 sociorum
317 2846 379 2909 fide
398 2845 563 2928 penderet,
587 2847 624 2907 ut
639 2865 749 2908 eorum
764 2845 864 2910 animi
879 2844 919 2909 ad
935 2843 1103 2928 imperium

131 2930 314 2996 Romanum
329 2929 484 2995 tuendum
501 2930 736 2995 constantiores
752 2935 869 3013 essent,
890 2929 1005 2993 maiori
1019 2930 1105 3012 parti
1118 2958 1143 2997 ao

204 3107 216 3152 1
235 3099 321 3153 libros
339 3099 366 3152 L
390 3099 455 3152 dett.
473 3099 552 3162 Pon,
571 3111 622 3152 orn.
642 3099 679 3151 ΑΙ
701 3100 712 3166 11
733 3097 903 3169 archilochia
927 3099 979 3156 oiu.
998 3097 1035 3150 13¹
1057 3098 1067 3165 11
1089 3113 1104 3150 s

132 3182 184 3222 om.
202 3169 272 3222 Par.
294 3168 304 3235 11
328 3173 343 3219 6
362 3180 509 3221 *ssummo
527 3168 555 3220 A
575 3168 586 3234 11
608 3171 622 3219 7
641 3166 788 3219 obscoenis
804 3167 844 3219 Α2
868 3168 878 3234 1
902 3172 918 3219 9
935 3166 1105 3234 ttmagoram

131 3236 201 3290 Por.
226 3236 236 3304 1
262 3241 293 3290 10
311 3235 422 3288 darium
439 3233 522 3288 Ρατ.1
546 3235 556 3302 1
581 3239 613 3288 13
631 3233 765 3302 ferentes]
790 3233 857 3290 add.
877 3233 897 3286 1.
916 3234 946 3287 P.
970 3233 1016 3287 bic
1038 3231 1104 3291 hab.

132 3303 216 3357 tituli]
232 3319 295 3371 seq3
314 3317 409 3372 murac
420 3303 448 3355 A
460 3302 470 3369 11
485 3307 516 3355 16
532 3302 662 3355 intuendi
679 3301 715 3354 L¹
730 3306 764 3368 et,
781 3307 813 3356 ut
830 3302 902 3367 aid„
913 3303 960 3367 Αἱ,
982 3299 1106 3355 intendit

132 3372 172 3426 ΑΙ
190 3387 204 3425 c
221 3371 291 3424 Por.
313 3372 323 3439 11
346 3376 377 3424 18
394 3369 517 3423 indicias
536 3373 559 3438 (s
576 3370 609 3423 iu
625 3385 681 3427 rua.
710 3369 750 3434 L,
770 3369 867 3423 iudicii
886 3370 933 3436 At
951 3375 983 3423 ut
999 3383 1049 3422 uos
1066 3369 1105 3420 Δὶ

132 3455 195 3494 mar
213 3454 229 3492 o
245 3439 274 3492 A
295 3439 305 3507 11
326 3444 359 3516 21)
378 3435 567 3491 GRAVITER
579 3467 616 3517 -.
628 3436 675 3490 TA
700 3437 749 3515 TA
766 3438 799 3491 iu
815 3453 870 3492 raa.
888 3438 916 3490 A
937 3439 947 3506 11
968 3443 1001 3492 25
1019 3435 1105 3490 abida

133 3507 171 3560 L¹
206 3507 283 3574 11126
301 3506 432 3560 satietate
451 3505 516 3561 dett.
533 3506 641 3626 mults&
655 3507 798 3559 har1amus
814 3506 851 3560 A*
870 3507 880 3574 1
897 3511 930 3560 28
947 3505 1005 3560 filio
1022 3504 1104 3558 ΙΆΑι
1161 3529 1162 3532 “

9 3637 19 3650 ,
136 3575 193 3645 1129
211 3573 298 3627 animi
316 3577 396 3642 (ectr.
415 3575 426 3626 i
442 3576 508 3628 Μ
524 3589 546 3628 s.
565 3575 596 3640 l.)

899 3662 951 3714 19*
