2606 3952
450 177 526 234 cnr.
539 177 629 244 vuu,
649 183 664 246 a
684 186 757 238 r-a.
1046 183 1089 249 99

116 330 236 396 maius:
264 329 321 394 illo
342 351 479 413 namque
501 331 685 418 coniugalia
706 352 799 397 sacra
820 338 928 417 spreta
949 338 1086 419 tantm,

101 415 180 480 lucu
203 415 301 480 etiam
323 416 476 480 iniuriose
498 419 636 482 tractata
651 419 737 482 suut.
766 417 888 501 optimo
905 439 982 505 ergo
1004 421 1087 486 iudi·

116 501 166 566 cio
194 520 344 565 censores
371 500 440 564 indi
488 522 544 565 um
571 523 644 566 eum
671 500 760 567 aditu
790 503 896 567 curiae
924 505 1087 570 existima·

115 589 248 666 uerunt,
270 585 301 649 3.
326 584 408 650 siout
457 586 561 651 orciua
583 585 664 652 (lato
679 586 716 652 L.
731 585 969 670 Flamininum,
992 611 1086 674 quem

115 689 284 736 enumero
300 674 486 736 senatorum
502 669 641 754 sustulit,
664 672 739 755 quia
751 670 788 736 in
803 673 971 756 prouincia
985 692 1112 758 quen-⁵

116 755 192 819 dam
215 754 403 819 damnatum
425 756 529 820 securi
550 757 752 838 percusserat
772 759 919 840 tempora
934 759 1086 843 supplicii

115 840 156 904 ad
172 839 342 904 arbitrium
358 843 391 903 et
405 839 622 924 spectaculum
637 841 855 923 mulierculae,
874 843 964 906 cuius
979 863 1086 909 amore

113 925 301 1001 tenebatur,
326 924 439 989 electo.
476 928 509 988 et
529 928 656 1009 poterat
677 924 818 990 inhiberi
840 931 988 1010 respectu
1010 949 1086 992 oon-

114 1010 256 1091 sulatus,
308 1029 381 1073 uem
403 1010 431 1072 is
452 1014 612 1095 gesserat,
641 1013 738 1094 atqm
760 1011 954 1076 auctoritate
974 1011 1085 1078 trabis

115 1096 185 1160 eius
208 1093 275 1158 Titi
325 1093 483 1158 laminini.
528 1094 584 1158 sed
606 1098 639 1159 et
660 1114 776 1161 censor
798 1100 827 1161 ct
848 1094 945 1176 (lato,
968 1097 1085 1181 duplex
1098 1115 1125 1156 ιο

113 1178 296 1245 seueritatis
319 1178 514 1261 exemplum,
538 1199 575 1243 eo
595 1179 700 1265 magis
720 1179 812 1244 illum
826 1180 1005 1245 notandum
1020 1186 1084 1247 sta·

112 1265 196 1342 tuit,
220 1263 305 1347 quod
327 1263 516 1347 amplissimi
531 1262 666 1329 honoris
680 1265 880 1329 maiestatem
895 1269 964 1330 tam
979 1271 1084 1333 taetro

112 1349 259 1427 facinore
281 1348 510 1431 inquinauerat
530 1368 590 1412 nec
612 1349 706 1434 pansi
728 1347 862 1413 du'xerat
883 1349 984 1414 isdem
1005 1352 1085 1416 ima-

139 1433 145 1447 '
172 1434 244 1497 ibus
271 1433 388 1497 ascribi
415 1432 592 1497 meretricis
619 1434 729 1498 oculos
756 1433 898 1499 humano
925 1437 1084 1520 sanguine
1165 1483 1166 1488 η

112 1453 288 1583 &aetates
310 1520 342 1581 et
363 1538 397 1582 re
425 1517 449 1580 's
471 1517 615 1600 Philippi
637 1517 797 1602 supplices
819 1539 943 1582 manus.
1097 1536 1123 1578 rs

53 1604 95 1687 1}
198 1652 205 1669 .
235 1601 320 1678 Quid
342 1601 381 1666 de
398 1538 528 1666 &abrici
541 1601 675 1667 Luscini
696 1623 831 1666 censura
850 1602 988 1686 loquar?
1011 1625 1085 1669 nar·

9 1693 10 1742 l
112 1691 198 1752 ramt
221 1687 326 1752 omnis
348 1689 437 1751 aetas
460 1690 492 1751 et
515 1686 665 1769 deinceps
680 1687 828 1751 narrabit
849 1686 890 1750 ab
912 1707 950 1751 eo
967 1687 1085 1753 Gorne-

111 1772 191 1836 lium
213 1769 368 1835 Rufinum
390 1771 513 1836 duobus
535 1771 755 1836 consulatibus
778 1775 811 1836 et
832 1771 992 1836 dictatura
1014 1793 1083 1856 spe·

112 1856 289 1922 ciosissimc
316 1855 478 1937 functum,
509 1856 595 1940 quod
623 1855 655 1920 X
683 1856 793 1941 pondo
824 1877 902 1920 uasa
929 1860 1084 1942 argentea

112 1943 330 2025 comparasset,
351 1940 485 2024 perinde
507 1962 544 2006 ac
566 1941 652 2006 malo
669 1941 817 2024 exemplo
832 1940 1032 2005 luxuriosum
1046 1941 1082 2006 in
1095 1958 1139 2027 ao

112 2026 224 2091 ordine
252 2027 416 2090 senatorio
444 2029 606 2090 retentum
628 2047 694 2090 non
724 2047 802 2091 esse.
846 2027 937 2108 ipsae
958 2025 1082 2091 medius

112 2109 207 2176 fidius
229 2109 309 2174 mihi
324 2110 451 2175 litterae
467 2111 586 2176 saeculi
600 2111 705 2175 nostri
723 2107 949 2195 obstupescere
971 2111 1083 2176 uiden·

110 2199 175 2277 tur,
200 2213 274 2260 cum
296 2194 336 2259 ad
357 2198 482 2259 tantam
503 2196 708 2260 seueritatem
722 2194 924 2260 referendam
939 2196 1083 2261 ministe-

111 2280 196 2344 rium
218 2279 461 2346 adcommodare
485 2283 660 2365 coguntur,
685 2301 723 2346 ac
745 2280 849 2344 uereri
870 2299 912 2344 ne
934 2301 1002 2346 non
1024 2302 1082 2345 no·

111 2369 196 2430 strae
230 2363 320 2430 urbis
357 2367 429 2429 acta
463 2383 714 2431 commemorare
747 2365 986 2430 existimentur:
1026 2365 1081 2429 uix
1095 2382 1121 2422 2⁵

110 2450 196 2515 enim
223 2449 373 2514 credibile
402 2446 450 2514 est'
477 2451 563 2515 intra
595 2451 680 2514 idem
707 2449 887 2534 pomerium
912 2449 944 2514 X
972 2449 1079 2534 pondo

179 2625 191 2696 l
210 2618 261 2696 illo
279 2633 401 2686 namque
421 2618 482 2674 edd.
501 2621 581 2683 acti„
600 2616 649 2672 illo
665 2581 821 2684 numam,
840 2634 910 2696 narn·
923 2617 973 2673 illo
990 2617 1080 2674 Halm

109 2687 128 2808 Η
144 2693 159 2740 2
177 2687 330 2764 rniurrosae
348 2687 382 2763 (a.
395 2686 513 2763 induet)
526 2686 553 2763 A
566 2687 576 2753 ΙΙ
588 2686 681 2739 tacta
697 2686 788 2764 1210114
804 2685 981 2768 flammrnum
997 2687 1079 2754 Pur,

108 2751 870 2891 ,natatui{leitrreultbltttatn,tlt
883 2755 925 2899 iffi
939 2753 1079 2873 Arreti

108 2890 189 2944 L¹A¹
213 2890 225 2966 ll
247 2894 263 2943 8
285 2890 413 2958 respecto
436 2889 506 2944 L¹A
530 2889 539 2956 ΙΙ
564 2888 726 2944 consulatus
748 2891 828 2956 (eutr.
848 2905 860 2940 s
882 2904 914 2941 cra
931 2903 986 2941 ruo.
1021 2887 1071 2955 Idi}

111 2964 141 3012 10
168 2956 227 3011 'litr
252 2971 314 3036 uua,
343 2957 370 3011 d.
389 2958 407 3011 ri
427 2958 508 3036 Ast
531 2957 560 3024 (d
582 2961 719 3036 mutatum
741 2955 773 3010 ia
795 2956 831 3022 ci)
854 2955 896 3018 L,
924 2955 956 3008 Τ.
1006 2954 1080 3007 uinti

111 3025 223 3090 acuar,
246 3040 295 3092 qua
317 3025 335 3079 ri
355 3027 484 3094 prauum
505 3037 616 3101 numere
639 3029 734 3078 aotam
751 3028 849 3092 putot,
874 3039 900 3080 r.
919 3038 942 3079 c.
962 3021 994 3101 Τ.
1018 3021 1079 3076 edd.

9 3137 10 3166 ζ
107 3099 172 3148 cett.
194 3094 204 3161 ΙΙ
224 3091 381 3147 flaminium
399 3094 446 3157 A¹,
463 3091 580 3146 flaminir
599 3092 638 3145 A*
654 3092 664 3160 ΙΙ
682 3097 711 3145 et
729 3091 798 3146 Cato
817 3089 883 3144 dett.
899 3105 995 3159 parrer,
1013 3091 1079 3142 cato

9 3193 10 3196 =
110 3163 170 3230 (cm.
184 3161 224 3225 et)
240 3160 311 3226 LA,
329 3178 357 3214 u.
371 3160 447 3228 adp.
461 3163 521 3238 103,
534 3162 571 3214 26
583 3159 594 3228 ΙΙ
609 3165 638 3212 11
658 3159 758 3212 statuit
776 3158 833 3224 (aad
850 3158 874 3210 it
891 3159 924 3211 iu
941 3159 1008 3223 rus.)
1021 3157 1049 3210 A
1066 3157 1077 3225 ΙΙ

110 3235 147 3306 121
158 3230 234 3306 tetro
253 3228 324 3306 LJA
337 3231 347 3297 ΙΙ
360 3235 392 3283 13
410 3244 491 3306 pensr
510 3227 568 3292 (sed
587 3243 620 3280 en
640 3233 720 3281 cairo
737 3241 809 3281 uera.
828 3230 853 3280 et
872 3243 895 3278 s1
912 3241 944 3279 ra
962 3227 1028 3290 roa.)
1040 3224 1078 3291 A,

108 3293 831 3442 u,{acetrudaturrerubea
846 3293 1078 3439 tertulla·

107 3381 165 3485 {A
177 3432 188 3499 ΙΙ
201 3437 234 3509 29
250 3433 369 3499 perrnde
388 3436 450 3500 (per
467 3447 500 3484 aa
516 3433 582 3495 rue.)
602 3431 641 3497 A,
651 3428 778 3510 'proinde
796 3429 877 3508 ΒΓΗ
893 3435 924 3482 21
943 3444 1004 3498 ipse
1017 3428 1079 3481 LA

108 3501 118 3568 ΙΙ
135 3505 167 3553 22
191 3497 264 3552 filius
282 3500 309 3553 L
329 3501 339 3568 11
360 3507 392 3554 22
410 3499 543 3554 uidentur
565 3499 623 3566 (tur
644 3514 677 3552 cu
694 3499 761 3566 rue.)
781 3498 822 3561 A,
847 3497 1012 3552 u1derentur
1036 3497 1079 3563 (er
1135 3552 1139 3558 ,

102 3569 246 3636 pandat.)
266 3567 314 3635 Lll
327 3573 359 3621 23
378 3569 491 3621 tantum
508 3567 548 3619 A¹

885 3649 923 3703 *lit
