2550 3958
258 166 335 221 cre.
353 165 419 234 xu,
436 165 499 221 nxe.
517 172 635 233 §aa-10.
670 167 744 236 rur,
763 173 778 234 a
798 175 821 228 1.
834 176 858 224 a.
984 171 1047 236 463

144 319 193 383 10.
218 318 298 383 Item
315 318 503 402 Polydamas
518 320 640 385 athleta
656 324 846 405 tempestate
862 323 1046 406 speluncam

74 403 187 468 subire
210 406 336 467 coactus
361 405 455 488 [est]‚
484 405 584 470 nimio
608 410 641 470 et
662 406 768 470 subito
792 407 923 471 incursu
945 429 1046 491 aquae

73 488 276 554 labefactata
298 509 336 553 ea
352 509 388 552 ac
410 493 533 572 ruente,
555 491 669 555 ceteris
685 491 854 555 comitibus
869 492 947 576 fuga
961 494 1044 576 peri-

72 573 141 638 culi
176 569 314 656 eg'ressis
343 573 430 638 solus
458 575 578 640 restitit
612 579 775 659 temam
807 575 950 640 humeris
979 577 1045 641 suis

74 658 179 722 totius
195 659 308 722 ruinae
321 658 441 722 molam
457 663 707 742 sustentaturus,
729 659 784 724 sed
799 660 940 744 pondere
956 663 1071 725 omnia

73 763 212 826 corpore
233 743 374 807 humano
391 743 573 825 potentiore
588 765 755 828 oppressus
777 745 889 809 imbris
912 747 1044 828 petitam

73 828 235 892 latebram
257 827 414 892 dementis
437 827 515 892 faeti
537 830 718 911 sepulcrum
742 829 862 894 habuit.
907 834 1045 913 possunt

12 969 13 972 ,
72 913 110 975 hi
133 913 287 996 praebere
310 910 535 976 documentum
563 915 664 977 nimio
693 915 807 978 robore
829 915 1043 978 membrorum

12 1057 13 1060 ,
72 998 222 1081 uigorem
244 998 361 1060 mentis
390 997 576 1077 hebescere,
606 999 712 1081 quasi,
743 1000 904 1064 abnuente
925 1002 1043 1063 natura

12 1085 13 1090 ’
72 1082 241 1165 utriusque
263 1081 341 1145 boni
363 1081 583 1166 largitionem,
610 1083 670 1180 [ne]
693 1104 789 1167 supra
811 1083 978 1149 mortalem
1000 1084 1043 1148 sit
1055 1104 1081 1146 ιο
1186 1131 1191 1138 .

12 1171 13 1176 ’
70 1167 264 1231 felicitatem
286 1167 421 1231 eundem
443 1169 476 1230 et
497 1166 754 1232 ualentissimum
770 1190 839 1233 esse
861 1172 895 1234 et
916 1169 1041 1252 sapien·

71 1251 244 1316 tissimum.

239 1399 330 1466 XIII.
365 1400 424 1466 Du}
447 1399 712 1467 CVPIDITATE
735 1402 879 1470 VITAE.

12 1569 13 1576 κ
141 1519 263 1585 Verum
279 1520 355 1602 quia
375 1540 521 1584 excessus
538 1542 555 1584 e
570 1521 638 1583 uita
655 1525 687 1585 et
706 1520 857 1586 fortuitos
873 1523 905 1584 at
919 1521 1040 1603 uiriles,

12 1601 13 1606 ’
73 1604 229 1689 quosdam
252 1605 349 1668 etiam
371 1607 558 1669 temerarios
581 1606 728 1669 oratione
750 1606 932 1690 attigimus,
956 1606 1079 1670 subi-iu

12 1743 13 1750 ,
74 1691 196 1754 ciamus
219 1710 307 1753 nunc
330 1688 548 1754 aestimationi
563 1710 696 1754 enerues
719 1693 751 1754 et
773 1690 981 1768 effeminatos,
1004 1693 1041 1753 ut

12 1767 13 1776 ’
73 1776 145 1859 ipsa
166 1773 399 1857 conparatione
420 1777 533 1857 pateat
554 1778 673 1857 quanto
701 1791 768 1838 non
791 1775 895 1840 solum
917 1774 1039 1853 fortior,

12 1909 13 1946 3
72 1861 128 1924 sed
150 1859 249 2007 (citiam
272 1858 448 1942 sapientior
465 1858 578 1922 mortis
600 1858 762 1924 interdum
778 1880 874 1942 quam
897 1859 983 1923 uitae
998 1860 1041 1923 sit

12 2009 13 2014 ,
73 1967 112 2009 cu
137 1945 148 2007 i
170 1945 244 2009 itas.

12 2025 13 2032 '
113 1968 166 2094 pl.
190 2027 245 2091 Μ’.
261 2028 423 2112 Aquilius,
439 2049 512 2092 cum
528 2028 591 2093 sibi
605 2029 746 2113 gloriose
761 2029 903 2112 ealiapui
917 2032 1036 2111 posset,
1051 2051 1078 2091 ao

70 2112 254 2178 Mithridati
277 2113 393 2177 maluit
414 2113 555 2196 turpiter
575 2113 704 2178 seruire.
742 2134 836 2197 quem
851 2133 957 2178 nonae
979 2112 1037 2177 ali-

71 2199 142 2282 quis
163 2197 279 2262 merito
303 2197 419 2261 dixerit
433 2197 571 2262 Pontico
595 2198 755 2282 supplicio
778 2219 874 2282 quam
890 2197 1037 2262 Romano

70 2282 205 2365 imperio
234 2280 429 2366 digniorem,
458 2283 608 2365 quoniam
638 2282 789 2347 conmisit
815 2286 852 2347 ut
872 2283 1036 2366 priuatum

71 2365 261 2450 obprobium
284 2366 431 2449 publicus
453 2367 552 2430 rubor
573 2366 748 2431 existeret?

132 2452 162 2516 2.
197 2448 256 2515 (ln.
285 2470 412 2533 quoque
444 2449 548 2516 Carbo
582 2472 719 2536 magnae
744 2451 954 2516 uerecundiae
987 2454 1036 2515 est
1049 2472 1075 2512 aa

141 2679 153 2723 l
172 2669 313 2749 polidam'.
325 2672 353 2724 A
365 2671 380 2747 'u
397 2675 412 2720 2
432 2671 476 2723 est
493 2669 533 2736 A,
557 2673 587 2724 et
607 2669 726 2748 Gener,
750 2684 801 2724 em.
819 2669 860 2728 ed.
882 2668 948 2722 Vea.
967 2671 1036 2722 1478

69 2739 227 2886 dilelglrnediis3
273 2735 634 2886 ,erlltualirtilrlistzmdlpowdi
655 2735 1034 2883 tritedictiulibldlegtleslsilzlietii
1155 2871 1160 2880 .

71 2875 221 2942 meeullell
238 2874 364 2928 humens
385 2873 444 2941 (aec)
463 2873 504 2936 A,
524 2887 627 2926 umeris
644 2873 733 2926 Halm
749 2874 760 2942 ΙΙ
777 2877 793 2924 t
811 2872 865 2927 lue.
884 2886 968 2925 mano
985 2887 1035 2939 po·

69 2942 139 2995 tenti
157 2945 182 2995 et
201 2947 216 2995 7
233 2941 375 2996 latebram
398 2939 524 2994 dementi
545 2941 604 2995 sita
625 2941 728 2996 deletae
750 2940 783 2993 iu
805 2939 833 2992 A
853 2940 863 3008 l
885 2954 1035 3018 oppressus

13 3073 14 3082 χ
73 3009 151 3064 Gertz
170 3009 187 3067 l.
206 3025 228 3063 c.
248 3009 307 3068 coll.
326 3008 455 3078 Maduip.
474 3008 556 3076 135,
584 3025 697 3077 pressus
714 3008 742 3061 A
759 3007 847 3062 Halm
868 3008 878 3076 l
898 3006 1036 3084 imbribus

70 3076 175 3142 Aldae;
202 3081 232 3131 ut
254 3092 281 3131 a.
306 3076 415 3132 Lucae.
442 3075 466 3131 V
487 3077 569 3146 74311
592 3076 693 3131 'lfacti
710 3075 904 3144 Kellerbauer,
933 3074 986 3127 latr
1007 3075 1035 3128 A

69 3144 152 3199 Halm
173 3144 183 3213 ll
204 3145 401 3214 saepulchrum
424 3144 463 3197 Α1
485 3145 494 3212 l
518 3145 650 3214 [possunt
668 3143 927 3198 -documentum
946 3141 1034 3196 nimio

70 3212 179 3335 broborc
193 3243 225 3250 -
238 3212 354 3281 mc]ntis
370 3211 475 3266 haebes
490 3229 553 3267 cere
566 3243 599 3252 -
611 3213 758 3281 utriusque
789 3211 818 3263 A
841 3211 851 3278 l
877 3216 908 3264 10
925 3223 980 3263 nas
997 3210 1033 3273 A,

89 3280 172 3335 elaad.
200 3295 255 3335 esec
280 3280 341 3337 aid.
368 3279 468 3334 Fceris
525 3280 585 3333 ΠΙ
602 3283 652 3345 28,
679 3279 741 3334 siae
764 3277 845 3333 aucis
867 3276 955 3331 Halm
973 3277 983 3345 ΙΙ
1003 3283 1035 3331 14

69 3348 181 3403 fortuito
203 3347 253 3402 sed
277 3348 314 3401 A¹
338 3349 349 3416 l
373 3353 406 3402 20
428 3347 473 3400 M'.
495 3347 631 3418 Piplias,
656 3346 694 3403 rii.
720 3348 762 3413 A,
793 3360 904 3398 marcus
927 3345 1028 3415 Paul!

70 3415 203 3486 gloriosae
221 3417 260 3469 A¹
286 3417 296 3485 ll
323 3413 450 3484 extingui
473 3431 568 3496 murqo
585 3416 612 3468 A
630 3431 644 3469 e
661 3415 745 3480 Pac,
768 3428 819 3468 cm.
839 3412 898 3466 AO
922 3413 927 3481 l
951 3428 1032 3480 posse

69 3485 106 3537 A¹
147 3489 178 3537 21
198 3499 283 3551 quern
301 3498 394 3538 nonne
410 3484 590 3548 Perimula,
613 3498 698 3551 quem
715 3497 773 3535 non
789 3480 883 3535 AGD
923 3522 929 3548 ‚
947 3497 1033 3550 quem

73 3555 97 3604 Γ
139 3551 262 3621 αῑηιΙΙ24
278 3553 366 3606 robur
382 3551 444 3620 ,pp
458 3557 490 3606 25
509 3551 569 3620 Cu]
590 3553 613 3606 t.
630 3551 660 3604 ri.
677 3550 717 3618 A,
737 3566 760 3604 c.
778 3551 850 3606 Par.
