2604 3960
344 179 423 236 GAP.
437 179 504 246 VII,
523 179 585 234 Ext.
604 184 707 244 §6-8.
735 178 810 244 VIII,
824 181 838 242 ἓ
853 187 875 234 l.
1034 185 1094 252 153

126 333 273 419 quisquis
296 355 330 398 se
351 332 472 417 aliquid
488 333 600 397 ordine
615 353 653 398 ac
667 337 755 398 recte
770 337 878 398 mente
893 334 1094 418 complexum

124 420 270 495 confidit,
295 419 347 482 uel
362 419 427 482 iam
442 421 578 503 gestum,
598 418 624 482 si
640 416 852 495 obtrectatur,
873 419 991 484 acriter
1004 423 1095 484 tuea-

125 510 196 588 tur,
224 503 275 568 uel
297 503 440 567 nondum
463 502 599 576 editum,
623 503 649 566 si
672 502 910 586 interpelletur,
938 505 1007 570 sine
1029 505 1095 569 ulla

125 589 331 655 cunctatione
354 587 394 651 ad
417 587 564 653 effectum
586 586 750 671 perducat.

193 677 219 738 1.
257 672 319 737 Sed
348 672 423 736 dum
451 672 598 756 exempla
625 672 807 756 propositae
834 672 881 736 rei
909 693 1001 756 perse
1025 694 1120 752 uor‚s

123 759 223 825 latius
238 757 317 820 mibi
332 756 605 841 circumspicienti
620 761 696 822 ante
712 757 821 822 omnia
835 778 870 821 se
883 755 976 822 Fului
987 695 1095 840 Flacci

125 843 308 909 constantia
350 841 452 910 offert.
512 841 653 926 Capuam
695 841 865 906 fallacibus
904 841 1095 908 Hannibalis

123 927 292 1014 promissis
314 926 427 992 Italiae
453 945 591 1010 regnum
618 925 742 991 nefarie
770 925 950 991 defectione
976 928 1095 1011 pacisci

123 1033 312 1098 persuasam
346 1012 443 1075 armis
473 1013 694 1095 occupauerat.
742 1013 809 1076 tam
837 1010 953 1077 deinde
983 1012 1095 1096 culpae

124 1097 269 1162 hostium
302 1097 406 1160 iustus
444 1098 630 1161 aestimator
662 1117 758 1179 quam
794 1097 956 1180 speciosus
992 1097 1096 1162 uictor
1111 1117 1135 1156 lo

126 1182 330 1264 Campanum
352 1184 501 1245 senatum
522 1179 613 1264 impii
636 1180 756 1246 decreti
772 1183 937 1262 auctorem
951 1182 1096 1246 funditus

125 1266 232 1332 delere
259 1265 438 1330 constituit.
481 1265 588 1349 itaque
617 1266 738 1330 catenis
767 1269 919 1331 onustum
950 1266 986 1330 in
1018 1267 1097 1331 duas

127 1351 304 1433 custodias,
323 1349 466 1415 Teanam
482 1349 698 1433 Calenamque
722 1350 832 1414 diuisit
853 1350 1021 1420 consilium
1044 1373 1096 1416 ex-

125 1439 292 1519 scutatus,
321 1455 394 1500 cum
422 1455 460 1499 ea
487 1433 679 1518 peregisset,
710 1455 845 1519 quorum
873 1435 1097 1500 administran-

126 1522 242 1586 dorum
273 1518 403 1584 citerior
435 1539 503 1582 esse
536 1519 709 1583 necessitas
743 1518 920 1584 uidebatur.
971 1541 1097 1584 rumore
1110 1540 1137 1581 rs

126 1608 235 1670 autem
257 1604 295 1669 de
318 1607 448 1668 senatus
469 1602 597 1668 mitiore
618 1603 778 1668 sententia
794 1606 876 1683 orto,
899 1625 940 1668 ne
956 1603 1096 1670 debitam

150 1711 265 1754 oenum
298 1689 445 1754 scelerati
480 1687 673 1771 effugerent,
707 1690 803 1752 nocte
839 1687 978 1751 admisso
1015 1709 1096 1772 equo

125 1713 273 1841 l'eanum
297 1772 466 1838 contendit
487 1772 730 1857 interfectisque
751 1772 805 1856 qui
825 1772 871 1836 ibi
886 1771 1097 1837 adseruaban-

126 1864 181 1925 tur
203 1881 220 1924 e
242 1858 380 1943 uestigio
402 1855 496 1922 Gales
522 1862 566 1923 est
592 1861 811 2005 transqrsssus
840 1857 1097 1941 perseuerantiae

126 1941 1022 2111 :lttsslltultltbutusdltlldlllu
1040 1942 1097 2092 lt?
1111 1965 1137 2005 ²⁰

128 2114 242 2179 lutaris
259 2111 431 2196 Campanis
453 2110 592 2195 accepit:
614 2111 648 2174 in
672 2111 802 2175 sinistra
822 2112 907 2176 enim
922 2133 976 2176 eas
991 2133 1098 2190 manu,

127 2199 212 2264 sicut
235 2200 327 2263 erant
354 2195 507 2274 traditae,
537 2195 682 2279 reposuit
709 2217 747 2261 ac
773 2196 860 2260 iusso
887 2196 1000 2261 lictore
1027 2197 1098 2283 lege

125 2304 224 2370 agere
252 2286 322 2348 tum
350 2283 478 2346 demum
507 2276 648 2364 aperuit,
683 2285 855 2364 postquam
881 2281 946 2346 illie
975 2281 1098 2346 obtem-

125 2367 235 2454 perari
255 2388 323 2432 non
344 2368 480 2450 poterat.
515 2386 579 2448 qua
595 2366 777 2431 constantia
798 2366 951 2431 uictoriae
971 2388 1097 2451 quoque
1111 2385 1136 2426 as

126 2452 265 2540 gloriam
287 2452 472 2532 antecessit,
497 2450 588 2533 quia,
611 2451 638 2513 si
661 2471 733 2514 eum
755 2452 842 2516 intra
858 2471 891 2515 se
911 2452 1014 2534 ipsam
1028 2473 1098 2535 par·

196 2627 214 2676 4
231 2619 407 2674 conctationc
426 2626 504 2685 (corr.
522 2633 536 2672 e
553 2618 637 2684 cont.)
651 2619 700 2687 Lll
718 2624 733 2674 5
752 2619 881 2689 exempla
892 2618 923 2672 Ε
939 2619 1097 2686 Turranius,

125 2689 248 2758 Muduip
265 2688 306 2742 ΙΙ
319 2692 383 2753 319,
407 2686 553 2756 exemplar
576 2687 635 2739 LA
656 2687 743 2741 Halm
767 2688 777 2754 l
801 2694 817 2740 6
839 2688 913 2742 circi
935 2686 1099 2755 inspicienti

126 2757 188 2812 LA
200 2757 210 2825 l
224 2763 256 2811 10
273 2755 437 2810 aestimator
456 2757 528 2820 (ator
546 2754 577 2807 iu
593 2756 662 2820 rus.)
675 2753 714 2818 L,
735 2755 868 2809 aestimor
879 2754 916 2807 A¹
931 2755 940 2822 ΙΙ
955 2760 985 2807 12
1005 2754 1098 2810 delere

122 2824 400 2892 unanimitate&
424 2823 457 2876 ta
473 2824 540 2888 rus.)
559 2822 618 2875 LA
642 2823 652 2890 l
676 2822 828 2876 honustum
849 2822 921 2875 L¹A
944 2824 954 2890 ΙΙ
979 2827 1011 2876 13
1033 2821 1098 2888 fort.

125 2892 304 2947 Teanensem
326 2891 427 2958 Halm,
455 2895 486 2944 at
508 2905 536 2943 a.
567 2888 608 2945 cd.
630 2905 717 2944 meam
738 2891 803 2944 mai.
827 2891 837 2968 ΙΙ
862 2890 1054 2944 exsecuturus
1075 2893 1099 2956 (s

125 2961 211 3027 eras.)
228 2960 257 3013 A
280 2960 290 3029 ΙΙ
315 2964 347 3013 15
371 2958 484 3012 citerior
503 2957 586 3011 Gesta
604 2972 635 3024 p.
654 2961 708 3012 273
725 2957 784 3012 coll.
809 2958 948 3012 crterioris
971 2972 1055 3010 curae
1073 2958 1097 3012 t.

127 3043 189 3096 cap.
210 3032 264 3082 est.
276 3031 306 3093 1,
326 3025 443 3081 celerior
455 3025 515 3079 LA
532 3024 642 3146 Hulmpl
654 3041 766 3079 rumore
786 3027 830 3092 (ru
847 3041 881 3080 m.
895 3029 924 3089 2)
937 3025 964 3079 L
977 3026 986 3093 ΙΙ
1002 3029 1032 3078 17
1049 3041 1099 3097 pp-

124 3093 598 3230 rrrlrurulltauue
613 3093 1100 3238 st'lltltlaltelltdt

127 3232 223 3287 estA²
235 3236 260 3285 et
275 3229 376 3284 Wcuslc
406 3231 514 3296 18441).
525 3232 589 3295 783,
609 3229 759 3283 executum
777 3229 882 3282 Bloum
896 3243 926 3295 p.
943 3231 978 3282 38
990 3229 1000 3295 ΙΙ
1014 3228 1100 3282 etiam

126 3300 176 3365 A²‚
196 3314 262 3352 num
283 3297 368 3352 Weas
385 3313 404 3366 y
421 3299 439 3352 l.
457 3313 487 3361 c,
506 3312 545 3350 aa
562 3310 613 3351 om.
632 3298 675 3350 est
691 3296 824 3351 smbcud.
844 3296 1026 3360 executurus,
1043 3296 1101 3349 iam

128 3367 216 3421 deleto
235 3368 282 3420 et?
299 3365 309 3434 ΙΙ
327 3371 357 3418 21
377 3362 514 3441 salutares
533 3364 570 3416 L²
583 3365 593 3432 ΙΙ
611 3370 642 3416 22
661 3378 814 3432 campanus
832 3363 903 3416 L¹A
915 3364 925 3431 l
938 3369 971 3416 24
989 3363 1102 3432 aparuit

127 3436 167 3488 A¹
179 3435 190 3502 ΙΙ
207 3439 240 3488 26
258 3434 409 3486 antecessit
425 3447 475 3484 aas
493 3447 506 3485 e
526 3435 552 3485 Γ
566 3433 598 3485 lu
615 3430 751 3485 Fleckeis.
770 3447 838 3484 aaa.
858 3435 930 3485 1886
942 3448 972 3499 p.
990 3434 1034 3490 60.
1064 3431 1100 3496 cs.

127 3503 150 3556 1
165 3507 183 3556 6
201 3505 256 3557 ext.
274 3504 309 3565 2‚·
330 3499 432 3553 VIIII
440 3504 466 3564 6,
483 3501 515 3562 2,
534 3499 680 3553 antecellit
694 3498 754 3551 LA
772 3498 859 3553 Halm
872 3501 882 3566 ΙΙ
894 3499 986 3568 ipsam
1003 3513 1053 3553 noa
1070 3501 1101 3552 in

10 3585 18 3600 ¹
131 3570 173 3626 ed.
192 3569 259 3624 arai.
275 3569 411 3637 probante
431 3567 541 3622 Gertaio
554 3581 582 3634 p.
602 3569 668 3633 273,
686 3566 778 3634 ipsum
797 3566 856 3620 LA
876 3568 960 3622 Halm
