<?xml version="1.0" encoding="UTF-8"?>
<!DOCTYPE html PUBLIC "-//W3C//DTD XHTML 1.0 Transitional//EN"
    "http://www.w3.org/TR/xhtml1/DTD/xhtml1-transitional.dtd">
<html xmlns="http://www.w3.org/1999/xhtml" xml:lang="en" lang="en">
 <head>
  <title>
</title>
<meta http-equiv="Content-Type" content="text/html;charset=utf-8" />
  <meta name='ocr-system' content='tesseract 3.04.00' />
  <meta name='ocr-capabilities' content='ocr_page ocr_carea ocr_par ocr_line ocrx_word'/>
</head>
<body>
  <div class='ocr_page' id='page_1' title='image "./valeriimaximifa00nepogoog_0184.png"; bbox 0 0 2604 3960; ppageno 0'>
   <div class='ocr_carea' id='block_1_1' title="bbox 393 187 1090 258">
    <p class='ocr_par' dir='ltr' id='par_1_1' title="bbox 393 187 1090 258">
     <span class='ocr_line' id='line_1_1' title="bbox 393 187 1090 258; baseline 0.009 -14"><span class='ocrx_word' id='word_1_1' title='bbox 393 189 470 244; x_wconf 82' lang='lat' dir='ltr'><strong>OAP.</strong></span> <span class='ocrx_word' id='word_1_2' title='bbox 484 187 536 257; x_wconf 91' lang='lat' dir='ltr'><strong>VI,</strong></span> <span class='ocrx_word' id='word_1_3' title='bbox 555 191 660 255; x_wconf 72' lang='lat'><strong>§5—7.</strong></span> <span class='ocrx_word' id='word_1_4' title='bbox 684 187 750 253; x_wconf 91' lang='lat' dir='ltr'><strong>Vll,</strong></span> <span class='ocrx_word' id='word_1_5' title='bbox 769 189 821 250; x_wconf 68' lang='grc' dir='ltr'><strong>ἐι.</strong></span> <span class='ocrx_word' id='word_1_6' title='bbox 1029 192 1090 258; x_wconf 88' lang='grc'><strong>143</strong></span> 
     </span>
    </p>
   </div>
   <div class='ocr_carea' id='block_1_2' title="bbox 21 341 1089 429">
    <p class='ocr_par' dir='ltr' id='par_1_2' title="bbox 21 341 1089 429">
     <span class='ocr_line' id='line_1_2' title="bbox 21 341 1089 429; baseline 0.002 -21"><span class='ocrx_word' id='word_1_7' title='bbox 21 371 24 382; x_wconf 92' lang='grc'><strong><em>·</em></strong></span> <span class='ocrx_word' id='word_1_8' title='bbox 118 343 268 409; x_wconf 72' lang='lat' dir='ltr'><strong>adeuntis</strong></span> <span class='ocrx_word' id='word_1_9' title='bbox 290 343 326 408; x_wconf 91' lang='lat' dir='ltr'><strong>in</strong></span> <span class='ocrx_word' id='word_1_10' title='bbox 345 343 473 426; x_wconf 85' lang='lat' dir='ltr'><strong>aedem,</strong></span> <span class='ocrx_word' id='word_1_11' title='bbox 498 363 580 426; x_wconf 88' lang='lat' dir='ltr'><strong>quae</strong></span> <span class='ocrx_word' id='word_1_12' title='bbox 602 342 689 407; x_wconf 88' lang='lat' dir='ltr'><strong>intra</strong></span> <span class='ocrx_word' id='word_1_13' title='bbox 711 343 839 407; x_wconf 89' lang='lat' dir='ltr'><strong>moenia</strong></span> <span class='ocrx_word' id='word_1_14' title='bbox 854 341 994 409; x_wconf 90' lang='lat' dir='ltr'><strong>hostium</strong></span> <span class='ocrx_word' id='word_1_15' title='bbox 1009 348 1089 429; x_wconf 86' lang='lat' dir='ltr'><strong>erat,</strong></span> 
     </span>
    </p>
   </div>
   <div class='ocr_carea' id='block_1_3' title="bbox 24 427 1089 512">
    <p class='ocr_par' dir='ltr' id='par_1_3' title="bbox 24 427 1089 512">
     <span class='ocr_line' id='line_1_3' title="bbox 24 427 1089 512; baseline 0.001 -18"><span class='ocrx_word' id='word_1_16' title='bbox 24 497 26 502; x_wconf 74' lang='grc'>,</span> <span class='ocrx_word' id='word_1_17' title='bbox 117 428 306 494; x_wconf 87' lang='lat' dir='ltr'><strong>uadimonia</strong></span> <span class='ocrx_word' id='word_1_18' title='bbox 327 429 363 492; x_wconf 91' lang='lat' dir='ltr'><strong>in</strong></span> <span class='ocrx_word' id='word_1_19' title='bbox 385 431 548 512; x_wconf 89' lang='lat' dir='ltr'><strong>posterum</strong></span> <span class='ocrx_word' id='word_1_20' title='bbox 574 427 659 492; x_wconf 88' lang='lat' dir='ltr'><strong>diem</strong></span> <span class='ocrx_word' id='word_1_21' title='bbox 679 427 786 492; x_wconf 85' lang='lat' dir='ltr'><strong>facere</strong></span> <span class='ocrx_word' id='word_1_22' title='bbox 807 428 900 494; x_wconf 89' lang='lat' dir='ltr'><strong>iussit</strong></span> <span class='ocrx_word' id='word_1_23' title='bbox 921 430 1089 495; x_wconf 89' lang='lat' dir='ltr'><strong>continuo-</strong></span> 
     </span>
    </p>
   </div>
   <div class='ocr_carea' id='block_1_4' title="bbox 115 511 1115 766">
    <p class='ocr_par' dir='ltr' id='par_1_4' title="bbox 115 511 1115 766">
     <span class='ocr_line' id='line_1_4' title="bbox 118 511 1089 598; baseline 0.002 -20"><span class='ocrx_word' id='word_1_24' title='bbox 118 535 181 598; x_wconf 91' lang='lat' dir='ltr'><strong>que</strong></span> <span class='ocrx_word' id='word_1_25' title='bbox 203 515 282 578; x_wconf 91' lang='lat' dir='ltr'><strong>urbe</strong></span> <span class='ocrx_word' id='word_1_26' title='bbox 304 513 428 598; x_wconf 91' lang='lat' dir='ltr'><strong>potitus</strong></span> <span class='ocrx_word' id='word_1_27' title='bbox 451 515 486 577; x_wconf 92' lang='lat' dir='ltr'><strong>et</strong></span> <span class='ocrx_word' id='word_1_28' title='bbox 506 517 651 596; x_wconf 89' lang='lat' dir='ltr'><strong>tempore</strong></span> <span class='ocrx_word' id='word_1_29' title='bbox 674 516 707 578; x_wconf 92' lang='lat' dir='ltr'><strong>et</strong></span> <span class='ocrx_word' id='word_1_30' title='bbox 727 511 815 596; x_wconf 90' lang='lat' dir='ltr'><strong>loco,</strong></span> <span class='ocrx_word' id='word_1_31' title='bbox 838 534 901 597; x_wconf 92' lang='lat' dir='ltr'><strong>quo</strong></span> <span class='ocrx_word' id='word_1_32' title='bbox 947 513 1089 580; x_wconf 87' lang='lat' dir='ltr'><strong>raedixe·</strong></span> 
     </span>
     <span class='ocr_line' id='line_1_5' title="bbox 117 536 1088 684; baseline 0.001 -22"><span class='ocrx_word' id='word_1_33' title='bbox 117 602 187 682; x_wconf 90' lang='lat' dir='ltr'><strong>rat,</strong></span> <span class='ocrx_word' id='word_1_34' title='bbox 209 598 289 664; x_wconf 89' lang='lat' dir='ltr'><strong>sella</strong></span> <span class='ocrx_word' id='word_1_35' title='bbox 311 599 417 682; x_wconf 87' lang='lat' dir='ltr'><strong>posita</strong></span> <span class='ocrx_word' id='word_1_36' title='bbox 437 598 489 662; x_wconf 90' lang='lat' dir='ltr'><strong>ius</strong></span> <span class='ocrx_word' id='word_1_37' title='bbox 512 597 557 661; x_wconf 87' lang='lat' dir='ltr'><strong>eis</strong></span> <span class='ocrx_word' id='word_1_38' title='bbox 580 596 672 661; x_wconf 89' lang='lat' dir='ltr'><strong>dixit.</strong></span> <span class='ocrx_word' id='word_1_39' title='bbox 711 597 795 662; x_wconf 90' lang='lat' dir='ltr'>nihil</span> <span class='ocrx_word' id='word_1_40' title='bbox 815 596 877 662; x_wconf 89' lang='lat' dir='ltr'><strong>hac</strong></span> <span class='ocrx_word' id='word_1_41' title='bbox 898 536 1014 663; x_wconf 73' lang='lat' dir='ltr'><strong>fiducia</strong></span> <span class='ocrx_word' id='word_1_42' title='bbox 1035 621 1088 684; x_wconf 77' lang='lat' dir='ltr'><strong>ge</strong></span> 
     </span>
     <span class='ocr_line' id='line_1_6' title="bbox 115 681 1115 766; baseline 0 -18"><span class='ocrx_word' id='word_1_43' title='bbox 115 684 278 766; x_wconf 89' lang='lat' dir='ltr'><strong>nerosius,</strong></span> <span class='ocrx_word' id='word_1_44' title='bbox 306 682 391 748; x_wconf 88' lang='lat' dir='ltr'>nihil</span> <span class='ocrx_word' id='word_1_45' title='bbox 416 681 635 766; x_wconf 70' lang='lat' dir='ltr'><strong>praedictione</strong></span> <span class='ocrx_word' id='word_1_46' title='bbox 662 683 786 766; x_wconf 84' lang='lat' dir='ltr'><strong>uerius,</strong></span> <span class='ocrx_word' id='word_1_47' title='bbox 812 682 897 748; x_wconf 86' lang='lat' dir='ltr'><strong>nihil</strong></span> <span class='ocrx_word' id='word_1_48' title='bbox 925 683 1115 749; x_wconf 71' lang='lat' dir='ltr'><strong>celeritates</strong></span> 
     </span>
    </p>
   </div>
   <div class='ocr_carea' id='block_1_5' title="bbox 19 765 873 852">
    <p class='ocr_par' dir='ltr' id='par_1_5' title="bbox 19 765 873 852">
     <span class='ocr_line' id='line_1_7' title="bbox 19 765 873 852; baseline -0.002 -19"><span class='ocrx_word' id='word_1_49' title='bbox 19 787 22 798; x_wconf 88' lang='lat'><strong>·</strong></span> <span class='ocrx_word' id='word_1_50' title='bbox 120 768 301 846; x_wconf 80' lang='lat' dir='ltr'><strong>efficacius,</strong></span> <span class='ocrx_word' id='word_1_51' title='bbox 323 767 408 834; x_wconf 88' lang='lat' dir='ltr'><strong>nihil</strong></span> <span class='ocrx_word' id='word_1_52' title='bbox 430 768 527 833; x_wconf 88' lang='lat' dir='ltr'><strong>etiam</strong></span> <span class='ocrx_word' id='word_1_53' title='bbox 550 765 709 852; x_wconf 73' lang='lat' dir='ltr'><strong>dignitate</strong></span> <span class='ocrx_word' id='word_1_54' title='bbox 732 768 873 851; x_wconf 81' lang='lat' dir='ltr'><strong>dignius.</strong></span> 
     </span>
    </p>
   </div>
   <div class='ocr_carea' id='block_1_6' title="bbox 117 869 1126 1274">
    <p class='ocr_par' dir='ltr' id='par_1_6' title="bbox 117 869 1126 1274">
     <span class='ocr_line' id='line_1_8' title="bbox 188 869 1088 953; baseline 0 -19"><span class='ocrx_word' id='word_1_55' title='bbox 188 869 240 934; x_wconf 92' lang='lat' dir='ltr'><strong>lb.</strong></span> <span class='ocrx_word' id='word_1_56' title='bbox 263 869 335 934; x_wconf 92' lang='lat' dir='ltr'><strong>Nec</strong></span> <span class='ocrx_word' id='word_1_57' title='bbox 349 870 457 934; x_wconf 90' lang='lat' dir='ltr'><strong>minus</strong></span> <span class='ocrx_word' id='word_1_58' title='bbox 472 869 635 933; x_wconf 90' lang='lat' dir='ltr'><strong>animosus</strong></span> <span class='ocrx_word' id='word_1_59' title='bbox 651 869 798 933; x_wconf 87' lang='lat' dir='ltr'><strong>minusue</strong></span> <span class='ocrx_word' id='word_1_60' title='bbox 814 889 984 953; x_wconf 90' lang='lat' dir='ltr'><strong>prosperus</strong></span> <span class='ocrx_word' id='word_1_61' title='bbox 1000 869 1088 935; x_wconf 87' lang='lat' dir='ltr'><strong>illius</strong></span> 
     </span>
     <span class='ocr_line' id='line_1_9' title="bbox 118 953 1088 1036; baseline -0.001 -17"><span class='ocrx_word' id='word_1_62' title='bbox 118 955 156 1019; x_wconf 91' lang='lat' dir='ltr'><strong>in</strong></span> <span class='ocrx_word' id='word_1_63' title='bbox 178 954 325 1020; x_wconf 86' lang='lat' dir='ltr'><strong>Africam</strong></span> <span class='ocrx_word' id='word_1_64' title='bbox 347 953 517 1031; x_wconf 78' lang='lat' dir='ltr'><strong>transitus,</strong></span> <span class='ocrx_word' id='word_1_65' title='bbox 541 953 576 1016; x_wconf 92' lang='lat' dir='ltr'><strong>in</strong></span> <span class='ocrx_word' id='word_1_66' title='bbox 598 973 695 1036; x_wconf 90' lang='lat' dir='ltr'><strong>quam</strong></span> <span class='ocrx_word' id='word_1_67' title='bbox 717 975 756 1018; x_wconf 87' lang='lat' dir='ltr'><strong>ex</strong></span> <span class='ocrx_word' id='word_1_68' title='bbox 780 953 890 1019; x_wconf 80' lang='lat' dir='ltr'><strong>Sicilia</strong></span> <span class='ocrx_word' id='word_1_69' title='bbox 913 955 1088 1018; x_wconf 90' lang='lat' dir='ltr'><strong>exercitum</strong></span> 
     </span>
     <span class='ocr_line' id='line_1_10' title="bbox 117 1037 1087 1122; baseline 0 -18"><span class='ocrx_word' id='word_1_70' title='bbox 117 1043 233 1105; x_wconf 87' lang='lat' dir='ltr'><strong>senatu</strong></span> <span class='ocrx_word' id='word_1_71' title='bbox 249 1042 379 1104; x_wconf 88' lang='lat' dir='ltr'><strong>uetante</strong></span> <span class='ocrx_word' id='word_1_72' title='bbox 396 1037 587 1114; x_wconf 82' lang='lat' dir='ltr'><strong>transduxit,</strong></span> <span class='ocrx_word' id='word_1_73' title='bbox 603 1038 688 1120; x_wconf 90' lang='lat' dir='ltr'><strong>quia,</strong></span> <span class='ocrx_word' id='word_1_74' title='bbox 710 1038 775 1101; x_wconf 90' lang='lat' dir='ltr'><strong>nisi</strong></span> <span class='ocrx_word' id='word_1_75' title='bbox 789 1039 862 1122; x_wconf 91' lang='lat' dir='ltr'><strong>plus</strong></span> <span class='ocrx_word' id='word_1_76' title='bbox 879 1039 913 1101; x_wconf 89' lang='lat' dir='ltr'><strong>in</strong></span> <span class='ocrx_word' id='word_1_77' title='bbox 924 1060 966 1118; x_wconf 85' lang='lat' dir='ltr'><strong>ea</strong></span> <span class='ocrx_word' id='word_1_78' title='bbox 980 1061 1014 1104; x_wconf 89' lang='lat' dir='ltr'><strong>re</strong></span> <span class='ocrx_word' id='word_1_79' title='bbox 1030 1061 1087 1104; x_wconf 89' lang='lat' dir='ltr'><strong>suo</strong></span> 
     </span>
     <span class='ocr_line' id='line_1_11' title="bbox 117 1122 1126 1209; baseline 0.001 -21"><span class='ocrx_word' id='word_1_80' title='bbox 117 1145 214 1209; x_wconf 87' lang='lat' dir='ltr'><strong>quam</strong></span> <span class='ocrx_word' id='word_1_81' title='bbox 236 1129 365 1207; x_wconf 86' lang='lat' dir='ltr'><strong>patrum</strong></span> <span class='ocrx_word' id='word_1_82' title='bbox 387 1124 642 1205; x_wconf 87' lang='lat' dir='ltr'><strong>conscriptorum</strong></span> <span class='ocrx_word' id='word_1_83' title='bbox 664 1122 800 1187; x_wconf 88' lang='lat' dir='ltr'><strong>consilio</strong></span> <span class='ocrx_word' id='word_1_84' title='bbox 817 1122 1014 1208; x_wconf 80' lang='lat' dir='ltr'><strong>credidisset,</strong></span> <span class='ocrx_word' id='word_1_85' title='bbox 1038 1139 1126 1189; x_wconf 84' lang='lat' dir='ltr'><strong>se-10</strong></span> 
     </span>
     <span class='ocr_line' id='line_1_12' title="bbox 123 1206 933 1274; baseline -0.002 0"><span class='ocrx_word' id='word_1_86' title='bbox 123 1209 221 1274; x_wconf 90' lang='lat' dir='ltr'><strong>cundi</strong></span> <span class='ocrx_word' id='word_1_87' title='bbox 242 1208 358 1274; x_wconf 92' lang='lat' dir='ltr'><strong>Punici</strong></span> <span class='ocrx_word' id='word_1_88' title='bbox 380 1207 457 1273; x_wconf 90' lang='lat' dir='ltr'><strong>belli</strong></span> <span class='ocrx_word' id='word_1_89' title='bbox 479 1206 554 1272; x_wconf 90' lang='lat' dir='ltr'><strong>finis</strong></span> <span class='ocrx_word' id='word_1_90' title='bbox 576 1207 731 1272; x_wconf 87' lang='lat' dir='ltr'><strong>inuentus</strong></span> <span class='ocrx_word' id='word_1_91' title='bbox 752 1229 820 1273; x_wconf 91' lang='lat' dir='ltr'><strong>non</strong></span> <span class='ocrx_word' id='word_1_92' title='bbox 843 1213 933 1274; x_wconf 85' lang='lat' dir='ltr'><strong>esset.</strong></span> 
     </span>
    </p>
   </div>
   <div class='ocr_carea' id='block_1_7' title="bbox 115 1303 1177 1916">
    <p class='ocr_par' dir='ltr' id='par_1_7' title="bbox 115 1303 1177 1916">
     <span class='ocr_line' id='line_1_13' title="bbox 183 1303 1086 1396; baseline 0.003 -22"><span class='ocrx_word' id='word_1_93' title='bbox 183 1303 249 1375; x_wconf 53' lang='lat' dir='ltr'><strong>lc(</strong></span> <span class='ocrx_word' id='word_1_94' title='bbox 274 1309 333 1376; x_wconf 82' lang='lat' dir='ltr'><strong>oui</strong></span> <span class='ocrx_word' id='word_1_95' title='bbox 355 1309 442 1374; x_wconf 83' lang='lat' dir='ltr'><strong>facto</strong></span> <span class='ocrx_word' id='word_1_96' title='bbox 464 1329 525 1393; x_wconf 87' lang='lat' dir='ltr'><strong>per</strong></span> <span class='ocrx_word' id='word_1_97' title='bbox 547 1309 604 1373; x_wconf 85' lang='lat' dir='ltr'><strong>illa</strong></span> <span class='ocrx_word' id='word_1_98' title='bbox 625 1308 756 1392; x_wconf 85' lang='lat' dir='ltr'><strong>fiducia,</strong></span> <span class='ocrx_word' id='word_1_99' title='bbox 808 1309 888 1392; x_wconf 93' lang='lat' dir='ltr'><strong>uod,</strong></span> <span class='ocrx_word' id='word_1_100' title='bbox 915 1315 1086 1396; x_wconf 87' lang='lat' dir='ltr'><strong>postquam</strong></span> 
     </span>
     <span class='ocr_line' id='line_1_14' title="bbox 115 1331 1086 1480; baseline 0.002 -20"><span class='ocrx_word' id='word_1_101' title='bbox 115 1394 262 1460; x_wconf 85' lang='lat' dir='ltr'><strong>Africam</strong></span> <span class='ocrx_word' id='word_1_102' title='bbox 278 1395 398 1480; x_wconf 88' lang='lat' dir='ltr'><strong>attigit,</strong></span> <span class='ocrx_word' id='word_1_103' title='bbox 415 1393 630 1478; x_wconf 82' lang='lat' dir='ltr'><strong>speculatores</strong></span> <span class='ocrx_word' id='word_1_104' title='bbox 644 1331 839 1458; x_wconf 74' lang='lat' dir='ltr'><strong>Hannibilis</strong></span> <span class='ocrx_word' id='word_1_105' title='bbox 855 1395 890 1458; x_wconf 91' lang='lat' dir='ltr'><strong>in</strong></span> <span class='ocrx_word' id='word_1_106' title='bbox 906 1397 1019 1461; x_wconf 76' lang='lat' dir='ltr'><strong>castris</strong></span> <span class='ocrx_word' id='word_1_107' title='bbox 1036 1397 1086 1462; x_wconf 94' lang='lat' dir='ltr'><strong>de·</strong></span> 
     </span>
     <span class='ocr_line' id='line_1_15' title="bbox 115 1478 1088 1564; baseline 0.004 -21"><span class='ocrx_word' id='word_1_108' title='bbox 115 1480 293 1564; x_wconf 85' lang='lat' dir='ltr'><strong>prehensos</strong></span> <span class='ocrx_word' id='word_1_109' title='bbox 309 1479 395 1544; x_wconf 90' lang='lat' dir='ltr'><strong>etad</strong></span> <span class='ocrx_word' id='word_1_110' title='bbox 412 1499 446 1543; x_wconf 88' lang='lat' dir='ltr'><strong>se</strong></span> <span class='ocrx_word' id='word_1_111' title='bbox 460 1480 632 1562; x_wconf 89' lang='lat' dir='ltr'><strong>perductos</strong></span> <span class='ocrx_word' id='word_1_112' title='bbox 646 1500 706 1543; x_wconf 90' lang='lat' dir='ltr'><strong>nec</strong></span> <span class='ocrx_word' id='word_1_113' title='bbox 722 1478 879 1564; x_wconf 89' lang='lat' dir='ltr'><strong>supplicio</strong></span> <span class='ocrx_word' id='word_1_114' title='bbox 895 1480 1014 1546; x_wconf 80' lang='lat' dir='ltr'><strong>adfecit</strong></span> <span class='ocrx_word' id='word_1_115' title='bbox 1028 1504 1088 1546; x_wconf 90' lang='lat' dir='ltr'><strong>nec</strong></span> 
     </span>
     <span class='ocr_line' id='line_1_16' title="bbox 117 1562 1126 1646; baseline 0.002 -18"><span class='ocrx_word' id='word_1_116' title='bbox 117 1565 158 1628; x_wconf 91' lang='lat' dir='ltr'><strong>de</strong></span> <span class='ocrx_word' id='word_1_117' title='bbox 181 1565 323 1629; x_wconf 89' lang='lat' dir='ltr'><strong>consiliis</strong></span> <span class='ocrx_word' id='word_1_118' title='bbox 339 1585 377 1629; x_wconf 91' lang='lat' dir='ltr'><strong>ac</strong></span> <span class='ocrx_word' id='word_1_119' title='bbox 392 1563 515 1628; x_wconf 87' lang='lat' dir='ltr'><strong>uiribus</strong></span> <span class='ocrx_word' id='word_1_120' title='bbox 530 1562 710 1628; x_wconf 88' lang='lat' dir='ltr'><strong>Poenorum</strong></span> <span class='ocrx_word' id='word_1_121' title='bbox 727 1567 934 1646; x_wconf 87' lang='lat' dir='ltr'><strong>percontatus</strong></span> <span class='ocrx_word' id='word_1_122' title='bbox 950 1568 1009 1644; x_wconf 88' lang='lat' dir='ltr'><strong>est,</strong></span> <span class='ocrx_word' id='word_1_123' title='bbox 1032 1566 1087 1630; x_wconf 88' lang='lat' dir='ltr'><strong>sed</strong></span> <span class='ocrx_word' id='word_1_124' title='bbox 1101 1577 1126 1617; x_wconf 81' lang='lat'><strong>¹⁵</strong></span> 
     </span>
     <span class='ocr_line' id='line_1_17' title="bbox 118 1647 1086 1733; baseline 0 -19"><span class='ocrx_word' id='word_1_125' title='bbox 118 1651 204 1714; x_wconf 88' lang='lat' dir='ltr'><strong>circa</strong></span> <span class='ocrx_word' id='word_1_126' title='bbox 227 1650 332 1714; x_wconf 89' lang='lat' dir='ltr'><strong>omnis</strong></span> <span class='ocrx_word' id='word_1_127' title='bbox 354 1648 536 1732; x_wconf 87' lang='lat' dir='ltr'><strong>manipulos</strong></span> <span class='ocrx_word' id='word_1_128' title='bbox 559 1647 804 1733; x_wconf 86' lang='lat' dir='ltr'><strong>diligentissime</strong></span> <span class='ocrx_word' id='word_1_129' title='bbox 820 1648 981 1713; x_wconf 89' lang='lat' dir='ltr'><strong>ducendos</strong></span> <span class='ocrx_word' id='word_1_130' title='bbox 997 1671 1086 1714; x_wconf 89' lang='lat' dir='ltr'><strong>cura-</strong></span> 
     </span>
     <span class='ocr_line' id='line_1_18' title="bbox 118 1731 1086 1818; baseline 0.001 -20"><span class='ocrx_word' id='word_1_131' title='bbox 118 1736 169 1799; x_wconf 91' lang='lat' dir='ltr'><strong>uit</strong></span> <span class='ocrx_word' id='word_1_132' title='bbox 189 1733 469 1818; x_wconf 81' lang='lat' dir='ltr'><strong>interrogatosque</strong></span> <span class='ocrx_word' id='word_1_133' title='bbox 492 1754 533 1797; x_wconf 86' lang='lat' dir='ltr'><strong>an</strong></span> <span class='ocrx_word' id='word_1_134' title='bbox 556 1734 634 1798; x_wconf 88' lang='lat' dir='ltr'><strong>satis</strong></span> <span class='ocrx_word' id='word_1_135' title='bbox 657 1755 694 1797; x_wconf 86' lang='lat' dir='ltr'><strong>ea</strong></span> <span class='ocrx_word' id='word_1_136' title='bbox 715 1731 982 1810; x_wconf 88' lang='lat' dir='ltr'><strong>considerassent,</strong></span> <span class='ocrx_word' id='word_1_137' title='bbox 1005 1755 1086 1818; x_wconf 86' lang='lat' dir='ltr'><strong>quae</strong></span> 
     </span>
     <span class='ocr_line' id='line_1_19' title="bbox 118 1817 1177 1916; baseline -0.001 -32"><span class='ocrx_word' id='word_1_138' title='bbox 118 1820 278 1904; x_wconf 88' lang='lat' dir='ltr'><strong>speculari</strong></span> <span class='ocrx_word' id='word_1_139' title='bbox 300 1817 380 1883; x_wconf 90' lang='lat' dir='ltr'><strong>iussi</strong></span> <span class='ocrx_word' id='word_1_140' title='bbox 402 1820 504 1916; x_wconf 77' lang='lat' dir='ltr'><strong>erant,</strong></span> <span class='ocrx_word' id='word_1_141' title='bbox 526 1817 663 1902; x_wconf 89' lang='lat' dir='ltr'><strong>prandio</strong></span> <span class='ocrx_word' id='word_1_142' title='bbox 687 1818 762 1882; x_wconf 89' lang='lat' dir='ltr'><strong>dato</strong></span> <span class='ocrx_word' id='word_1_143' title='bbox 776 1817 856 1902; x_wconf 91' lang='lat' dir='ltr'><strong>ipsis</strong></span> <span class='ocrx_word' id='word_1_144' title='bbox 870 1818 1086 1903; x_wconf 90' lang='lat' dir='ltr'><strong>iumentisque</strong></span> <span class='ocrx_word' id='word_1_145' title='bbox 1167 1846 1177 1858; x_wconf 56' lang='lat'><strong>,</strong></span> 
     </span>
    </p>
   </div>
   <div class='ocr_carea' id='block_1_8' title="bbox 114 1901 1124 2074">
    <p class='ocr_par' dir='ltr' id='par_1_8' title="bbox 114 1901 1124 2074">
     <span class='ocr_line' id='line_1_20' title="bbox 115 1901 1113 1987; baseline 0 -18"><span class='ocrx_word' id='word_1_146' title='bbox 115 1926 227 1969; x_wconf 91' lang='lat' dir='ltr'><strong>eorum</strong></span> <span class='ocrx_word' id='word_1_147' title='bbox 253 1903 429 1968; x_wconf 89' lang='lat' dir='ltr'><strong>incolumes</strong></span> <span class='ocrx_word' id='word_1_148' title='bbox 458 1901 590 1967; x_wconf 79' lang='lat' dir='ltr'><strong>dimisit.</strong></span> <span class='ocrx_word' id='word_1_149' title='bbox 640 1924 703 1986; x_wconf 91' lang='lat' dir='ltr'><strong>quo</strong></span> <span class='ocrx_word' id='word_1_150' title='bbox 731 1907 798 1967; x_wconf 88' lang='lat' dir='ltr'><strong>tam</strong></span> <span class='ocrx_word' id='word_1_151' title='bbox 825 1902 922 1987; x_wconf 91' lang='lat' dir='ltr'><strong>pleno</strong></span> <span class='ocrx_word' id='word_1_152' title='bbox 950 1902 1085 1969; x_wconf 86' lang='lat' dir='ltr'><strong>fiduciae</strong></span> <span class='ocrx_word' id='word_1_153' title='bbox 1110 1925 1113 1930; x_wconf 90' lang='lat'>·</span> 
     </span>
     <span class='ocr_line' id='line_1_21' title="bbox 114 1987 1124 2074; baseline -0.002 -20"><span class='ocrx_word' id='word_1_154' title='bbox 114 1989 231 2074; x_wconf 86' lang='lat' dir='ltr'><strong>spiritu</strong></span> <span class='ocrx_word' id='word_1_155' title='bbox 254 1988 344 2072; x_wconf 90' lang='lat' dir='ltr'><strong>prius</strong></span> <span class='ocrx_word' id='word_1_156' title='bbox 367 1987 493 2052; x_wconf 88' lang='lat' dir='ltr'><strong>animos</strong></span> <span class='ocrx_word' id='word_1_157' title='bbox 514 1987 657 2052; x_wconf 91' lang='lat' dir='ltr'><strong>hostium</strong></span> <span class='ocrx_word' id='word_1_158' title='bbox 685 2009 780 2072; x_wconf 87' lang='lat' dir='ltr'><strong>quam</strong></span> <span class='ocrx_word' id='word_1_159' title='bbox 809 2009 899 2052; x_wconf 89' lang='lat' dir='ltr'><strong>arma</strong></span> <span class='ocrx_word' id='word_1_160' title='bbox 927 1988 1084 2053; x_wconf 85' lang='lat' dir='ltr'><strong>contudit.</strong></span> <span class='ocrx_word' id='word_1_161' title='bbox 1098 1999 1124 2037; x_wconf 79' lang='lat'><strong>2⁰</strong></span> 
     </span>
    </p>
   </div>
   <div class='ocr_carea' id='block_1_9' title="bbox 34 2088 1124 2682">
    <p class='ocr_par' dir='ltr' id='par_1_9' title="bbox 34 2088 1124 2682">
     <span class='ocr_line' id='line_1_22' title="bbox 181 2088 1085 2156; baseline 0.002 -2"><span class='ocrx_word' id='word_1_162' title='bbox 181 2091 236 2154; x_wconf 87' lang='lat' dir='ltr'><strong>ld.</strong></span> <span class='ocrx_word' id='word_1_163' title='bbox 269 2089 391 2156; x_wconf 88' lang='lat' dir='ltr'><strong>Verum</strong></span> <span class='ocrx_word' id='word_1_164' title='bbox 411 2091 449 2153; x_wconf 92' lang='lat' dir='ltr'><strong>ut</strong></span> <span class='ocrx_word' id='word_1_165' title='bbox 470 2090 509 2153; x_wconf 87' lang='lat' dir='ltr'><strong>ad</strong></span> <span class='ocrx_word' id='word_1_166' title='bbox 531 2088 705 2153; x_wconf 89' lang='lat' dir='ltr'><strong>domestica</strong></span> <span class='ocrx_word' id='word_1_167' title='bbox 720 2088 788 2154; x_wconf 91' lang='lat' dir='ltr'><strong>eius</strong></span> <span class='ocrx_word' id='word_1_168' title='bbox 803 2090 936 2154; x_wconf 86' lang='lat' dir='ltr'><strong>eximiae</strong></span> <span class='ocrx_word' id='word_1_169' title='bbox 950 2089 1085 2156; x_wconf 87' lang='lat' dir='ltr'><strong>fiduciae</strong></span> 
     </span>
     <span class='ocr_line' id='line_1_23' title="bbox 114 2172 1084 2259; baseline -0.001 -19"><span class='ocrx_word' id='word_1_170' title='bbox 114 2179 188 2240; x_wconf 85' lang='lat' dir='ltr'><strong>acta</strong></span> <span class='ocrx_word' id='word_1_171' title='bbox 202 2176 381 2257; x_wconf 89' lang='lat' dir='ltr'><strong>ueniamus,</strong></span> <span class='ocrx_word' id='word_1_172' title='bbox 404 2195 476 2238; x_wconf 90' lang='lat' dir='ltr'><strong>cum</strong></span> <span class='ocrx_word' id='word_1_173' title='bbox 499 2195 518 2237; x_wconf 87' lang='lat' dir='ltr'><strong>a</strong></span> <span class='ocrx_word' id='word_1_174' title='bbox 532 2172 568 2241; x_wconf 88' lang='lat' dir='ltr'><strong>L.</strong></span> <span class='ocrx_word' id='word_1_175' title='bbox 584 2172 736 2257; x_wconf 78' lang='lat' dir='ltr'><strong>Scipione</strong></span> <span class='ocrx_word' id='word_1_176' title='bbox 752 2195 790 2238; x_wconf 89' lang='lat' dir='ltr'><strong>ex</strong></span> <span class='ocrx_word' id='word_1_177' title='bbox 805 2173 1017 2239; x_wconf 87' lang='lat' dir='ltr'><strong>Antiochensi</strong></span> <span class='ocrx_word' id='word_1_178' title='bbox 1031 2197 1084 2259; x_wconf 94' lang='lat' dir='ltr'><strong>pe·</strong></span> 
     </span>
     <span class='ocr_line' id='line_1_24' title="bbox 115 2257 1083 2343; baseline 0 -18"><span class='ocrx_word' id='word_1_179' title='bbox 115 2260 212 2325; x_wconf 86' lang='lat' dir='ltr'><strong>cunia</strong></span> <span class='ocrx_word' id='word_1_180' title='bbox 226 2258 367 2324; x_wconf 85' lang='lat' dir='ltr'><strong>sestertii</strong></span> <span class='ocrx_word' id='word_1_181' title='bbox 382 2257 570 2343; x_wconf 81' lang='lat' dir='ltr'><strong>quadragies</strong></span> <span class='ocrx_word' id='word_1_182' title='bbox 585 2260 668 2322; x_wconf 89' lang='lat' dir='ltr'><strong>ratio</strong></span> <span class='ocrx_word' id='word_1_183' title='bbox 691 2258 725 2322; x_wconf 89' lang='lat' dir='ltr'><strong>in</strong></span> <span class='ocrx_word' id='word_1_184' title='bbox 749 2258 837 2323; x_wconf 90' lang='lat' dir='ltr'><strong>curia</strong></span> <span class='ocrx_word' id='word_1_185' title='bbox 855 2264 1083 2342; x_wconf 88' lang='lat' dir='ltr'><strong>reposceretur,</strong></span> 
     </span>
     <span class='ocr_line' id='line_1_25' title="bbox 113 2343 1085 2429; baseline 0.001 -21"><span class='ocrx_word' id='word_1_186' title='bbox 113 2345 278 2429; x_wconf 87' lang='lat' dir='ltr'><strong>prolatum</strong></span> <span class='ocrx_word' id='word_1_187' title='bbox 293 2344 334 2408; x_wconf 86' lang='lat' dir='ltr'><strong>ab</strong></span> <span class='ocrx_word' id='word_1_188' title='bbox 346 2364 384 2408; x_wconf 91' lang='lat' dir='ltr'><strong>eo</strong></span> <span class='ocrx_word' id='word_1_189' title='bbox 397 2343 526 2425; x_wconf 85' lang='lat' dir='ltr'><strong>librum,</strong></span> <span class='ocrx_word' id='word_1_190' title='bbox 542 2362 605 2426; x_wconf 90' lang='lat' dir='ltr'><strong>quo</strong></span> <span class='ocrx_word' id='word_1_191' title='bbox 617 2346 766 2427; x_wconf 85' lang='lat' dir='ltr'><strong>acceptae</strong></span> <span class='ocrx_word' id='word_1_192' title='bbox 781 2347 815 2408; x_wconf 89' lang='lat' dir='ltr'><strong>et</strong></span> <span class='ocrx_word' id='word_1_193' title='bbox 829 2364 987 2427; x_wconf 85' lang='lat' dir='ltr'><strong>expensae</strong></span> <span class='ocrx_word' id='word_1_194' title='bbox 1001 2367 1085 2409; x_wconf 90' lang='lat' dir='ltr'><strong>sum-</strong></span> 
     </span>
     <span class='ocr_line' id='line_1_26' title="bbox 114 2426 1124 2511; baseline -0.006 -17"><span class='ocrx_word' id='word_1_195' title='bbox 114 2451 188 2494; x_wconf 86' lang='lat' dir='ltr'><strong>mae</strong></span> <span class='ocrx_word' id='word_1_196' title='bbox 216 2428 465 2494; x_wconf 86' lang='lat' dir='ltr'><strong>continebantur</strong></span> <span class='ocrx_word' id='word_1_197' title='bbox 495 2426 664 2511; x_wconf 89' lang='lat' dir='ltr'><strong>refellique</strong></span> <span class='ocrx_word' id='word_1_198' title='bbox 692 2427 896 2492; x_wconf 88' lang='lat' dir='ltr'><strong>inimicorum</strong></span> <span class='ocrx_word' id='word_1_199' title='bbox 925 2431 1124 2496; x_wconf 73' lang='lat' dir='ltr'><strong>accusation</strong></span> 
     </span>
     <span class='ocr_line' id='line_1_27' title="bbox 34 2509 1084 2599; baseline 0 -20"><span class='ocrx_word' id='word_1_200' title='bbox 34 2592 37 2596; x_wconf 20' lang='lat'>¹</span> <span class='ocrx_word' id='word_1_201' title='bbox 114 2517 255 2598; x_wconf 86' lang='lat' dir='ltr'><strong>poterat,</strong></span> <span class='ocrx_word' id='word_1_202' title='bbox 278 2513 457 2597; x_wconf 88' lang='lat' dir='ltr'><strong>discerpsit,</strong></span> <span class='ocrx_word' id='word_1_203' title='bbox 473 2509 661 2596; x_wconf 84' lang='lat' dir='ltr'><strong>indignatus</strong></span> <span class='ocrx_word' id='word_1_204' title='bbox 677 2511 715 2576; x_wconf 92' lang='lat' dir='ltr'><strong>de</strong></span> <span class='ocrx_word' id='word_1_205' title='bbox 731 2533 769 2576; x_wconf 90' lang='lat' dir='ltr'><strong>ea</strong></span> <span class='ocrx_word' id='word_1_206' title='bbox 783 2534 818 2577; x_wconf 90' lang='lat' dir='ltr'><strong>re</strong></span> <span class='ocrx_word' id='word_1_207' title='bbox 834 2512 983 2592; x_wconf 88' lang='lat' dir='ltr'><strong>dubitari,</strong></span> <span class='ocrx_word' id='word_1_208' title='bbox 1002 2536 1084 2599; x_wconf 87' lang='lat' dir='ltr'><strong>quae</strong></span> 
     </span>
     <span class='ocr_line' id='line_1_28' title="bbox 116 2595 1085 2682; baseline 0 -18"><span class='ocrx_word' id='word_1_209' title='bbox 116 2599 177 2664; x_wconf 89' lang='lat' dir='ltr'><strong>sub</strong></span> <span class='ocrx_word' id='word_1_210' title='bbox 199 2599 270 2682; x_wconf 89' lang='lat' dir='ltr'><strong>ipso</strong></span> <span class='ocrx_word' id='word_1_211' title='bbox 293 2598 403 2682; x_wconf 80' lang='lat' dir='ltr'><strong>legato</strong></span> <span class='ocrx_word' id='word_1_212' title='bbox 426 2596 649 2662; x_wconf 86' lang='lat' dir='ltr'><strong>administrata</strong></span> <span class='ocrx_word' id='word_1_213' title='bbox 670 2595 785 2665; x_wconf 88' lang='lat' dir='ltr'><strong>fuerat.</strong></span> <span class='ocrx_word' id='word_1_214' title='bbox 829 2599 908 2681; x_wconf 92' lang='lat' dir='ltr'><strong>quin</strong></span> <span class='ocrx_word' id='word_1_215' title='bbox 930 2600 1028 2663; x_wconf 86' lang='lat' dir='ltr'><strong>etiam</strong></span> <span class='ocrx_word' id='word_1_216' title='bbox 1050 2600 1085 2663; x_wconf 90' lang='lat' dir='ltr'><strong>in</strong></span> 
     </span>
    </p>
   </div>
   <div class='ocr_carea' id='block_1_10' title="bbox 111 2831 1085 3582">
    <p class='ocr_par' dir='ltr' id='par_1_10' title="bbox 111 2831 1085 3582">
     <span class='ocr_line' id='line_1_29' title="bbox 148 2831 1084 2956; baseline -0.002 -67"><span class='ocrx_word' id='word_1_217' title='bbox 148 2903 166 2956; x_wconf 75' lang='lat' dir='ltr'>b</span> <span class='ocrx_word' id='word_1_218' title='bbox 184 2841 197 2889; x_wconf 90' lang='lat'>1</span> <span class='ocrx_word' id='word_1_219' title='bbox 221 2834 359 2956; x_wconf 58' lang='lat' dir='ltr'><strong>edicentes</strong></span> <span class='ocrx_word' id='word_1_220' title='bbox 374 2835 427 2900; x_wconf 70' lang='lat'><strong>11²,</strong></span> <span class='ocrx_word' id='word_1_221' title='bbox 446 2833 517 2956; x_wconf 68' lang='lat' dir='ltr'><strong>qdd.</strong></span> <span class='ocrx_word' id='word_1_222' title='bbox 531 2833 557 2953; x_wconf 58' lang='grc' dir='ltr'>ἐ</span> <span class='ocrx_word' id='word_1_223' title='bbox 575 2831 660 2954; x_wconf 24' lang='lat' dir='ltr'><strong>{diet</strong></span> <span class='ocrx_word' id='word_1_224' title='bbox 680 2831 802 2955; x_wconf 52' lang='lat' dir='ltr'><strong>iudiciaz</strong></span> <span class='ocrx_word' id='word_1_225' title='bbox 815 2832 834 2887; x_wconf 88' lang='lat' dir='ltr'><strong>f.</strong></span> <span class='ocrx_word' id='word_1_226' title='bbox 858 2848 919 2954; x_wconf 55' lang='lat' dir='ltr'><strong>opas</strong></span> <span class='ocrx_word' id='word_1_227' title='bbox 940 2834 1084 2954; x_wconf 53' lang='lat' dir='ltr'><strong>inl-uffisin</strong></span> 
     </span>
     <span class='ocr_line' id='line_1_30' title="bbox 113 2903 1084 3049; baseline -0.002 -24"><span class='ocrx_word' id='word_1_228' title='bbox 113 2903 592 3049; x_wconf 55' lang='lat' dir='ltr'><strong>31,3,?„⁹,}}¹⁰.1“1f2·,3„„¹¹,3¹¹,</strong></span> <span class='ocrx_word' id='word_1_229' title='bbox 614 2915 1015 3048; x_wconf 55' lang='lat' dir='ltr'><strong>dttttaetlutssuun</strong></span> <span class='ocrx_word' id='word_1_230' title='bbox 1035 2903 1084 3023; x_wconf 69' lang='lat' dir='ltr'><strong>ul</strong></span> 
     </span>
     <span class='ocr_line' id='line_1_31' title="bbox 112 3035 1082 3159; baseline 0.001 -71"><span class='ocrx_word' id='word_1_231' title='bbox 112 3040 198 3116; x_wconf 66' lang='lat' dir='ltr'><strong>*ante</strong></span> <span class='ocrx_word' id='word_1_232' title='bbox 216 3040 242 3159; x_wconf 60' lang='lat' dir='ltr'><strong>qt</strong></span> <span class='ocrx_word' id='word_1_233' title='bbox 258 3038 384 3137; x_wconf 40' lang='lat' dir='ltr'><strong>eracl?</strong></span> <span class='ocrx_word' id='word_1_234' title='bbox 404 3039 414 3105; x_wconf 73' lang='lat' dir='ltr'><strong>{t</strong></span> <span class='ocrx_word' id='word_1_235' title='bbox 437 3045 467 3091; x_wconf 90' lang='lat'><strong>11</strong></span> <span class='ocrx_word' id='word_1_236' title='bbox 485 3055 555 3105; x_wconf 87' lang='lat' dir='ltr'><strong>pum</strong></span> <span class='ocrx_word' id='word_1_237' title='bbox 575 3042 654 3104; x_wconf 81' lang='lat' dir='ltr'><strong>(corr.</strong></span> <span class='ocrx_word' id='word_1_238' title='bbox 671 3037 781 3115; x_wconf 63' lang='lat' dir='ltr'><strong>punior)</strong></span> <span class='ocrx_word' id='word_1_239' title='bbox 799 3036 827 3091; x_wconf 80' lang='lat' dir='ltr'><strong><em>A</em></strong></span> <span class='ocrx_word' id='word_1_240' title='bbox 839 3038 849 3105; x_wconf 82' lang='grc' dir='ltr'><strong>ΙΙ</strong></span> <span class='ocrx_word' id='word_1_241' title='bbox 866 3035 1055 3141; x_wconf 40' lang='grc' dir='ltr'><strong>1)(ΞΙΙιοιΠΙΑΑι</strong></span> <span class='ocrx_word' id='word_1_242' title='bbox 1070 3039 1082 3106; x_wconf 71' lang='grc' dir='ltr'>Η</span> 
     </span>
     <span class='ocr_line' id='line_1_32' title="bbox 113 3103 1085 3242; baseline -0.002 -14"><span class='ocrx_word' id='word_1_243' title='bbox 113 3112 147 3228; x_wconf 77' lang='lat' dir='ltr'><strong>e</strong></span> <span class='ocrx_word' id='word_1_244' title='bbox 163 3105 370 3242; x_wconf 57' lang='lat' dir='ltr'><strong>ltadtt’</strong></span> <span class='ocrx_word' id='word_1_245' title='bbox 396 3104 575 3228; x_wconf 62' lang='lat' dir='ltr'><strong>rtrum</strong></span> <span class='ocrx_word' id='word_1_246' title='bbox 586 3106 652 3227; x_wconf 71' lang='lat' dir='ltr'><strong>tl</strong></span> <span class='ocrx_word' id='word_1_247' title='bbox 660 3103 762 3227; x_wconf 78' lang='lat' dir='ltr'><strong>uu</strong></span> <span class='ocrx_word' id='word_1_248' title='bbox 775 3105 826 3226; x_wconf 70' lang='lat' dir='ltr'><strong>a</strong></span> <span class='ocrx_word' id='word_1_249' title='bbox 835 3105 1043 3227; x_wconf 49' lang='lat' dir='ltr'><strong>*terreus</strong></span> <span class='ocrx_word' id='word_1_250' title='bbox 1050 3105 1085 3226; x_wconf 82' lang='lat' dir='ltr'><strong>1i</strong></span> 
     </span>
     <span class='ocr_line' id='line_1_33' title="bbox 112 3189 1085 3318; baseline -0.004 -21"><span class='ocrx_word' id='word_1_251' title='bbox 112 3191 196 3299; x_wconf 40' lang='lat' dir='ltr'><strong>cutia</strong></span> <span class='ocrx_word' id='word_1_252' title='bbox 217 3243 227 3311; x_wconf 80' lang='grc' dir='ltr'><strong>ΙΙ</strong></span> <span class='ocrx_word' id='word_1_253' title='bbox 249 3247 281 3296; x_wconf 84' lang='grc'><strong>19</strong></span> <span class='ocrx_word' id='word_1_254' title='bbox 298 3189 452 3296; x_wconf 64' lang='lat' dir='ltr'><strong>incolimes</strong></span> <span class='ocrx_word' id='word_1_255' title='bbox 469 3241 549 3308; x_wconf 69' lang='lat' dir='ltr'><strong>Lm,</strong></span> <span class='ocrx_word' id='word_1_256' title='bbox 567 3247 599 3296; x_wconf 86' lang='lat' dir='ltr'><strong>ut</strong></span> <span class='ocrx_word' id='word_1_257' title='bbox 615 3213 665 3296; x_wconf 66' lang='lat' dir='ltr'><strong>uod</strong></span> <span class='ocrx_word' id='word_1_258' title='bbox 683 3241 766 3318; x_wconf 76' lang='lat' dir='ltr'><strong>ettam</strong></span> <span class='ocrx_word' id='word_1_259' title='bbox 783 3241 853 3318; x_wconf 66' lang='lat' dir='ltr'><strong>Par.</strong></span> <span class='ocrx_word' id='word_1_260' title='bbox 870 3241 880 3308; x_wconf 76' lang='grc' dir='ltr'><strong>ΙΙ</strong></span> <span class='ocrx_word' id='word_1_261' title='bbox 901 3212 935 3293; x_wconf 72' lang='lat'><strong>21⁵</strong></span> <span class='ocrx_word' id='word_1_262' title='bbox 952 3239 1085 3318; x_wconf 75' lang='lat' dir='ltr'><strong>domesti-</strong></span> 
     </span>
     <span class='ocr_line' id='line_1_34' title="bbox 112 3307 1084 3432; baseline 0 -1"><span class='ocrx_word' id='word_1_263' title='bbox 112 3307 220 3390; x_wconf 52' lang='grc' dir='ltr'><strong>ΜΨ</strong></span> <span class='ocrx_word' id='word_1_264' title='bbox 243 3315 356 3432; x_wconf 52' lang='lat' dir='ltr'><strong>imis</strong></span> <span class='ocrx_word' id='word_1_265' title='bbox 373 3309 560 3431; x_wconf 61' lang='lat' dir='ltr'><strong>tetre*</strong></span> <span class='ocrx_word' id='word_1_266' title='bbox 576 3307 1084 3432; x_wconf 43' lang='lat' dir='ltr'><strong>taurustaurus</strong></span> 
     </span>
     <span class='ocr_line' id='line_1_35' title="bbox 112 3377 1082 3523; baseline -0.003 -22"><span class='ocrx_word' id='word_1_267' title='bbox 112 3377 323 3501; x_wconf 56' lang='lat' dir='ltr'><strong>iidisledterlii</strong></span> <span class='ocrx_word' id='word_1_268' title='bbox 336 3447 346 3513; x_wconf 88' lang='grc' dir='ltr'><strong>ΙΙ</strong></span> <span class='ocrx_word' id='word_1_269' title='bbox 359 3451 392 3498; x_wconf 78' lang='grc'><strong>24</strong></span> <span class='ocrx_word' id='word_1_270' title='bbox 428 3443 520 3500; x_wconf 84' lang='lat' dir='ltr'><strong>rotato</strong></span> <span class='ocrx_word' id='word_1_271' title='bbox 539 3419 575 3499; x_wconf 75' lang='lat' dir='ltr'><strong>lb</strong></span> <span class='ocrx_word' id='word_1_272' title='bbox 595 3461 628 3500; x_wconf 92' lang='lat' dir='ltr'><strong>eo</strong></span> <span class='ocrx_word' id='word_1_273' title='bbox 645 3444 719 3498; x_wconf 88' lang='lat' dir='ltr'><strong>libro</strong></span> <span class='ocrx_word' id='word_1_274' title='bbox 732 3443 771 3496; x_wconf 66' lang='lat' dir='ltr'><strong>A*</strong></span> <span class='ocrx_word' id='word_1_275' title='bbox 789 3390 965 3523; x_wconf 54' lang='lat' dir='ltr'><strong>usdaudei</strong></span> <span class='ocrx_word' id='word_1_276' title='bbox 976 3391 1059 3498; x_wconf 52' lang='lat' dir='ltr'><strong>onorii</strong></span> <span class='ocrx_word' id='word_1_277' title='bbox 1069 3444 1082 3514; x_wconf 77' lang='grc' dir='ltr'>Η</span> 
     </span>
     <span class='ocr_line' id='line_1_36' title="bbox 111 3511 1082 3582; baseline -0.005 -14"><span class='ocrx_word' id='word_1_278' title='bbox 111 3518 145 3568; x_wconf 78' lang='lat'><strong>24</strong></span> <span class='ocrx_word' id='word_1_279' title='bbox 161 3513 254 3568; x_wconf 90' lang='lat' dir='ltr'><strong>habeo</strong></span> <span class='ocrx_word' id='word_1_280' title='bbox 273 3513 301 3567; x_wconf 85' lang='lat' dir='ltr'><strong><em>L</em></strong></span> <span class='ocrx_word' id='word_1_281' title='bbox 323 3513 334 3582; x_wconf 81' lang='lat' dir='ltr'>ss</span> <span class='ocrx_word' id='word_1_282' title='bbox 360 3515 390 3568; x_wconf 88' lang='lat' dir='ltr'><strong>et</strong></span> <span class='ocrx_word' id='word_1_283' title='bbox 451 3517 477 3569; x_wconf 85' lang='lat' dir='ltr'><strong>ct</strong></span> <span class='ocrx_word' id='word_1_284' title='bbox 495 3513 571 3580; x_wconf 81' lang='lat' dir='ltr'><strong>dett,</strong></span> <span class='ocrx_word' id='word_1_285' title='bbox 588 3529 638 3568; x_wconf 86' lang='lat' dir='ltr'><strong>om.</strong></span> <span class='ocrx_word' id='word_1_286' title='bbox 658 3513 685 3565; x_wconf 80' lang='lat' dir='ltr'><strong><em>A</em></strong></span> <span class='ocrx_word' id='word_1_287' title='bbox 708 3512 719 3580; x_wconf 76' lang='grc' dir='ltr'><strong>ΙΙ</strong></span> <span class='ocrx_word' id='word_1_288' title='bbox 742 3517 775 3566; x_wconf 78' lang='lat'><strong>26</strong></span> <span class='ocrx_word' id='word_1_289' title='bbox 794 3511 921 3568; x_wconf 74' lang='lat' dir='ltr'><strong>discessrt</strong></span> <span class='ocrx_word' id='word_1_290' title='bbox 938 3511 1011 3578; x_wconf 82' lang='lat' dir='ltr'><strong>LA,</strong></span> <span class='ocrx_word' id='word_1_291' title='bbox 1033 3528 1082 3568; x_wconf 85' lang='lat' dir='ltr'><strong>em.</strong></span> 
     </span>
    </p>
   </div>
   <div class='ocr_carea' id='block_1_11' title="bbox 109 3580 307 3639">
    <p class='ocr_par' dir='ltr' id='par_1_11' title="bbox 109 3580 307 3639">
     <span class='ocr_line' id='line_1_37' title="bbox 109 3580 307 3639; baseline 0.005 -2"><span class='ocrx_word' id='word_1_292' title='bbox 109 3583 143 3637; x_wconf 79' lang='lat' dir='ltr'><strong>iu</strong></span> <span class='ocrx_word' id='word_1_293' title='bbox 161 3580 223 3639; x_wconf 83' lang='lat' dir='ltr'><strong>cdd.</strong></span> <span class='ocrx_word' id='word_1_294' title='bbox 240 3586 307 3638; x_wconf 76' lang='lat' dir='ltr'><strong>ceu.</strong></span> 
     </span>
    </p>
   </div>
   <div class='ocr_carea' id='block_1_12' title="bbox 0 0 1306 3960">
    <p class='ocr_par' dir='ltr' id='par_1_12' title="bbox 0 0 1306 3960">
     <span class='ocr_line' id='line_1_38' title="bbox 0 0 1306 3960; baseline 0 2"><span class='ocrx_word' id='word_1_295' title='bbox 0 0 1306 3960; x_wconf 95' lang='lat' dir='ltr'><strong> </strong></span> 
     </span>
    </p>
   </div>
  </div>
 </body>
</html>
