2540 3950
550 135 686 193 xr-re.
717 209 722 219 Ι
1039 140 1101 206 611

132 315 202 356 cum
230 300 317 372 patre
338 295 418 355 filius
439 296 530 370 lauit,
559 297 668 356 necin
690 301 850 372 conspectu
873 293 1100 359 simulacrorum
1109 310 1236 356 venun.

131 380 237 457 turpia
258 380 390 456 corporis
411 380 611 442 nudabantur.

199 468 229 528 9.
261 464 405 525 Sollemni
427 466 564 525 conuiuio
587 468 706 525 tantum
729 465 851 543 cognati
872 467 1170 546 conueniebent1‚8

133 549 214 627 quod
237 550 377 609 charistia
397 550 571 609 uocabatur.
616 554 682 608 tum
701 550 759 610 diis
782 549 903 612 arbitris
925 553 957 611 et
978 570 1101 614 consan-

1 702 3 714 μ
107 635 252 712 sguineis
280 633 402 710 mediis,
431 634 457 695 si
484 652 545 710 qua
566 637 652 694 erunt
673 634 785 712 iurgia,
814 634 1101 726 proferebantur-et

133 721 214 779 dicta
236 722 326 796 atque
347 719 507 778 aestimata
529 719 765 794 deponebantur.

198 805 248 865 10.
281 803 372 864 Senes
400 803 472 866 olim
495 804 586 864 etiam
608 804 720 866 alienos
742 805 866 864 iuuenes
888 823 943 881 pro
965 807 1027 866 suis
1048 806 1168 874 ha-1,9

133 889 255 951 bebant.
288 887 418 948 inuicem
439 887 641 950 adolescentes
663 889 876 966 grandioribus
899 891 983 966 quasi
1006 892 1101 966 patri-

133 973 189 1034 bus
211 973 395 1046 deferebant,
410 977 429 1044 i
445 973 549 1034 oluuos
571 973 829 1049 prosequebantur
850 975 888 1033 ad
911 976 1024 1036 curiam
1039 995 1100 1035 ma·

1 1075 2 1080 ¹
96 1059 305 1134 musbantque
326 1058 358 1116 iu
381 1057 598 1134 obseruatione,
621 1058 715 1118 donec
737 1059 922 1119 reducerent.

197 1145 247 1202 11.
283 1142 496 1202 Adulescentes
510 1140 548 1200 ad
563 1142 734 1201 conuiuium
748 1145 848 1220 rogati
864 1145 1047 1219 quaerebant
1060 1146 1097 1206 de
1117 1155 1141 1218 1,
1153 1153 1168 1202 9

133 1228 280 1302 cornicle,
302 1246 341 1287 ne
363 1226 442 1287 forte
464 1226 503 1286 ob
524 1227 725 1286 reuerentiam
748 1246 853 1288 senum
868 1228 1003 1288 babituri
1016 1229 1099 1291 locos

132 1331 194 1372 non
221 1315 329 1373 essent.
374 1311 497 1371 admissi
525 1309 563 1370 ad
589 1330 723 1372 mensam
746 1310 919 1390 parcissimo
941 1314 1102 1392 loqueban-

132 1398 192 1474 tur,
215 1397 364 1472 primique
386 1395 551 1473 surgebant
572 1413 663 1457 senes.

94 1494 121 1536 rs
199 1481 247 1541 12.
284 1481 377 1540 Senes
397 1480 431 1539 in
452 1481 600 1540 conuiuiis
622 1482 769 1540 maiorum
789 1481 893 1542 laudes
915 1483 1097 1546 carminibus
1116 1491 1186 1554 1,1o

133 1565 294 1626 celebratas
317 1566 357 1626 ad
377 1565 468 1625 tibias
490 1566 636 1626 canebant
657 1565 696 1625 ad
718 1566 934 1628 incendendam
956 1569 1100 1646 exemplis
1133 1571 1137 1581 ‘

131 1651 329 1710 iuuentutem.

196 1737 246 1795 13.
269 1734 374 1795 Multis
396 1734 520 1794 saeculis
543 1735 665 1794 durauit
686 1737 721 1794 ut
743 1735 823 1796 dicta
836 1735 870 1795 in
884 1737 966 1798 curis
981 1738 1013 1796 in
1027 1738 1094 1798 uul-
1113 1746 1167 1809 2,1

132 1839 187 1897 gns
209 1838 271 1880 non
292 1819 417 1882 exirent
446 1820 567 1880 senatus
590 1823 690 1879 autern
713 1822 826 1880 secreto
849 1819 1025 1881 decreuerat
1038 1823 1100 1884 bel-

93 1918 120 1958 ao
132 1905 195 1964 lum
217 1905 359 1983 punicum
374 1904 509 1964 tertium.
532 1903 589 1964 hoo
605 1903 640 1975 Q.
653 1903 766 1964 Fabius
781 1904 930 1964 Maximus
945 1905 980 1968 P.
994 1905 1100 1969 Crasso

130 1989 299 2065 quaestorio
332 1989 398 2049 uiro
426 1989 576 2063 narrauit,
606 1987 644 2048 ob
670 1987 753 2064 quod
779 1988 891 2049 factum
911 1990 1101 2053 Maximusa

131 2074 305 2134 consulibus
326 2077 470 2151 tunquam
492 2073 629 2149 proditor
650 2072 755 2133 secreti
778 2073 955 2150 obiurgatus
977 2078 1034 2137 est.

195 2158 245 2218 14.
267 2159 415 2217 Eumenes
437 2177 489 2216 rex
502 2157 593 2218 Asiae
616 2158 731 2217 senatui
752 2158 886 2236 prodidit
900 2159 1011 2221 Persen
1032 2161 1094 2222 bel·
1113 2168 1165 2232 2,1

129 2241 193 2302 lum
220 2234 333 2320 parare.
371 2242 445 2318 quid
473 2243 538 2302 tum
566 2233 619 2302 rer'r
645 2243 763 2304 locutus
789 2243 845 2321 sit,
875 2245 948 2322 qnid
977 2251 1100 2308 senatus

95 2337 120 2380 aa
133 2327 300 2388 decreuerit
323 2329 392 2386 ante
413 2326 526 2387 Persen
548 2329 669 2403 captum
692 2327 781 2389 sciuit
800 2344 899 2390 nemo.

194 2411 244 2472 15.
267 2411 351 2471 Inter
366 2412 518 2471 consulem
533 2412 762 2490 proximumque
776 2413 904 2474 Morem
924 2414 1027 2476 nullus
1041 2415 1092 2476 ad·
1111 2423 1166 2488 2,4

196 2575 305 2644 ⁴itum]
324 2590 389 2628 cum
409 2575 421 2644 ΙΙ
442 2580 458 2629 6
475 2574 638 2644 aestimata]
658 2575 780 2629 addend.
799 2575 860 2630 reid.
880 2590 965 2630 causa
985 2577 995 2645 ll
1016 2583 1032 2632 9
1050 2577 1099 2632 de-

128 2641 259 2697 ferebant
275 2642 348 2708 cod„
371 2642 445 2711 quod
462 2643 536 2697 idun
552 2643 628 2697 ualet
644 2647 729 2712 atque
745 2643 872 2698 bonorem
888 2643 1033 2700 habebunt.
1060 2645 1096 2712 cl.

128 2709 180 2764 Dee
200 2710 262 2764 Uare
280 2726 294 2765 e
310 2710 360 2764 aab
377 2727 417 2778 ee,
436 2716 594 2778 aspecturus
610 2709 731 2764 honores
749 2709 917 2765 deferebant
934 2711 1035 2778 Halm,
1057 2729 1098 2768 arr

129 2725 348 2856 deseruieiqntr
368 2777 474 2833 Gerte*
495 2778 505 2858 ΙΙ
530 2778 628 2832 olnuos
646 2778 716 2844 cort,
735 2777 832 2832 obuios
857 2794 915 2834 reon
939 2785 1011 2835 recte
1031 2781 1098 2835 Mai

128 2844 224 2910 Halm,
244 2845 503 2916 qu1illosuellqu1
520 2862 585 2900 suos
601 2847 671 2903 coni.
691 2844 807 2910 certer,
824 2861 865 2902 nra
882 2851 973 2916 quos?
985 2849 996 2927 l
1010 2854 1041 2902 12
1059 2864 1096 2904 ne

127 2914 199 2968 forte
217 2914 415 2982 transportem.
435 2930 505 2970 ceras.
518 2918 583 2982 port
601 2929 700 2968 senum
712 2913 897 2980 probabiliter
915 2914 1016 2971 Olnrst
1030 2915 1044 2986 ΙΙ
1059 2916 1096 2970 ob

127 2982 318 3049 praesentiam
340 2989 421 3036 suam
443 2998 523 3038 senes
546 2981 617 3037 coni.
637 2981 787 3036 Eberhard
809 2982 827 3036 l.
843 2999 868 3038 c.
887 2997 918 3050 p.
936 2987 1003 3051 100,
1033 2999 1096 3038 sero

128 3049 303 3102 uenientium
325 3065 424 3104 senum
447 3049 511 3120 (del.
522 3053 625 3118 perrea
641 3051 709 3117 non)
727 3049 840 3116 Norat,
858 3051 985 3120 suspicor
1000 3056 1094 3108 tamen

127 3115 197 3184 Nep.
225 3117 291 3172 baec
315 3117 450 3184 uoluere,
477 3118 526 3173 sed
544 3131 676 3185 peruerse
698 3119 870 3173 remense:
895 3135 930 3174 ree
952 3119 985 3173 ot
1005 3135 1094 3175 rerer.

126 3199 221 3240 aereum
238 3185 298 3240 illie
315 3185 375 3240 suis
390 3185 501 3241 sedebus
517 3186 611 3242 cedere
629 3186 771 3254 deberent!
795 3191 826 3239 13
844 3186 969 3240 ammissi
1006 3192 1037 3241 14
1054 3203 1094 3242 se·

126 3267 176 3306 nes
197 3253 265 3308 edd.
287 3258 411 3328 repeteres
432 3269 447 3309 e
502 3255 594 3310 ocimo
615 3254 739 3321 mesple
787 3255 876 3333 ertei.
897 3253 949 3334 ¹ef
1003 3255 1041 3309 al.
1070 3260 1096 3311 et

78 3375 81 3382 ,
125 3321 205 3398 Bor„
223 3335 274 3374 om.
293 3321 353 3377 coel.
366 3321 453 3376 Halm
463 3270 522 3391 ile
540 3321 717 3376 celebrantes
728 3321 792 3376 Mor
805 3323 815 3390 l
828 3321 864 3376 ad
881 3321 968 3400 tibrss
981 3322 1096 3390 Gerre&

125 3388 203 3442 tubus
225 3389 285 3444 eod.
303 3389 391 3444 Helm
413 3389 426 3460 [l
448 3396 481 3444 22
506 3388 683 3460 proditorum
709 3390 779 3457 eod„
804 3406 845 3444 ore
870 3392 999 3459 proditor
1023 3390 1095 3460 <pa-

125 3457 240 3579 tr>unqg
255 3456 365 3581 l§detrunl
378 3459 388 3528 l
400 3464 434 3513 24
452 3458 499 3528 sit]
520 3458 586 3527 esti
598 3464 632 3513 26
648 3457 778 3512 lictorem
795 3458 864 3515 adri.
879 3457 962 3514 Gesta
974 3473 1006 3529 p.
1017 3459 1095 3529 299i

126 3539 212 3578 ammi
240 3540 255 3580 e
277 3540 342 3579 aur

888 3613 944 3668 39³²
