<?xml version="1.0" encoding="UTF-8"?>
<!DOCTYPE html PUBLIC "-//W3C//DTD XHTML 1.0 Transitional//EN"
    "http://www.w3.org/TR/xhtml1/DTD/xhtml1-transitional.dtd">
<html xmlns="http://www.w3.org/1999/xhtml" xml:lang="en" lang="en">
 <head>
  <title>
</title>
<meta http-equiv="Content-Type" content="text/html;charset=utf-8" />
  <meta name='ocr-system' content='tesseract 3.04.00' />
  <meta name='ocr-capabilities' content='ocr_page ocr_carea ocr_par ocr_line ocrx_word'/>
</head>
<body>
  <div class='ocr_page' id='page_1' title='image "./valeriimaximifa00nepogoog_0609.png"; bbox 0 0 2562 3950; ppageno 0'>
   <div class='ocr_carea' id='block_1_1' title="bbox 201 147 1177 219">
    <p class='ocr_par' dir='ltr' id='par_1_1' title="bbox 201 147 1177 219">
     <span class='ocr_line' id='line_1_1' title="bbox 201 147 1177 219; baseline 0.006 -16"><span class='ocrx_word' id='word_1_1' title='bbox 201 147 426 216; x_wconf 80' lang='lat' dir='ltr'>568L113.vfl1.</span> <span class='ocrx_word' id='word_1_2' title='bbox 445 147 523 203; x_wconf 82' lang='lat' dir='ltr'><strong>CAP.</strong></span> <span class='ocrx_word' id='word_1_3' title='bbox 530 153 555 214; x_wconf 81' lang='lat'><strong>9,</strong></span> <span class='ocrx_word' id='word_1_4' title='bbox 570 147 632 203; x_wconf 85' lang='lat' dir='ltr'><strong>Ext.</strong></span> <span class='ocrx_word' id='word_1_5' title='bbox 639 154 662 203; x_wconf 86' lang='lat'><strong>3.</strong></span> <span class='ocrx_word' id='word_1_6' title='bbox 681 147 806 216; x_wconf 66' lang='lat' dir='ltr'><strong>cupro,</strong></span> <span class='ocrx_word' id='word_1_7' title='bbox 815 152 889 203; x_wconf 85' lang='grc'><strong>1-3.</strong></span> <span class='ocrx_word' id='word_1_8' title='bbox 901 147 992 207; x_wconf 82' lang='lat' dir='ltr'><strong>Exti.</strong></span> <span class='ocrx_word' id='word_1_9' title='bbox 1012 147 1177 219; x_wconf 79' lang='lat' dir='ltr'><strong>CAP.11,1.</strong></span> 
     </span>
    </p>
   </div>
   <div class='ocr_carea' id='block_1_2' title="bbox 150 305 1280 1824">
    <p class='ocr_par' dir='ltr' id='par_1_2' title="bbox 201 305 1178 468">
     <span class='ocr_line' id='line_1_2' title="bbox 201 305 1178 383; baseline 0.003 -15"><span class='ocrx_word' id='word_1_10' title='bbox 201 308 334 380; x_wconf 89' lang='lat' dir='ltr'><strong>nieuses,</strong></span> <span class='ocrx_word' id='word_1_11' title='bbox 370 305 522 367; x_wconf 73' lang='lat' dir='ltr'><strong>Pisistrati</strong></span> <span class='ocrx_word' id='word_1_12' title='bbox 550 308 605 366; x_wconf 88' lang='lat' dir='ltr'><strong>est.</strong></span> <span class='ocrx_word' id='word_1_13' title='bbox 651 323 755 367; x_wconf 88' lang='lat' dir='ltr'><strong>cauere</strong></span> <span class='ocrx_word' id='word_1_14' title='bbox 785 323 856 383; x_wconf 78' lang='lat' dir='ltr'><strong>ergo</strong></span> <span class='ocrx_word' id='word_1_15' title='bbox 885 307 965 368; x_wconf 88' lang='lat' dir='ltr'><strong>hunc</strong></span> <span class='ocrx_word' id='word_1_16' title='bbox 992 327 1047 370; x_wconf 89' lang='lat' dir='ltr'><strong>uos</strong></span> <span class='ocrx_word' id='word_1_17' title='bbox 1077 311 1178 370; x_wconf 85' lang='lat' dir='ltr'><strong>ciuem</strong></span> 
     </span>
     <span class='ocr_line' id='line_1_3' title="bbox 202 391 349 468; baseline -0.007 -16"><span class='ocrx_word' id='word_1_18' title='bbox 202 391 349 468; x_wconf 87' lang='lat' dir='ltr'><strong>oportet’.</strong></span> 
     </span>
    </p>

    <p class='ocr_par' dir='ltr' id='par_1_3' title="bbox 168 473 1204 792">
     <span class='ocr_line' id='line_1_4' title="bbox 168 473 1180 555; baseline 0.004 -19"><span class='ocrx_word' id='word_1_19' title='bbox 168 489 185 536; x_wconf 84' lang='lat'><strong>3</strong></span> <span class='ocrx_word' id='word_1_20' title='bbox 267 476 413 555; x_wconf 74' lang='lat' dir='ltr'>Hegesias</span> <span class='ocrx_word' id='word_1_21' title='bbox 429 473 609 554; x_wconf 77' lang='lat' dir='ltr'><strong>Cyrenaicus</strong></span> <span class='ocrx_word' id='word_1_22' title='bbox 631 476 829 553; x_wconf 89' lang='lat' dir='ltr'><strong>philosophus</strong></span> <span class='ocrx_word' id='word_1_23' title='bbox 843 479 906 536; x_wconf 88' lang='lat' dir='ltr'><strong>tam</strong></span> <span class='ocrx_word' id='word_1_24' title='bbox 920 478 1079 539; x_wconf 80' lang='lat' dir='ltr'><strong>manifeste</strong></span> <span class='ocrx_word' id='word_1_25' title='bbox 1093 481 1180 540; x_wconf 85' lang='lat' dir='ltr'><strong>mala</strong></span> 
     </span>
     <span class='ocr_line' id='line_1_5' title="bbox 202 559 1175 638; baseline 0.004 -17"><span class='ocrx_word' id='word_1_26' title='bbox 202 562 283 621; x_wconf 84' lang='lat' dir='ltr'><strong>uitae</strong></span> <span class='ocrx_word' id='word_1_27' title='bbox 305 559 559 638; x_wconf 76' lang='lat' dir='ltr'><strong>repraesentabat,</strong></span> <span class='ocrx_word' id='word_1_28' title='bbox 582 563 617 620; x_wconf 87' lang='lat' dir='ltr'><strong>ut</strong></span> <span class='ocrx_word' id='word_1_29' title='bbox 638 560 748 622; x_wconf 87' lang='lat' dir='ltr'><strong>multos</strong></span> <span class='ocrx_word' id='word_1_30' title='bbox 771 560 895 638; x_wconf 90' lang='lat' dir='ltr'><strong>cupidos</strong></span> <span class='ocrx_word' id='word_1_31' title='bbox 918 563 1024 622; x_wconf 90' lang='lat' dir='ltr'><strong>mortis</strong></span> <span class='ocrx_word' id='word_1_32' title='bbox 1047 563 1175 626; x_wconf 86' lang='lat' dir='ltr'><strong>faceret.</strong></span> 
     </span>
     <span class='ocr_line' id='line_1_6' title="bbox 202 645 1204 726; baseline 0.005 -22"><span class='ocrx_word' id='word_1_33' title='bbox 202 646 303 723; x_wconf 85' lang='lat' dir='ltr'><strong>itaque</strong></span> <span class='ocrx_word' id='word_1_34' title='bbox 331 665 348 705; x_wconf 92' lang='lat' dir='ltr'><strong>a</strong></span> <span class='ocrx_word' id='word_1_35' title='bbox 371 645 544 706; x_wconf 90' lang='lat' dir='ltr'><strong>Ptolemaeo</strong></span> <span class='ocrx_word' id='word_1_36' title='bbox 573 664 644 722; x_wconf 83' lang='lat' dir='ltr'><strong>rege</strong></span> <span class='ocrx_word' id='word_1_37' title='bbox 666 645 791 706; x_wconf 89' lang='lat' dir='ltr'><strong>ulterius</strong></span> <span class='ocrx_word' id='word_1_38' title='bbox 812 646 885 707; x_wconf 89' lang='lat' dir='ltr'><strong>haee</strong></span> <span class='ocrx_word' id='word_1_39' title='bbox 907 647 1051 709; x_wconf 80' lang='lat' dir='ltr'><strong>disserere</strong></span> <span class='ocrx_word' id='word_1_40' title='bbox 1073 649 1204 726; x_wconf 80' lang='lat' dir='ltr'><strong>probi-⁵</strong></span> 
     </span>
     <span class='ocr_line' id='line_1_7' title="bbox 202 730 363 792; baseline 0.006 -3"><span class='ocrx_word' id='word_1_41' title='bbox 202 730 284 791; x_wconf 83' lang='lat' dir='ltr'><strong>bitus</strong></span> <span class='ocrx_word' id='word_1_42' title='bbox 307 734 363 792; x_wconf 89' lang='lat' dir='ltr'><strong>est.</strong></span> 
     </span>
    </p>

    <p class='ocr_par' dir='ltr' id='par_1_4' title="bbox 150 813 1217 1129">
     <span class='ocr_line' id='line_1_8' title="bbox 150 813 1177 893; baseline 0.004 -18"><span class='ocrx_word' id='word_1_43' title='bbox 150 819 216 889; x_wconf 86' lang='lat'><strong>10,1</strong></span> <span class='ocrx_word' id='word_1_44' title='bbox 272 814 304 876; x_wconf 84' lang='lat' dir='ltr'><strong>O.</strong></span> <span class='ocrx_word' id='word_1_45' title='bbox 327 814 476 876; x_wconf 75' lang='lat' dir='ltr'><strong>Gracchus</strong></span> <span class='ocrx_word' id='word_1_46' title='bbox 499 814 672 874; x_wconf 84' lang='lat' dir='ltr'><strong>adulescens</strong></span> <span class='ocrx_word' id='word_1_47' title='bbox 693 813 849 892; x_wconf 83' lang='lat' dir='ltr'><strong>flagrantis</strong></span> <span class='ocrx_word' id='word_1_48' title='bbox 871 815 1000 892; x_wconf 83' lang='lat' dir='ltr'><strong>ingenii,</strong></span> <span class='ocrx_word' id='word_1_49' title='bbox 1030 817 1177 893; x_wconf 88' lang='lat' dir='ltr'><strong>quotiens</strong></span> 
     </span>
     <span class='ocr_line' id='line_1_9' title="bbox 205 900 1176 978; baseline 0.002 -18"><span class='ocrx_word' id='word_1_50' title='bbox 205 901 447 973; x_wconf 84' lang='lat' dir='ltr'><strong>contionaretur,</strong></span> <span class='ocrx_word' id='word_1_51' title='bbox 477 917 597 959; x_wconf 90' lang='lat' dir='ltr'><strong>seruum</strong></span> <span class='ocrx_word' id='word_1_52' title='bbox 623 917 717 977; x_wconf 88' lang='lat' dir='ltr'><strong>prope</strong></span> <span class='ocrx_word' id='word_1_53' title='bbox 740 917 771 958; x_wconf 91' lang='lat' dir='ltr'><strong>se</strong></span> <span class='ocrx_word' id='word_1_54' title='bbox 793 900 922 960; x_wconf 89' lang='lat' dir='ltr'><strong>musicae</strong></span> <span class='ocrx_word' id='word_1_55' title='bbox 944 901 1018 960; x_wconf 88' lang='lat' dir='ltr'><strong>artis</strong></span> <span class='ocrx_word' id='word_1_56' title='bbox 1039 903 1176 978; x_wconf 88' lang='lat' dir='ltr'><strong>peritum</strong></span> 
     </span>
     <span class='ocr_line' id='line_1_10' title="bbox 202 982 1175 1060; baseline 0.003 -17"><span class='ocrx_word' id='word_1_57' title='bbox 202 983 363 1058; x_wconf 83' lang='lat' dir='ltr'><strong>statuebat,</strong></span> <span class='ocrx_word' id='word_1_58' title='bbox 386 985 438 1060; x_wconf 91' lang='lat' dir='ltr'><strong>qui</strong></span> <span class='ocrx_word' id='word_1_59' title='bbox 460 982 575 1044; x_wconf 88' lang='lat' dir='ltr'><strong>occulte</strong></span> <span class='ocrx_word' id='word_1_60' title='bbox 598 984 706 1044; x_wconf 86' lang='lat' dir='ltr'><strong>eberes</strong></span> <span class='ocrx_word' id='word_1_61' title='bbox 720 983 820 1044; x_wconf 85' lang='lat' dir='ltr'><strong>fistula</strong></span> <span class='ocrx_word' id='word_1_62' title='bbox 834 985 1091 1060; x_wconf 86' lang='lat' dir='ltr'><strong>pronuntiationis</strong></span> <span class='ocrx_word' id='word_1_63' title='bbox 1107 988 1175 1047; x_wconf 91' lang='lat' dir='ltr'><strong>eius</strong></span> 
     </span>
     <span class='ocr_line' id='line_1_11' title="bbox 201 1068 1217 1129; baseline 0.004 -2"><span class='ocrx_word' id='word_1_64' title='bbox 201 1069 305 1128; x_wconf 92' lang='lat' dir='ltr'><strong>modos</strong></span> <span class='ocrx_word' id='word_1_65' title='bbox 327 1068 484 1129; x_wconf 89' lang='lat' dir='ltr'><strong>formabat.</strong></span> <span class='ocrx_word' id='word_1_66' title='bbox 536 1106 538 1110; x_wconf 94' lang='lat'>·</span> <span class='ocrx_word' id='word_1_67' title='bbox 1190 1087 1217 1126; x_wconf 86' lang='lat'><strong>10</strong></span> 
     </span>
    </p>

    <p class='ocr_par' dir='ltr' id='par_1_5' title="bbox 168 1151 1215 1568">
     <span class='ocr_line' id='line_1_12' title="bbox 168 1151 1176 1230; baseline 0.004 -18"><span class='ocrx_word' id='word_1_68' title='bbox 168 1165 184 1212; x_wconf 76' lang='lat'><strong>2</strong></span> <span class='ocrx_word' id='word_1_69' title='bbox 268 1153 303 1224; x_wconf 79' lang='lat' dir='ltr'><strong>Q.</strong></span> <span class='ocrx_word' id='word_1_70' title='bbox 326 1151 506 1212; x_wconf 84' lang='lat' dir='ltr'><strong>Hortensius</strong></span> <span class='ocrx_word' id='word_1_71' title='bbox 535 1153 696 1230; x_wconf 80' lang='lat' dir='ltr'><strong>plurimum</strong></span> <span class='ocrx_word' id='word_1_72' title='bbox 729 1153 761 1213; x_wconf 92' lang='lat' dir='ltr'><strong>in</strong></span> <span class='ocrx_word' id='word_1_73' title='bbox 790 1154 925 1229; x_wconf 86' lang='lat' dir='ltr'><strong>corporis</strong></span> <span class='ocrx_word' id='word_1_74' title='bbox 952 1153 1059 1215; x_wconf 89' lang='lat' dir='ltr'><strong>decoro</strong></span> <span class='ocrx_word' id='word_1_75' title='bbox 1087 1160 1176 1216; x_wconf 86' lang='lat' dir='ltr'><strong>motu</strong></span> 
     </span>
     <span class='ocr_line' id='line_1_13' title="bbox 202 1236 1175 1314; baseline 0.005 -19"><span class='ocrx_word' id='word_1_76' title='bbox 202 1236 370 1313; x_wconf 89' lang='lat' dir='ltr'><strong>repositum</strong></span> <span class='ocrx_word' id='word_1_77' title='bbox 401 1239 523 1298; x_wconf 91' lang='lat' dir='ltr'><strong>credens</strong></span> <span class='ocrx_word' id='word_1_78' title='bbox 552 1256 645 1314; x_wconf 83' lang='lat' dir='ltr'><strong>paene</strong></span> <span class='ocrx_word' id='word_1_79' title='bbox 674 1237 743 1314; x_wconf 91' lang='lat' dir='ltr'><strong>plus</strong></span> <span class='ocrx_word' id='word_1_80' title='bbox 766 1239 859 1298; x_wconf 92' lang='lat' dir='ltr'><strong>studii</strong></span> <span class='ocrx_word' id='word_1_81' title='bbox 880 1239 912 1298; x_wconf 92' lang='lat' dir='ltr'><strong>in</strong></span> <span class='ocrx_word' id='word_1_82' title='bbox 934 1257 969 1298; x_wconf 90' lang='lat' dir='ltr'><strong>eo</strong></span> <span class='ocrx_word' id='word_1_83' title='bbox 991 1239 1175 1300; x_wconf 84' lang='lat' dir='ltr'><strong>elaborando</strong></span> 
     </span>
     <span class='ocr_line' id='line_1_14' title="bbox 202 1321 1176 1399; baseline 0.006 -19"><span class='ocrx_word' id='word_1_84' title='bbox 202 1340 293 1398; x_wconf 90' lang='lat' dir='ltr'><strong>quam</strong></span> <span class='ocrx_word' id='word_1_85' title='bbox 316 1321 347 1380; x_wconf 93' lang='lat' dir='ltr'><strong>in</strong></span> <span class='ocrx_word' id='word_1_86' title='bbox 369 1322 435 1397; x_wconf 87' lang='lat' dir='ltr'><strong>ipsa</strong></span> <span class='ocrx_word' id='word_1_87' title='bbox 457 1323 627 1398; x_wconf 87' lang='lat' dir='ltr'><strong>eloquentia</strong></span> <span class='ocrx_word' id='word_1_88' title='bbox 648 1323 797 1398; x_wconf 87' lang='lat' dir='ltr'><strong>inpendit.</strong></span> <span class='ocrx_word' id='word_1_89' title='bbox 825 1323 931 1399; x_wconf 67' lang='lat' dir='ltr'><strong>,itaque</strong></span> <span class='ocrx_word' id='word_1_90' title='bbox 946 1327 1064 1384; x_wconf 88' lang='lat' dir='ltr'><strong>constat</strong></span> <span class='ocrx_word' id='word_1_91' title='bbox 1078 1325 1176 1386; x_wconf 89' lang='lat' dir='ltr'><strong>Aeso·</strong></span> 
     </span>
     <span class='ocr_line' id='line_1_15' title="bbox 202 1406 1175 1484; baseline 0.003 -19"><span class='ocrx_word' id='word_1_92' title='bbox 202 1426 274 1483; x_wconf 90' lang='lat' dir='ltr'><strong>pum</strong></span> <span class='ocrx_word' id='word_1_93' title='bbox 297 1409 327 1466; x_wconf 90' lang='lat' dir='ltr'><strong>et</strong></span> <span class='ocrx_word' id='word_1_94' title='bbox 349 1406 489 1467; x_wconf 87' lang='lat' dir='ltr'><strong>Roscium</strong></span> <span class='ocrx_word' id='word_1_95' title='bbox 511 1407 643 1466; x_wconf 84' lang='lat' dir='ltr'><strong>ludicrae</strong></span> <span class='ocrx_word' id='word_1_96' title='bbox 665 1407 739 1467; x_wconf 84' lang='lat' dir='ltr'><strong>artis</strong></span> <span class='ocrx_word' id='word_1_97' title='bbox 761 1407 959 1484; x_wconf 88' lang='lat' dir='ltr'><strong>peritissimos</strong></span> <span class='ocrx_word' id='word_1_98' title='bbox 981 1409 1035 1468; x_wconf 88' lang='lat' dir='ltr'><strong>illo</strong></span> <span class='ocrx_word' id='word_1_99' title='bbox 1050 1427 1175 1470; x_wconf 79' lang='lat' dir='ltr'><strong>causam</strong></span> 
     </span>
     <span class='ocr_line' id='line_1_16' title="bbox 200 1491 1215 1568; baseline 0 -18"><span class='ocrx_word' id='word_1_100' title='bbox 200 1495 309 1568; x_wconf 83' lang='lat' dir='ltr'><strong>agente</strong></span> <span class='ocrx_word' id='word_1_101' title='bbox 330 1491 502 1568; x_wconf 87' lang='lat' dir='ltr'><strong>frequenter</strong></span> <span class='ocrx_word' id='word_1_102' title='bbox 522 1491 684 1551; x_wconf 81' lang='lat' dir='ltr'><strong>adstitisse.</strong></span> <span class='ocrx_word' id='word_1_103' title='bbox 1189 1509 1215 1550; x_wconf 87' lang='lat'><strong>15</strong></span> 
     </span>
    </p>

    <p class='ocr_par' dir='ltr' id='par_1_6' title="bbox 169 1575 1280 1824">
     <span class='ocr_line' id='line_1_17' title="bbox 169 1575 1176 1654; baseline 0.003 -18"><span class='ocrx_word' id='word_1_104' title='bbox 169 1588 185 1636; x_wconf 80' lang='lat'><strong>3</strong></span> <span class='ocrx_word' id='word_1_105' title='bbox 269 1576 311 1634; x_wconf 89' lang='grc' dir='ltr'><strong>Μ.</strong></span> <span class='ocrx_word' id='word_1_106' title='bbox 336 1575 438 1636; x_wconf 85' lang='lat' dir='ltr'><strong>Cicero</strong></span> <span class='ocrx_word' id='word_1_107' title='bbox 460 1575 619 1652; x_wconf 89' lang='lat' dir='ltr'><strong>utriusque</strong></span> <span class='ocrx_word' id='word_1_108' title='bbox 650 1577 694 1634; x_wconf 89' lang='lat' dir='ltr'><strong>rei</strong></span> <span class='ocrx_word' id='word_1_109' title='bbox 716 1594 818 1635; x_wconf 88' lang='lat' dir='ltr'><strong>curam</strong></span> <span class='ocrx_word' id='word_1_110' title='bbox 847 1578 911 1654; x_wconf 87' lang='lat' dir='ltr'><strong>egit</strong></span> <span class='ocrx_word' id='word_1_111' title='bbox 932 1575 1057 1653; x_wconf 88' lang='lat' dir='ltr'><strong>ideoque</strong></span> <span class='ocrx_word' id='word_1_112' title='bbox 1080 1576 1176 1639; x_wconf 89' lang='lat' dir='ltr'><strong>obicit</strong></span> 
     </span>
     <span class='ocr_line' id='line_1_18' title="bbox 204 1657 1175 1737; baseline 0.005 -19"><span class='ocrx_word' id='word_1_113' title='bbox 204 1661 237 1719; x_wconf 91' lang='lat' dir='ltr'><strong>in</strong></span> <span class='ocrx_word' id='word_1_114' title='bbox 259 1679 293 1718; x_wconf 85' lang='lat' dir='ltr'><strong>ea</strong></span> <span class='ocrx_word' id='word_1_115' title='bbox 316 1661 461 1734; x_wconf 87' lang='lat' dir='ltr'><strong>oratione,</strong></span> <span class='ocrx_word' id='word_1_116' title='bbox 483 1679 574 1737; x_wconf 88' lang='lat' dir='ltr'><strong>quam</strong></span> <span class='ocrx_word' id='word_1_117' title='bbox 595 1679 649 1737; x_wconf 89' lang='lat' dir='ltr'><strong>pro</strong></span> <span class='ocrx_word' id='word_1_118' title='bbox 673 1657 769 1720; x_wconf 81' lang='lat' dir='ltr'><strong>Gallio</strong></span> <span class='ocrx_word' id='word_1_119' title='bbox 791 1661 905 1735; x_wconf 88' lang='lat' dir='ltr'><strong>habuit,</strong></span> <span class='ocrx_word' id='word_1_120' title='bbox 929 1662 971 1721; x_wconf 89' lang='grc' dir='ltr'><strong>Μ.</strong></span> <span class='ocrx_word' id='word_1_121' title='bbox 987 1661 1104 1722; x_wconf 79' lang='lat' dir='ltr'><strong>Calidio</strong></span> <span class='ocrx_word' id='word_1_122' title='bbox 1128 1681 1175 1723; x_wconf 86' lang='lat' dir='ltr'><strong>ac·</strong></span> 
     </span>
     <span class='ocr_line' id='line_1_19' title="bbox 205 1745 1280 1824; baseline 0.003 -20"><span class='ocrx_word' id='word_1_123' title='bbox 205 1745 351 1824; x_wconf 86' lang='lat' dir='ltr'><strong>cusatori,</strong></span> <span class='ocrx_word' id='word_1_124' title='bbox 382 1745 462 1822; x_wconf 90' lang='lat' dir='ltr'><strong>quod</strong></span> <span class='ocrx_word' id='word_1_125' title='bbox 485 1747 696 1821; x_wconf 85' lang='lat' dir='ltr'><strong>praeparatum</strong></span> <span class='ocrx_word' id='word_1_126' title='bbox 718 1745 776 1804; x_wconf 91' lang='lat' dir='ltr'><strong>sibi</strong></span> <span class='ocrx_word' id='word_1_127' title='bbox 798 1764 816 1804; x_wconf 94' lang='lat' dir='ltr'><strong>a</strong></span> <span class='ocrx_word' id='word_1_128' title='bbox 837 1764 888 1806; x_wconf 90' lang='lat' dir='ltr'><strong>reo</strong></span> <span class='ocrx_word' id='word_1_129' title='bbox 912 1764 1061 1806; x_wconf 89' lang='lat' dir='ltr'><strong>uenenum</strong></span> <span class='ocrx_word' id='word_1_130' title='bbox 1084 1746 1175 1807; x_wconf 89' lang='lat' dir='ltr'><strong>adfir-</strong></span> <span class='ocrx_word' id='word_1_131' title='bbox 1279 1755 1280 1774; x_wconf 65' lang='lat'>³</span> 
     </span>
    </p>
   </div>
   <div class='ocr_carea' id='block_1_3' title="bbox 1278 0 1283 1380">
    <p class='ocr_par' dir='ltr' id='par_1_7' title="bbox 1278 0 1283 1380">
     <span class='ocr_line' id='line_1_20' title="bbox 1278 0 1283 1380; baseline 0 0"><span class='ocrx_word' id='word_1_132' title='bbox 1278 0 1283 1380; x_wconf 95' lang='lat' dir='ltr'><strong> </strong></span> 
     </span>
    </p>
   </div>
   <div class='ocr_carea' id='block_1_4' title="bbox 1278 32 1284 1380">
    <p class='ocr_par' dir='ltr' id='par_1_8' title="bbox 1278 32 1284 1380">
     <span class='ocr_line' id='line_1_21' title="bbox 1278 32 1284 1380; baseline 0 0"><span class='ocrx_word' id='word_1_133' title='bbox 1278 32 1284 1380; x_wconf 95' lang='lat' dir='ltr'><strong> </strong></span> 
     </span>
    </p>
   </div>
   <div class='ocr_carea' id='block_1_5' title="bbox 1278 32 1284 1380">
    <p class='ocr_par' dir='ltr' id='par_1_9' title="bbox 1278 32 1284 1380">
     <span class='ocr_line' id='line_1_22' title="bbox 1278 32 1284 1380; baseline 0 0"><span class='ocrx_word' id='word_1_134' title='bbox 1278 32 1284 1380; x_wconf 95' lang='lat' dir='ltr'><strong> </strong></span> 
     </span>
    </p>
   </div>
   <div class='ocr_carea' id='block_1_6' title="bbox 150 1829 1280 2651">
    <p class='ocr_par' dir='ltr' id='par_1_10' title="bbox 204 1829 1173 1907">
     <span class='ocr_line' id='line_1_23' title="bbox 204 1829 1173 1907; baseline 0.006 -20"><span class='ocrx_word' id='word_1_135' title='bbox 204 1847 288 1888; x_wconf 87' lang='lat' dir='ltr'><strong>mans</strong></span> <span class='ocrx_word' id='word_1_136' title='bbox 310 1848 374 1888; x_wconf 89' lang='lat' dir='ltr'><strong>rem</strong></span> <span class='ocrx_word' id='word_1_137' title='bbox 397 1830 494 1905; x_wconf 88' lang='lat' dir='ltr'><strong>ipsam</strong></span> <span class='ocrx_word' id='word_1_138' title='bbox 515 1831 640 1890; x_wconf 82' lang='lat' dir='ltr'><strong>remisso</strong></span> <span class='ocrx_word' id='word_1_139' title='bbox 662 1829 752 1889; x_wconf 90' lang='lat' dir='ltr'><strong>uultu</strong></span> <span class='ocrx_word' id='word_1_140' title='bbox 773 1831 878 1907; x_wconf 81' lang='lat' dir='ltr'><strong>egerit.</strong></span> <span class='ocrx_word' id='word_1_141' title='bbox 923 1831 1023 1907; x_wconf 89' lang='lat' dir='ltr'><strong>itaque</strong></span> <span class='ocrx_word' id='word_1_142' title='bbox 1045 1831 1088 1892; x_wconf 90' lang='lat' dir='ltr'><strong>sie</strong></span> <span class='ocrx_word' id='word_1_143' title='bbox 1109 1832 1173 1893; x_wconf 86' lang='lat' dir='ltr'><strong>ait:</strong></span> 
     </span>
    </p>

    <p class='ocr_par' dir='ltr' id='par_1_11' title="bbox 150 1912 1215 2161">
     <span class='ocr_line' id='line_1_24' title="bbox 203 1912 1215 1992; baseline 0.001 -20"><span class='ocrx_word' id='word_1_144' title='bbox 203 1914 248 1972; x_wconf 89' lang='lat' dir='ltr'><strong>‘tu</strong></span> <span class='ocrx_word' id='word_1_145' title='bbox 270 1914 361 1988; x_wconf 89' lang='lat' dir='ltr'><strong>istud,</strong></span> <span class='ocrx_word' id='word_1_146' title='bbox 385 1915 427 1974; x_wconf 87' lang='lat' dir='ltr'><strong>M.</strong></span> <span class='ocrx_word' id='word_1_147' title='bbox 450 1912 558 1991; x_wconf 83' lang='lat' dir='ltr'><strong>Calidi,</strong></span> <span class='ocrx_word' id='word_1_148' title='bbox 582 1915 641 1976; x_wconf 88' lang='lat' dir='ltr'><strong>nisi</strong></span> <span class='ocrx_word' id='word_1_149' title='bbox 662 1913 800 1992; x_wconf 65' lang='lat' dir='ltr'><strong>fingeres</strong></span> <span class='ocrx_word' id='word_1_150' title='bbox 822 1915 866 1976; x_wconf 90' lang='lat' dir='ltr'><strong>sic</strong></span> <span class='ocrx_word' id='word_1_151' title='bbox 887 1914 1031 1992; x_wconf 76' lang='lat' dir='ltr'><strong>ageresl&#39;</strong></span> <span class='ocrx_word' id='word_1_152' title='bbox 1187 1931 1215 1973; x_wconf 78' lang='lat' dir='ltr'><strong>ao</strong></span> 
     </span>
     <span class='ocr_line' id='line_1_25' title="bbox 150 1998 1176 2080; baseline 0.017 -36"><span class='ocrx_word' id='word_1_153' title='bbox 150 2006 204 2046; x_wconf 74' lang='lat' dir='ltr'><strong>nze.</strong></span> <span class='ocrx_word' id='word_1_154' title='bbox 270 1998 486 2058; x_wconf 87' lang='lat' dir='ltr'><strong>Demosthenes</strong></span> <span class='ocrx_word' id='word_1_155' title='bbox 511 1999 766 2076; x_wconf 86' lang='lat' dir='ltr'><strong>pronuntiationis</strong></span> <span class='ocrx_word' id='word_1_156' title='bbox 794 2017 895 2059; x_wconf 88' lang='lat' dir='ltr'><strong>curam</strong></span> <span class='ocrx_word' id='word_1_157' title='bbox 922 1998 1082 2059; x_wconf 86' lang='lat' dir='ltr'><strong>maximam</strong></span> <span class='ocrx_word' id='word_1_158' title='bbox 1110 2002 1176 2080; x_wconf 81' lang='lat' dir='ltr'><strong>egit</strong></span> 
     </span>
     <span class='ocr_line' id='line_1_26' title="bbox 170 2061 1173 2161; baseline 0.006 -21"><span class='ocrx_word' id='word_1_159' title='bbox 170 2061 331 2157; x_wconf 83' lang='lat' dir='ltr'><strong>1ideoque</strong></span> <span class='ocrx_word' id='word_1_160' title='bbox 358 2084 562 2160; x_wconf 84' lang='lat' dir='ltr'><strong>interrogatus</strong></span> <span class='ocrx_word' id='word_1_161' title='bbox 591 2084 734 2161; x_wconf 86' lang='lat' dir='ltr'><strong>quidnam</strong></span> <span class='ocrx_word' id='word_1_162' title='bbox 763 2086 843 2144; x_wconf 88' lang='lat' dir='ltr'><strong>esset</strong></span> <span class='ocrx_word' id='word_1_163' title='bbox 870 2084 902 2144; x_wconf 92' lang='lat' dir='ltr'><strong>in</strong></span> <span class='ocrx_word' id='word_1_164' title='bbox 924 2085 1051 2144; x_wconf 87' lang='lat' dir='ltr'><strong>dicendo</strong></span> <span class='ocrx_word' id='word_1_165' title='bbox 1073 2085 1173 2146; x_wconf 67' lang='lat' dir='ltr'><strong>effice</strong></span> 
     </span>
    </p>

    <p class='ocr_par' dir='ltr' id='par_1_12' title="bbox 203 2166 1174 2244">
     <span class='ocr_line' id='line_1_27' title="bbox 203 2166 1174 2244; baseline 0.004 -18"><span class='ocrx_word' id='word_1_166' title='bbox 203 2166 365 2244; x_wconf 87' lang='lat' dir='ltr'><strong>eissimum‚</strong></span> <span class='ocrx_word' id='word_1_167' title='bbox 388 2167 572 2244; x_wconf 87' lang='lat' dir='ltr'><strong>hypocrisim</strong></span> <span class='ocrx_word' id='word_1_168' title='bbox 593 2168 759 2244; x_wconf 89' lang='lat' dir='ltr'><strong>respondit.</strong></span> <span class='ocrx_word' id='word_1_169' title='bbox 793 2169 893 2244; x_wconf 90' lang='lat' dir='ltr'><strong>itaque</strong></span> <span class='ocrx_word' id='word_1_170' title='bbox 907 2169 1078 2242; x_wconf 88' lang='lat' dir='ltr'><strong>Aeschines,</strong></span> <span class='ocrx_word' id='word_1_171' title='bbox 1102 2188 1174 2230; x_wconf 89' lang='lat' dir='ltr'><strong>oum</strong></span> 
     </span>
    </p>

    <p class='ocr_par' dir='ltr' id='par_1_13' title="bbox 202 2251 1280 2651">
     <span class='ocr_line' id='line_1_28' title="bbox 203 2251 1175 2330; baseline 0.007 -21"><span class='ocrx_word' id='word_1_172' title='bbox 203 2253 326 2327; x_wconf 88' lang='lat' dir='ltr'><strong>propter</strong></span> <span class='ocrx_word' id='word_1_173' title='bbox 347 2251 518 2314; x_wconf 90' lang='lat' dir='ltr'><strong>iudicialem</strong></span> <span class='ocrx_word' id='word_1_174' title='bbox 540 2253 737 2330; x_wconf 86' lang='lat' dir='ltr'><strong>ignominiam</strong></span> <span class='ocrx_word' id='word_1_175' title='bbox 758 2252 871 2312; x_wconf 89' lang='lat' dir='ltr'><strong>relictis</strong></span> <span class='ocrx_word' id='word_1_176' title='bbox 885 2252 1014 2314; x_wconf 85' lang='lat' dir='ltr'><strong>Athenis</strong></span> <span class='ocrx_word' id='word_1_177' title='bbox 1033 2253 1175 2316; x_wconf 83' lang='lat' dir='ltr'><strong>Rhodum</strong></span> 
     </span>
     <span class='ocr_line' id='line_1_29' title="bbox 202 2335 1216 2415; baseline 0.002 -20"><span class='ocrx_word' id='word_1_178' title='bbox 202 2335 332 2412; x_wconf 89' lang='lat' dir='ltr'><strong>petisset</strong></span> <span class='ocrx_word' id='word_1_179' title='bbox 353 2339 442 2413; x_wconf 89' lang='lat' dir='ltr'><strong>atque</strong></span> <span class='ocrx_word' id='word_1_180' title='bbox 464 2337 507 2397; x_wconf 88' lang='lat' dir='ltr'><strong>ibi</strong></span> <span class='ocrx_word' id='word_1_181' title='bbox 529 2340 636 2415; x_wconf 79' lang='lat' dir='ltr'><strong>rogatu</strong></span> <span class='ocrx_word' id='word_1_182' title='bbox 658 2338 788 2398; x_wconf 86' lang='lat' dir='ltr'><strong>ciuitatis</strong></span> <span class='ocrx_word' id='word_1_183' title='bbox 811 2355 896 2398; x_wconf 89' lang='lat' dir='ltr'><strong>suam</strong></span> <span class='ocrx_word' id='word_1_184' title='bbox 917 2339 1002 2414; x_wconf 89' lang='lat' dir='ltr'><strong>prius</strong></span> <span class='ocrx_word' id='word_1_185' title='bbox 1024 2339 1056 2398; x_wconf 92' lang='lat' dir='ltr'><strong>in</strong></span> <span class='ocrx_word' id='word_1_186' title='bbox 1078 2337 1175 2400; x_wconf 83' lang='lat' dir='ltr'><strong>Ctesi·</strong></span> <span class='ocrx_word' id='word_1_187' title='bbox 1189 2355 1216 2397; x_wconf 80' lang='lat' dir='ltr'><strong>ss</strong></span> 
     </span>
     <span class='ocr_line' id='line_1_30' title="bbox 204 2421 1177 2500; baseline 0.004 -20"><span class='ocrx_word' id='word_1_188' title='bbox 204 2421 358 2500; x_wconf 89' lang='lat' dir='ltr'><strong>phontem,</strong></span> <span class='ocrx_word' id='word_1_189' title='bbox 383 2421 490 2482; x_wconf 89' lang='lat' dir='ltr'><strong>deinde</strong></span> <span class='ocrx_word' id='word_1_190' title='bbox 505 2422 715 2483; x_wconf 86' lang='lat' dir='ltr'><strong>Demosthenis</strong></span> <span class='ocrx_word' id='word_1_191' title='bbox 737 2441 792 2499; x_wconf 90' lang='lat' dir='ltr'><strong>pro</strong></span> <span class='ocrx_word' id='word_1_192' title='bbox 814 2422 919 2484; x_wconf 87' lang='lat' dir='ltr'><strong>eodem</strong></span> <span class='ocrx_word' id='word_1_193' title='bbox 941 2422 1107 2484; x_wconf 84' lang='lat' dir='ltr'><strong>orationem</strong></span> <span class='ocrx_word' id='word_1_194' title='bbox 1128 2444 1177 2485; x_wconf 90' lang='lat' dir='ltr'><strong>re·</strong></span> 
     </span>
     <span class='ocr_line' id='line_1_31' title="bbox 202 2506 1280 2585; baseline 0.005 -20"><span class='ocrx_word' id='word_1_195' title='bbox 202 2506 340 2580; x_wconf 87' lang='lat' dir='ltr'><strong>uitasset,</strong></span> <span class='ocrx_word' id='word_1_196' title='bbox 364 2506 583 2568; x_wconf 90' lang='lat' dir='ltr'><strong>admirantibus</strong></span> <span class='ocrx_word' id='word_1_197' title='bbox 606 2507 721 2568; x_wconf 89' lang='lat' dir='ltr'><strong>cunctis</strong></span> <span class='ocrx_word' id='word_1_198' title='bbox 745 2507 845 2585; x_wconf 83' lang='lat' dir='ltr'><strong>‘quid,</strong></span> <span class='ocrx_word' id='word_1_199' title='bbox 870 2509 912 2568; x_wconf 89' lang='lat' dir='ltr'><strong>si’</strong></span> <span class='ocrx_word' id='word_1_200' title='bbox 935 2507 1035 2584; x_wconf 89' lang='lat' dir='ltr'><strong>inquit</strong></span> <span class='ocrx_word' id='word_1_201' title='bbox 1057 2507 1177 2584; x_wconf 78' lang='lat' dir='ltr'><strong>‘ipsum</strong></span> <span class='ocrx_word' id='word_1_202' title='bbox 1279 2535 1280 2544; x_wconf 49' lang='lat'>¹</span> 
     </span>
     <span class='ocr_line' id='line_1_32' title="bbox 203 2589 401 2651; baseline -0.005 -1"><span class='ocrx_word' id='word_1_203' title='bbox 203 2589 401 2651; x_wconf 83' lang='lat' dir='ltr'><strong>audissetis?&#39;</strong></span> 
     </span>
    </p>
   </div>
   <div class='ocr_carea' id='block_1_7' title="bbox 459 2695 951 2799">
    <p class='ocr_par' dir='ltr' id='par_1_14' title="bbox 459 2695 1280 2808">
     <span class='ocr_line' id='line_1_33' title="bbox 459 2695 951 2799; baseline -0.006 -15"><span class='ocrx_word' id='word_1_204' title='bbox 459 2726 513 2784; x_wconf 84' lang='lat' dir='ltr'><strong>on</strong></span> <span class='ocrx_word' id='word_1_205' title='bbox 536 2725 723 2786; x_wconf 77' lang='lat' dir='ltr'><strong>nenncrv</strong></span> <span class='ocrx_word' id='word_1_206' title='bbox 744 2695 913 2790; x_wconf 76' lang='lat' dir='ltr'><strong>larmir.</strong></span> <span class='ocrx_word' id='word_1_207' title='bbox 948 2793 951 2799; x_wconf 61' lang='grc'><em>,</em></span> 
     </span>
    </p>
   </div>
   <div class='ocr_carea' id='block_1_8' title="bbox 150 2826 1280 3074">
    <p class='ocr_par' dir='ltr' id='par_1_15' title="bbox 150 2826 1280 3074">
     <span class='ocr_line' id='line_1_34' title="bbox 150 2826 1216 2904; baseline 0 -18"><span class='ocrx_word' id='word_1_208' title='bbox 150 2832 212 2902; x_wconf 86' lang='grc'><strong>11,1</strong></span> <span class='ocrx_word' id='word_1_209' title='bbox 272 2827 421 2904; x_wconf 85' lang='lat' dir='ltr'><strong>Sulpicius</strong></span> <span class='ocrx_word' id='word_1_210' title='bbox 444 2826 557 2903; x_wconf 83' lang='lat' dir='ltr'><strong>Gallus,</strong></span> <span class='ocrx_word' id='word_1_211' title='bbox 580 2829 669 2888; x_wconf 91' lang='lat' dir='ltr'><strong>homo</strong></span> <span class='ocrx_word' id='word_1_212' title='bbox 692 2827 834 2904; x_wconf 90' lang='lat' dir='ltr'><strong>eruditus,</strong></span> <span class='ocrx_word' id='word_1_213' title='bbox 858 2847 925 2890; x_wconf 89' lang='lat' dir='ltr'><strong>cum</strong></span> <span class='ocrx_word' id='word_1_214' title='bbox 944 2830 980 2890; x_wconf 86' lang='lat' dir='ltr'><strong>L.</strong></span> <span class='ocrx_word' id='word_1_215' title='bbox 1003 2829 1087 2889; x_wconf 88' lang='lat' dir='ltr'><strong>Pauli</strong></span> <span class='ocrx_word' id='word_1_216' title='bbox 1110 2831 1174 2890; x_wconf 91' lang='lat' dir='ltr'><strong>bel·</strong></span> <span class='ocrx_word' id='word_1_217' title='bbox 1188 2844 1216 2886; x_wconf 87' lang='lat' dir='ltr'><strong>eo</strong></span> 
     </span>
     <span class='ocr_line' id='line_1_35' title="bbox 206 2912 1175 2992; baseline 0.005 -20"><span class='ocrx_word' id='word_1_218' title='bbox 206 2913 269 2972; x_wconf 92' lang='lat' dir='ltr'><strong>lum</strong></span> <span class='ocrx_word' id='word_1_219' title='bbox 297 2912 439 2973; x_wconf 86' lang='lat' dir='ltr'><strong>aduersus</strong></span> <span class='ocrx_word' id='word_1_220' title='bbox 462 2912 574 2973; x_wconf 88' lang='lat' dir='ltr'><strong>Persen</strong></span> <span class='ocrx_word' id='word_1_221' title='bbox 604 2932 705 2990; x_wconf 82' lang='lat' dir='ltr'><strong>regem</strong></span> <span class='ocrx_word' id='word_1_222' title='bbox 732 2914 865 2990; x_wconf 82' lang='lat' dir='ltr'><strong>gerentis</strong></span> <span class='ocrx_word' id='word_1_223' title='bbox 892 2915 1009 2992; x_wconf 87' lang='lat' dir='ltr'><strong>legatus</strong></span> <span class='ocrx_word' id='word_1_224' title='bbox 1037 2918 1175 2978; x_wconf 82' lang='lat' dir='ltr'><strong>essetne</strong></span> 
     </span>
     <span class='ocr_line' id='line_1_36' title="bbox 206 2996 1280 3074; baseline 0.006 -18"><span class='ocrx_word' id='word_1_225' title='bbox 206 3015 310 3058; x_wconf 72' lang='lat' dir='ltr'><strong>serena</strong></span> <span class='ocrx_word' id='word_1_226' title='bbox 331 3000 419 3057; x_wconf 90' lang='lat' dir='ltr'><strong>nocte</strong></span> <span class='ocrx_word' id='word_1_227' title='bbox 441 2997 541 3056; x_wconf 86' lang='lat' dir='ltr'><strong>subito</strong></span> <span class='ocrx_word' id='word_1_228' title='bbox 564 2997 635 3056; x_wconf 85' lang='lat' dir='ltr'><strong>luna</strong></span> <span class='ocrx_word' id='word_1_229' title='bbox 656 2996 822 3072; x_wconf 88' lang='lat' dir='ltr'><strong>defecisset,</strong></span> <span class='ocrx_word' id='word_1_230' title='bbox 845 2999 969 3058; x_wconf 87' lang='lat' dir='ltr'><strong>territus</strong></span> <span class='ocrx_word' id='word_1_231' title='bbox 981 2999 1073 3074; x_wconf 64' lang='lat' dir='ltr'><strong>vuelut</strong></span> <span class='ocrx_word' id='word_1_232' title='bbox 1085 3019 1174 3061; x_wconf 91' lang='lat' dir='ltr'><strong>mon·</strong></span> <span class='ocrx_word' id='word_1_233' title='bbox 1279 2997 1280 3002; x_wconf 65' lang='grc'>’</span> 
     </span>
    </p>
   </div>
   <div class='ocr_carea' id='block_1_9' title="bbox 203 3082 1174 3242">
    <p class='ocr_par' dir='ltr' id='par_1_16' title="bbox 203 3082 1174 3242">
     <span class='ocr_line' id='line_1_37' title="bbox 205 3082 1174 3157; baseline 0.005 -17"><span class='ocrx_word' id='word_1_234' title='bbox 205 3085 267 3143; x_wconf 89' lang='lat' dir='ltr'><strong>stro</strong></span> <span class='ocrx_word' id='word_1_235' title='bbox 290 3100 357 3142; x_wconf 90' lang='lat' dir='ltr'><strong>oum</strong></span> <span class='ocrx_word' id='word_1_236' title='bbox 380 3084 516 3157; x_wconf 88' lang='lat' dir='ltr'><strong>stuperet</strong></span> <span class='ocrx_word' id='word_1_237' title='bbox 537 3083 694 3156; x_wconf 85' lang='lat' dir='ltr'><strong>exercitus,</strong></span> <span class='ocrx_word' id='word_1_238' title='bbox 717 3082 753 3142; x_wconf 91' lang='lat' dir='ltr'><strong>de</strong></span> <span class='ocrx_word' id='word_1_239' title='bbox 776 3082 849 3144; x_wconf 87' lang='lat' dir='ltr'><strong>caeli</strong></span> <span class='ocrx_word' id='word_1_240' title='bbox 862 3084 979 3144; x_wconf 83' lang='lat' dir='ltr'><strong>ratione</strong></span> <span class='ocrx_word' id='word_1_241' title='bbox 994 3087 1025 3144; x_wconf 93' lang='lat' dir='ltr'><strong>et</strong></span> <span class='ocrx_word' id='word_1_242' title='bbox 1039 3084 1174 3146; x_wconf 90' lang='lat' dir='ltr'><strong>siderum</strong></span> 
     </span>
     <span class='ocr_line' id='line_1_38' title="bbox 203 3167 979 3242; baseline 0.003 -17"><span class='ocrx_word' id='word_1_243' title='bbox 203 3169 313 3226; x_wconf 87' lang='lat' dir='ltr'><strong>natura</strong></span> <span class='ocrx_word' id='word_1_244' title='bbox 334 3167 516 3242; x_wconf 88' lang='lat' dir='ltr'><strong>disputando</strong></span> <span class='ocrx_word' id='word_1_245' title='bbox 539 3167 667 3228; x_wconf 86' lang='lat' dir='ltr'><strong>alacrem</strong></span> <span class='ocrx_word' id='word_1_246' title='bbox 689 3167 721 3227; x_wconf 92' lang='lat' dir='ltr'><strong>in</strong></span> <span class='ocrx_word' id='word_1_247' title='bbox 742 3168 835 3228; x_wconf 89' lang='lat' dir='ltr'><strong>aciem</strong></span> <span class='ocrx_word' id='word_1_248' title='bbox 856 3168 979 3227; x_wconf 90' lang='lat' dir='ltr'><strong>dimisit.</strong></span> 
     </span>
    </p>
   </div>
   <div class='ocr_carea' id='block_1_10' title="bbox 201 3325 1173 3476">
    <p class='ocr_par' dir='ltr' id='par_1_17' title="bbox 201 3325 1173 3476">
     <span class='ocr_line' id='line_1_39' title="bbox 272 3325 1173 3402; baseline 0.009 -22"><span class='ocrx_word' id='word_1_249' title='bbox 272 3333 284 3381; x_wconf 91' lang='lat' dir='ltr'><strong>l</strong></span> <span class='ocrx_word' id='word_1_250' title='bbox 303 3325 444 3382; x_wconf 86' lang='lat' dir='ltr'><strong>Pisistrati</strong></span> <span class='ocrx_word' id='word_1_251' title='bbox 463 3331 514 3386; x_wconf 74' lang='lat' dir='ltr'><strong>est,</strong></span> <span class='ocrx_word' id='word_1_252' title='bbox 535 3329 650 3396; x_wconf 60' lang='lat' dir='ltr'><strong>Gener,</strong></span> <span class='ocrx_word' id='word_1_253' title='bbox 667 3329 815 3396; x_wconf 84' lang='lat' dir='ltr'><strong>Pisistrati,</strong></span> <span class='ocrx_word' id='word_1_254' title='bbox 836 3332 865 3384; x_wconf 89' lang='lat' dir='ltr'><strong>ct</strong></span> <span class='ocrx_word' id='word_1_255' title='bbox 882 3331 941 3386; x_wconf 84' lang='lat' dir='ltr'><strong>cod.</strong></span> <span class='ocrx_word' id='word_1_256' title='bbox 954 3331 1042 3392; x_wconf 85' lang='lat' dir='ltr'><strong>Halm</strong></span> <span class='ocrx_word' id='word_1_257' title='bbox 1054 3333 1093 3402; x_wconf 85' lang='lat' dir='ltr'><strong>l3</strong></span> <span class='ocrx_word' id='word_1_258' title='bbox 1111 3347 1173 3388; x_wconf 80' lang='lat' dir='ltr'><strong>ma·</strong></span> 
     </span>
     <span class='ocr_line' id='line_1_40' title="bbox 201 3392 1172 3476; baseline 0.01 -32"><span class='ocrx_word' id='word_1_259' title='bbox 201 3392 269 3470; x_wconf 67' lang='lat' dir='ltr'><strong>lael}</strong></span> <span class='ocrx_word' id='word_1_260' title='bbox 284 3398 314 3446; x_wconf 80' lang='lat'><strong>12</strong></span> <span class='ocrx_word' id='word_1_261' title='bbox 331 3394 487 3450; x_wconf 86' lang='lat' dir='ltr'><strong>laborando</strong></span> <span class='ocrx_word' id='word_1_262' title='bbox 494 3397 511 3476; x_wconf 79' lang='grc' dir='ltr'><strong>ΙΙΙ</strong></span> <span class='ocrx_word' id='word_1_263' title='bbox 525 3402 557 3451; x_wconf 86' lang='lat'><strong>14</strong></span> <span class='ocrx_word' id='word_1_264' title='bbox 575 3397 677 3452; x_wconf 89' lang='lat' dir='ltr'><strong>ostium</strong></span> <span class='ocrx_word' id='word_1_265' title='bbox 695 3413 729 3452; x_wconf 88' lang='lat' dir='ltr'><strong>m.</strong></span> <span class='ocrx_word' id='word_1_266' title='bbox 743 3403 760 3452; x_wconf 91' lang='lat'><strong><em>1</em></strong></span> <span class='ocrx_word' id='word_1_267' title='bbox 773 3400 783 3467; x_wconf 73' lang='lat' dir='ltr'><strong>{l</strong></span> <span class='ocrx_word' id='word_1_268' title='bbox 795 3399 877 3452; x_wconf 85' lang='lat' dir='ltr'><strong>immo</strong></span> <span class='ocrx_word' id='word_1_269' title='bbox 895 3414 993 3454; x_wconf 87' lang='lat' dir='ltr'><strong>causas</strong></span> <span class='ocrx_word' id='word_1_270' title='bbox 1006 3400 1016 3468; x_wconf 75' lang='grc' dir='ltr'><strong>ΙῙ</strong></span> <span class='ocrx_word' id='word_1_271' title='bbox 1029 3405 1061 3454; x_wconf 81' lang='lat'><strong>20</strong></span> <span class='ocrx_word' id='word_1_272' title='bbox 1078 3398 1172 3472; x_wconf 83' lang='lat' dir='ltr'><strong>istud]</strong></span> 
     </span>
    </p>
   </div>
   <div class='ocr_carea' id='block_1_11' title="bbox 200 3457 1173 3594">
    <p class='ocr_par' dir='ltr' id='par_1_18' title="bbox 200 3457 1173 3594">
     <span class='ocr_line' id='line_1_41' title="bbox 200 3457 1173 3536; baseline 0.014 -27"><span class='ocrx_word' id='word_1_273' title='bbox 200 3457 243 3534; x_wconf 74' lang='lat' dir='ltr'><strong>his</strong></span> <span class='ocrx_word' id='word_1_274' title='bbox 260 3459 317 3524; x_wconf 86' lang='lat' dir='ltr'><strong>nid,</strong></span> <span class='ocrx_word' id='word_1_275' title='bbox 335 3461 384 3515; x_wconf 86' lang='lat' dir='ltr'><strong>eed</strong></span> <span class='ocrx_word' id='word_1_276' title='bbox 401 3478 469 3519; x_wconf 84' lang='lat' dir='ltr'><strong>corr.</strong></span> <span class='ocrx_word' id='word_1_277' title='bbox 487 3481 519 3518; x_wconf 82' lang='lat' dir='ltr'><strong>m</strong></span> <span class='ocrx_word' id='word_1_278' title='bbox 537 3479 622 3534; x_wconf 77' lang='lat' dir='ltr'><strong>marp.</strong></span> <span class='ocrx_word' id='word_1_279' title='bbox 637 3465 647 3534; x_wconf 90' lang='lat' dir='ltr'><strong>l</strong></span> <span class='ocrx_word' id='word_1_280' title='bbox 659 3465 714 3518; x_wconf 90' lang='lat' dir='ltr'><strong>nisi</strong></span> <span class='ocrx_word' id='word_1_281' title='bbox 725 3481 758 3520; x_wconf 83' lang='lat' dir='ltr'><strong>m.</strong></span> <span class='ocrx_word' id='word_1_282' title='bbox 772 3468 801 3534; x_wconf 79' lang='lat'><strong>2,</strong></span> <span class='ocrx_word' id='word_1_283' title='bbox 821 3465 988 3536; x_wconf 75' lang='lat' dir='ltr'><strong>sim.1n25</strong></span> <span class='ocrx_word' id='word_1_284' title='bbox 1006 3481 1072 3522; x_wconf 88' lang='lat' dir='ltr'><strong>suae</strong></span> <span class='ocrx_word' id='word_1_285' title='bbox 1085 3467 1095 3536; x_wconf 80' lang='grc'><strong>[1</strong></span> <span class='ocrx_word' id='word_1_286' title='bbox 1108 3468 1173 3523; x_wconf 87' lang='lat' dir='ltr'><strong>the·</strong></span> 
     </span>
     <span class='ocr_line' id='line_1_42' title="bbox 200 3523 508 3594; baseline 0.029 -20"><span class='ocrx_word' id='word_1_287' title='bbox 200 3523 359 3589; x_wconf 85' lang='lat' dir='ltr'><strong>erphontem</strong></span> <span class='ocrx_word' id='word_1_288' title='bbox 372 3528 382 3594; x_wconf 90' lang='grc' dir='ltr'><strong>ΙΙ</strong></span> <span class='ocrx_word' id='word_1_289' title='bbox 395 3535 427 3582; x_wconf 82' lang='lat'><strong>32</strong></span> <span class='ocrx_word' id='word_1_290' title='bbox 446 3545 508 3584; x_wconf 88' lang='lat' dir='ltr'><strong>sera</strong></span> 
     </span>
    </p>
   </div>
   <div class='ocr_carea' id='block_1_12' title="bbox 0 0 1286 3950">
    <p class='ocr_par' dir='ltr' id='par_1_19' title="bbox 0 0 1286 3950">
     <span class='ocr_line' id='line_1_43' title="bbox 0 0 1286 3950; baseline 0 0"><span class='ocrx_word' id='word_1_291' title='bbox 0 0 1286 3950; x_wconf 95' lang='lat' dir='ltr'><strong> </strong></span> 
     </span>
    </p>
   </div>
  </div>
 </body>
</html>
