2590 3948
501 148 720 206 PRAEFATIO.
1042 151 1094 206 XV

124 308 230 374 codici
253 305 413 375 Bernensi
434 302 584 388 praefixis
612 307 645 367 et
672 303 708 367 in
730 304 864 369 extremi
896 302 968 368 folii
1000 309 1093 388 perte

122 417 162 460 ea
186 391 333 477 exemplo
353 388 452 474 primi
471 388 555 469 libri,
578 407 660 472 quae
681 388 717 452 in
739 388 888 453 omnibus
903 387 1024 454 Valerii
1040 410 1093 455 eo·

122 478 250 544 dicibus
272 477 440 560 perierunt
461 478 495 538 et
514 472 596 570 illud
618 471 732 536 decimi
754 473 808 620 pui
830 474 1003 572 putabatur
1017 474 1092 572 libri

121 563 346 661 fragmentum
369 559 409 624 de
431 577 702 654 praenommeuex
715 577 753 621 eo
776 578 826 621 em
843 557 966 656 Paridis
982 558 1091 625 codice

122 646 291 810 slidliitidit,
313 641 1091 824 gelfbdecpupppssrppppipsspqnplalffiappe&

123 820 223 913 atque
246 835 328 896 eam,
353 833 434 910 quae
449 809 643 908 marginalia
664 809 961 909 illanaddrlamenta
982 833 1050 876 non
1072 836 1089 878 e

119 899 257 1067 itti?
268 893 965 1077 ,tietmareilliceretur
982 917 1091 1048 site

117 1069 177 1134 illa
191 1068 358 1150 utriusque
372 1066 501 1151 generis
516 1063 735 1162 additamenta
750 1065 791 1128 ab
806 1065 917 1164 eodem
932 1065 1088 1151 scriptore

118 1174 191 1218 esse
215 1173 254 1237 pr
273 1151 358 1216 fecta
381 1149 486 1215 elucet
507 1170 580 1213 cum
596 1169 635 1213 ex
649 1149 772 1232 reliqua
787 1153 965 1233 scripturae
983 1153 1088 1234 specie

26 1273 28 1282 ι
116 1258 185 1302 non
207 1236 378 1301 admodum
403 1233 551 1298 dissimili
572 1233 745 1316 primariae
766 1237 834 1299 tum
857 1256 897 1298 ex
912 1235 1086 1302 multarum

116 1322 318 1403 litterarum,
344 1319 434 1384 uelut
453 1340 489 1402 9,
517 1323 560 1399 st,
588 1337 624 1400 p,
649 1343 672 1396 p
702 1321 735 1382 et
768 1319 904 1386 aliorum
935 1341 1087 1404 compen·

117 1405 245 1470 diorum
267 1405 365 1470 ductu
387 1404 486 1488 plane
508 1403 635 1467 diuerso
663 1425 682 1466 a
708 1403 863 1486 primaria
890 1426 1006 1488 mauu,
1030 1406 1086 1470 sed

117 1490 284 1554 simillimo
313 1487 366 1552 uel
393 1488 500 1571 potius
529 1506 661 1571 prorsus
689 1486 798 1552 eodem
833 1488 869 1552 in
902 1489 966 1553 illis
997 1489 1085 1554 addi·

116 1575 280 1642 tamentis.
303 1574 411 1656 itaque
432 1592 474 1636 ne
496 1572 532 1635 in
553 1570 615 1635 hac
637 1571 766 1654 quidem
788 1572 887 1636 officii
909 1573 972 1637 mei
983 1578 1084 1657 ‘parte

113 1659 233 1724 inutile
251 1657 351 1722 fuisse
368 1660 445 1740 puto
462 1655 603 1721 codicem
620 1655 711 1720 illum
727 1657 833 1721 denuo
848 1658 1085 1723 accuratissime

114 1743 311 1806 examinare.
917 1749 920 1756 '

179 1825 312 1890 Praetor
334 1845 387 1890 eas
410 1827 516 1889 antem
539 1823 791 1906 emendationes,
816 1846 896 1909 quas
923 1847 941 1890 e
968 1826 1083 1892 Paride

114 1911 290 1976 translatas
314 1931 382 1974 esse
405 1908 480 1987 dixi,
504 1929 682 1992 perpaucae
704 1914 886 1993 supersunt,
909 1912 944 1975 in
967 1911 1083 1995 quibus

111 1995 274 2060 dubitatio
297 1993 454 2078 quaedam
482 1994 670 2058 admittatur
696 1997 804 2058 utrum
833 1995 942 2060 statim
969 2018 989 2060 a
1015 1997 1082 2079 pri·

110 2081 217 2145 mario
240 2080 394 2163 scriptore
411 2078 477 2142 sint
489 2077 594 2142 factae
615 2099 656 2142 cn
677 2079 734 2142 alii
748 2077 878 2144 librario
895 2078 1081 2164 debeantur,

111 2185 293 2249 perpaucae
320 2166 448 2247 praeter
474 2162 554 2226 illud
582 2161 837 2228 additamentum
862 2164 892 2247 1,
917 2165 944 2229 1.
974 2168 1037 2230 ext·
1060 2166 1083 2229 4

112 2257 122 2327 (
149 2300 156 2313 .
174 2249 226 2324 13,
242 2247 287 2395 lp,
333 2247 396 2312 uod
411 2246 558 2311 Halmius
576 2247 688 2330 (praef.
704 2271 735 2332 p.
754 2246 830 2330 VII)
854 2252 940 2314 recte
955 2248 1080 2314 homini

144 2332 192 2397 lll
220 2354 262 2396 ue
334 2331 399 2395 llll
427 2331 545 2396 saeculi
575 2332 704 2417 tribuit,
741 2352 822 2416 quae
851 2354 869 2397 a
901 2335 1081 2400 recentiore

108 2417 269 2500 scriptore
297 2415 460 2499 profectae
488 2415 677 2498 uideantur,
708 2418 823 2501 quibus
854 2418 889 2482 in
923 2422 1080 2502 apparatu

107 2523 182 2566 meo
206 2503 318 2566 notam
340 2521 381 2565 m.
405 2504 427 2564 3
449 2501 591 2584 apposui,
638 2501 692 2566 sed
721 2522 832 2566 earum
859 2502 950 2568 nulla
973 2507 1080 2570 aucto·

107 2586 189 2650 ritas
213 2590 272 2650 est.

26 2733 27 2752 ,
172 2669 296 2734 Eadem
329 2671 452 2752 autem,
489 2690 570 2753 quae
605 2669 643 2734 de
676 2670 738 2734 fide
772 2670 963 2737 Halmianae
1002 2673 1077 2738 libri

26 2755 27 2764 ’
107 2753 284 2820 Beruensis
301 2753 466 2818 collationi
482 2753 632 2818 habenda
646 2754 727 2818 mihi
742 2756 911 2820 uidebatur
926 2757 1076 2840 suspicio,

106 2841 145 2904 de
167 2838 294 2904 Paridis
318 2858 444 2922 quoque
467 2839 586 2903 codicis
602 2839 756 2905 Vaticani
777 2843 936 2924 scriptura
957 2863 996 2905 ex
1011 2842 1076 2906 edi-

26 2939 32 2962 *
105 2924 196 2988 tione
219 2922 366 3006 principe
395 2927 429 2987 in
451 2921 575 2987 Halmii
601 2924 782 3008 exemplum
808 2928 968 2991 translata
989 2930 1076 2991 motu

104 3012 167 3073 est:
190 3007 481 3072 animaduerteram
504 3009 591 3073 enirn
613 3011 777 3094 Angelum
799 3008 920 3075 Maium
942 3013 988 3074 ita
1008 3011 1074 3094 ple-

104 3114 242 3178 rumque
280 3095 441 3157 uersatum
479 3114 548 3158 esee
585 3094 619 3158 in
657 3096 873 3160 describendis
909 3097 1074 3161 ueteribus

26 3193 27 3196 ’
103 3178 204 3257 libris,
228 3180 266 3241 ut
289 3199 369 3260 quae
392 3178 421 3242 ei
444 3199 522 3243 sana
541 3200 609 3243 non
637 3179 823 3245 uiderentur
845 3181 885 3244 ad
908 3203 999 3246 suum
1023 3203 1073 3246 ar·

102 3263 237 3328 bitrium
258 3261 377 3327 tacitus
400 3262 583 3348 corrigeret.
621 3265 729 3349 itaque
752 3267 871 3330 multos
894 3271 927 3332 et
948 3267 1071 3353 grauis-

102 3349 199 3414 simos
233 3366 356 3411 errores
384 3347 452 3411 eius
480 3369 553 3412 cum
582 3348 753 3414 detexisset
786 3350 825 3414 G.
849 3351 890 3419 N.
918 3352 960 3416 du
988 3351 1070 3417 Rieu

26 3471 27 3476 κ
101 3433 136 3496 in
157 3432 267 3498 sched.
283 3429 358 3496 Vat.
384 3431 501 3516 (Lugd.
519 3432 590 3498 Bet.
613 3435 695 3499 1860
710 3458 764 3519 pp.
782 3437 843 3501 164
858 3441 891 3502 et
904 3437 991 3523 260),
1016 3439 1071 3520 qui

30 3579 39 3596 ,
101 3516 226 3582 Paridis
250 3519 282 3580 et
304 3515 480 3602 Nepotiani
504 3518 626 3582 codices
649 3521 847 3602 inspexerat,
876 3521 1072 3585 factumest
