<?xml version="1.0" encoding="UTF-8"?>
<!DOCTYPE html PUBLIC "-//W3C//DTD XHTML 1.0 Transitional//EN"
    "http://www.w3.org/TR/xhtml1/DTD/xhtml1-transitional.dtd">
<html xmlns="http://www.w3.org/1999/xhtml" xml:lang="en" lang="en">
 <head>
  <title>
</title>
<meta http-equiv="Content-Type" content="text/html;charset=utf-8" />
  <meta name='ocr-system' content='tesseract 3.04.00' />
  <meta name='ocr-capabilities' content='ocr_page ocr_carea ocr_par ocr_line ocrx_word'/>
</head>
<body>
  <div class='ocr_page' id='page_1' title='image "./valeriimaximifa00nepogoog_0210.png"; bbox 0 0 2604 3960; ppageno 0'>
   <div class='ocr_carea' id='block_1_1' title="bbox 479 170 1099 240">
    <p class='ocr_par' dir='ltr' id='par_1_1' title="bbox 479 170 1099 240">
     <span class='ocr_line' id='line_1_1' title="bbox 479 170 1099 240; baseline -0.003 -14"><span class='ocrx_word' id='word_1_1' title='bbox 479 170 556 226; x_wconf 77' lang='lat' dir='ltr'><strong>cna.</strong></span> <span class='ocrx_word' id='word_1_2' title='bbox 577 171 597 236; x_wconf 91' lang='lat'><strong>1,</strong></span> <span class='ocrx_word' id='word_1_3' title='bbox 618 175 632 236; x_wconf 71' lang='lat' dir='ltr'><strong>s</strong></span> <span class='ocrx_word' id='word_1_4' title='bbox 652 176 760 224; x_wconf 79' lang='lat'>11—14.</span> <span class='ocrx_word' id='word_1_5' title='bbox 1038 171 1099 240; x_wconf 85' lang='lat'><strong>169</strong></span> 
     </span>
    </p>
   </div>
   <div class='ocr_carea' id='block_1_2' title="bbox 129 323 1098 411">
    <p class='ocr_par' dir='ltr' id='par_1_2' title="bbox 129 323 1098 411">
     <span class='ocr_line' id='line_1_2' title="bbox 129 323 1098 411; baseline 0 -21"><span class='ocrx_word' id='word_1_6' title='bbox 129 325 314 411; x_wconf 90' lang='lat' dir='ltr'><strong>principem</strong></span> <span class='ocrx_word' id='word_1_7' title='bbox 336 327 369 388; x_wconf 90' lang='lat' dir='ltr'><strong>et</strong></span> <span class='ocrx_word' id='word_1_8' title='bbox 383 325 508 408; x_wconf 88' lang='lat' dir='ltr'><strong>qualem</strong></span> <span class='ocrx_word' id='word_1_9' title='bbox 524 323 658 388; x_wconf 89' lang='lat' dir='ltr'><strong>haberet</strong></span> <span class='ocrx_word' id='word_1_10' title='bbox 679 323 878 407; x_wconf 85' lang='lat' dir='ltr'><strong>recognouit.</strong></span> <span class='ocrx_word' id='word_1_11' title='bbox 916 323 1001 389; x_wconf 90' lang='lat' dir='ltr'><strong>idem</strong></span> <span class='ocrx_word' id='word_1_12' title='bbox 1016 325 1098 390; x_wconf 88' lang='lat' dir='ltr'><strong>filios</strong></span> 
     </span>
    </p>
   </div>
   <div class='ocr_carea' id='block_1_3' title="bbox 40 406 1125 1001">
    <p class='ocr_par' dir='ltr' id='par_1_3' title="bbox 40 406 1125 1001">
     <span class='ocr_line' id='line_1_3' title="bbox 130 406 1098 494; baseline 0.002 -20"><span class='ocrx_word' id='word_1_13' title='bbox 130 431 209 475; x_wconf 90' lang='lat' dir='ltr'><strong>suos</strong></span> <span class='ocrx_word' id='word_1_14' title='bbox 224 409 350 474; x_wconf 92' lang='lat' dir='ltr'><strong>monuit</strong></span> <span class='ocrx_word' id='word_1_15' title='bbox 364 414 401 473; x_wconf 88' lang='lat' dir='ltr'><strong>ut</strong></span> <span class='ocrx_word' id='word_1_16' title='bbox 414 407 542 480; x_wconf 86' lang='lat' dir='ltr'>funebri</span> <span class='ocrx_word' id='word_1_17' title='bbox 558 409 625 472; x_wconf 89' lang='lat' dir='ltr'><strong>eius</strong></span> <span class='ocrx_word' id='word_1_18' title='bbox 645 407 728 471; x_wconf 86' lang='lat' dir='ltr'><strong>lecto</strong></span> <span class='ocrx_word' id='word_1_19' title='bbox 743 406 892 472; x_wconf 78' lang='lat' dir='ltr'><strong>humeros</strong></span> <span class='ocrx_word' id='word_1_20' title='bbox 907 409 1098 494; x_wconf 76' lang='lat' dir='ltr'><strong>subicerent,</strong></span> 
     </span>
     <span class='ocr_line' id='line_1_4' title="bbox 40 490 1097 578; baseline -0.001 -19"><span class='ocrx_word' id='word_1_21' title='bbox 40 502 57 523; x_wconf 84' lang='lat'><em>⁰</em></span> <span class='ocrx_word' id='word_1_22' title='bbox 131 499 231 578; x_wconf 89' lang='lat' dir='ltr'><strong>atque</strong></span> <span class='ocrx_word' id='word_1_23' title='bbox 249 493 325 559; x_wconf 89' lang='lat' dir='ltr'><strong>huic</strong></span> <span class='ocrx_word' id='word_1_24' title='bbox 347 493 554 576; x_wconf 80' lang='lat' dir='ltr'><strong>exequiarum</strong></span> <span class='ocrx_word' id='word_1_25' title='bbox 575 492 668 557; x_wconf 90' lang='lat' dir='ltr'><strong>illurn</strong></span> <span class='ocrx_word' id='word_1_26' title='bbox 683 490 837 556; x_wconf 88' lang='lat' dir='ltr'><strong>honorem</strong></span> <span class='ocrx_word' id='word_1_27' title='bbox 860 495 949 558; x_wconf 89' lang='lat' dir='ltr'><strong>uocis</strong></span> <span class='ocrx_word' id='word_1_28' title='bbox 971 494 1097 576; x_wconf 88' lang='lat' dir='ltr'><strong>adiecit,</strong></span> 
     </span>
     <span class='ocr_line' id='line_1_5' title="bbox 129 575 1097 661; baseline 0.001 -17"><span class='ocrx_word' id='word_1_29' title='bbox 129 601 201 646; x_wconf 88' lang='lat' dir='ltr'><strong>non</strong></span> <span class='ocrx_word' id='word_1_30' title='bbox 222 578 294 644; x_wconf 88' lang='lat' dir='ltr'><strong>fore</strong></span> <span class='ocrx_word' id='word_1_31' title='bbox 315 583 352 642; x_wconf 88' lang='lat' dir='ltr'><strong>ut</strong></span> <span class='ocrx_word' id='word_1_32' title='bbox 373 581 486 661; x_wconf 90' lang='lat' dir='ltr'><strong>postea</strong></span> <span class='ocrx_word' id='word_1_33' title='bbox 507 577 539 640; x_wconf 89' lang='lat' dir='ltr'><strong>id</strong></span> <span class='ocrx_word' id='word_1_34' title='bbox 563 575 704 643; x_wconf 86' lang='lat' dir='ltr'><strong>officium</strong></span> <span class='ocrx_word' id='word_1_35' title='bbox 725 578 767 640; x_wconf 91' lang='lat' dir='ltr'><strong>ab</strong></span> <span class='ocrx_word' id='word_1_36' title='bbox 793 576 858 642; x_wconf 90' lang='lat' dir='ltr'><strong>illis</strong></span> <span class='ocrx_word' id='word_1_37' title='bbox 886 578 998 642; x_wconf 88' lang='lat' dir='ltr'><strong>maiori</strong></span> <span class='ocrx_word' id='word_1_38' title='bbox 1026 580 1097 646; x_wconf 93' lang='lat' dir='ltr'><strong>uiro</strong></span> 
     </span>
     <span class='ocr_line' id='line_1_6' title="bbox 127 660 1125 750; baseline -0.006 -22"><span class='ocrx_word' id='word_1_39' title='bbox 127 664 286 750; x_wconf 88' lang='lat' dir='ltr'><strong>praestari</strong></span> <span class='ocrx_word' id='word_1_40' title='bbox 310 667 427 746; x_wconf 86' lang='lat' dir='ltr'><strong>posset.</strong></span> <span class='ocrx_word' id='word_1_41' title='bbox 473 662 529 726; x_wconf 90' lang='lat' dir='ltr'><strong>ubi</strong></span> <span class='ocrx_word' id='word_1_42' title='bbox 551 661 608 726; x_wconf 93' lang='lat' dir='ltr'><strong>illa</strong></span> <span class='ocrx_word' id='word_1_43' title='bbox 629 664 678 728; x_wconf 89' lang='lat' dir='ltr'><strong>tot</strong></span> <span class='ocrx_word' id='word_1_44' title='bbox 702 660 738 726; x_wconf 92' lang='lat' dir='ltr'><strong>in</strong></span> <span class='ocrx_word' id='word_1_45' title='bbox 767 661 856 726; x_wconf 90' lang='lat' dir='ltr'><strong>curia</strong></span> <span class='ocrx_word' id='word_1_46' title='bbox 882 661 1012 747; x_wconf 80' lang='lat' dir='ltr'><strong>iurgia?</strong></span> <span class='ocrx_word' id='word_1_47' title='bbox 1041 664 1125 730; x_wconf 80' lang='lat' dir='ltr'><strong>ubis</strong></span> 
     </span>
     <span class='ocr_line' id='line_1_7' title="bbox 128 745 1098 894; baseline 0.001 -82"><span class='ocrx_word' id='word_1_48' title='bbox 128 754 181 814; x_wconf 91' lang='lat' dir='ltr'><strong>tot</strong></span> <span class='ocrx_word' id='word_1_49' title='bbox 195 747 343 894; x_wconf 47' lang='lat' dir='ltr'><strong>[munall</strong></span> <span class='ocrx_word' id='word_1_50' title='bbox 357 747 540 830; x_wconf 89' lang='lat' dir='ltr'><strong>prorostris</strong></span> <span class='ocrx_word' id='word_1_51' title='bbox 555 745 799 812; x_wconf 80' lang='lat' dir='ltr'><strong>altercationes?</strong></span> <span class='ocrx_word' id='word_1_52' title='bbox 815 746 871 810; x_wconf 90' lang='lat' dir='ltr'><strong>ubi</strong></span> <span class='ocrx_word' id='word_1_53' title='bbox 886 747 1098 813; x_wconf 87' lang='lat' dir='ltr'><strong>maximorum</strong></span> 
     </span>
     <span class='ocr_line' id='line_1_8' title="bbox 129 830 1099 915; baseline 0.001 -18"><span class='ocrx_word' id='word_1_54' title='bbox 129 833 251 898; x_wconf 88' lang='lat' dir='ltr'><strong>oinium</strong></span> <span class='ocrx_word' id='word_1_55' title='bbox 273 834 306 896; x_wconf 93' lang='lat' dir='ltr'><strong>et</strong></span> <span class='ocrx_word' id='word_1_56' title='bbox 342 853 439 896; x_wconf 86' lang='lat' dir='ltr'><strong>neum</strong></span> <span class='ocrx_word' id='word_1_57' title='bbox 461 834 590 896; x_wconf 89' lang='lat' dir='ltr'><strong>tanturn</strong></span> <span class='ocrx_word' id='word_1_58' title='bbox 610 852 678 896; x_wconf 90' lang='lat' dir='ltr'><strong>non</strong></span> <span class='ocrx_word' id='word_1_59' title='bbox 693 833 805 915; x_wconf 83' lang='lat' dir='ltr'><strong>togata</strong></span> <span class='ocrx_word' id='word_1_60' title='bbox 819 830 966 915; x_wconf 85' lang='lat' dir='ltr'><strong>proelia?</strong></span> <span class='ocrx_word' id='word_1_61' title='bbox 989 833 1099 898; x_wconf 91' lang='lat' dir='ltr'><strong>omnia</strong></span> 
     </span>
     <span class='ocr_line' id='line_1_9' title="bbox 128 916 1099 1001; baseline 0 -19"><span class='ocrx_word' id='word_1_62' title='bbox 128 917 284 982; x_wconf 90' lang='lat' dir='ltr'><strong>nimirum</strong></span> <span class='ocrx_word' id='word_1_63' title='bbox 321 917 384 980; x_wconf 86' lang='lat' dir='ltr'><strong>ista</strong></span> <span class='ocrx_word' id='word_1_64' title='bbox 419 916 595 1000; x_wconf 85' lang='lat' dir='ltr'><strong>praecipua</strong></span> <span class='ocrx_word' id='word_1_65' title='bbox 630 916 839 981; x_wconf 88' lang='lat' dir='ltr'><strong>ueneratione</strong></span> <span class='ocrx_word' id='word_1_66' title='bbox 878 918 1099 1001; x_wconf 83' lang='lat' dir='ltr'><strong>prosequende</strong></span> 
     </span>
    </p>
   </div>
   <div class='ocr_carea' id='block_1_4' title="bbox 8 1001 461 1066">
    <p class='ocr_par' dir='ltr' id='par_1_4' title="bbox 8 1001 461 1066">
     <span class='ocr_line' id='line_1_10' title="bbox 8 1001 461 1066; baseline -0.002 1"><span class='ocrx_word' id='word_1_67' title='bbox 8 1027 12 1036; x_wconf 95' lang='lat'><em>·</em></span> <span class='ocrx_word' id='word_1_68' title='bbox 129 1002 252 1066; x_wconf 88' lang='lat' dir='ltr'><strong>deleuit</strong></span> <span class='ocrx_word' id='word_1_69' title='bbox 274 1001 461 1066; x_wconf 72' lang='lat' dir='ltr'><strong>moderatio.</strong></span> 
     </span>
    </p>
   </div>
   <div class='ocr_carea' id='block_1_5' title="bbox 129 1083 1139 2526">
    <p class='ocr_par' dir='ltr' id='par_1_5' title="bbox 129 1083 1138 1998">
     <span class='ocr_line' id='line_1_11' title="bbox 197 1083 1135 1169; baseline 0.002 -20"><span class='ocrx_word' id='word_1_70' title='bbox 197 1087 246 1151; x_wconf 90' lang='grc'><strong>13.</strong></span> <span class='ocrx_word' id='word_1_71' title='bbox 273 1084 464 1151; x_wconf 87' lang='lat' dir='ltr'><strong>Numidicus</strong></span> <span class='ocrx_word' id='word_1_72' title='bbox 485 1089 593 1150; x_wconf 88' lang='lat' dir='ltr'><strong>antem</strong></span> <span class='ocrx_word' id='word_1_73' title='bbox 616 1083 764 1150; x_wconf 80' lang='lat' dir='ltr'><strong>Metellus</strong></span> <span class='ocrx_word' id='word_1_74' title='bbox 785 1084 932 1169; x_wconf 89' lang='lat' dir='ltr'><strong>populari</strong></span> <span class='ocrx_word' id='word_1_75' title='bbox 952 1085 1096 1151; x_wconf 86' lang='lat' dir='ltr'><strong>factione</strong></span> <span class='ocrx_word' id='word_1_76' title='bbox 1109 1103 1135 1144; x_wconf 78' lang='lat'><strong>1⁰</strong></span> 
     </span>
     <span class='ocr_line' id='line_1_12' title="bbox 129 1169 1098 1255; baseline 0 -19"><span class='ocrx_word' id='word_1_77' title='bbox 129 1171 236 1255; x_wconf 87' lang='lat' dir='ltr'><strong>patria</strong></span> <span class='ocrx_word' id='word_1_78' title='bbox 278 1169 367 1234; x_wconf 84' lang='lat' dir='ltr'><strong>alsus</strong></span> <span class='ocrx_word' id='word_1_79' title='bbox 389 1170 423 1233; x_wconf 92' lang='lat' dir='ltr'><strong>in</strong></span> <span class='ocrx_word' id='word_1_80' title='bbox 440 1170 552 1234; x_wconf 86' lang='lat' dir='ltr'><strong>Asiam</strong></span> <span class='ocrx_word' id='word_1_81' title='bbox 574 1170 715 1233; x_wconf 86' lang='lat' dir='ltr'><strong>secessit.</strong></span> <span class='ocrx_word' id='word_1_82' title='bbox 751 1169 787 1234; x_wconf 93' lang='lat' dir='ltr'><strong>in</strong></span> <span class='ocrx_word' id='word_1_83' title='bbox 802 1191 866 1253; x_wconf 88' lang='lat' dir='ltr'><strong>qua</strong></span> <span class='ocrx_word' id='word_1_84' title='bbox 880 1191 952 1235; x_wconf 91' lang='lat' dir='ltr'><strong>cum</strong></span> <span class='ocrx_word' id='word_1_85' title='bbox 970 1173 999 1235; x_wconf 92' lang='lat' dir='ltr'><strong>ei</strong></span> <span class='ocrx_word' id='word_1_86' title='bbox 1014 1171 1098 1236; x_wconf 84' lang='lat' dir='ltr'><strong>forte</strong></span> 
     </span>
     <span class='ocr_line' id='line_1_13' title="bbox 130 1191 1097 1338; baseline 0 -18"><span class='ocrx_word' id='word_1_87' title='bbox 130 1255 224 1320; x_wconf 88' lang='lat' dir='ltr'><strong>ludos</strong></span> <span class='ocrx_word' id='word_1_88' title='bbox 255 1191 419 1320; x_wconf 73' lang='lat' dir='ltr'><strong>ll&#39;rallibus</strong></span> <span class='ocrx_word' id='word_1_89' title='bbox 451 1255 611 1338; x_wconf 77' lang='lat' dir='ltr'><strong>spectanti</strong></span> <span class='ocrx_word' id='word_1_90' title='bbox 644 1252 772 1319; x_wconf 83' lang='lat' dir='ltr'><strong>litterae</strong></span> <span class='ocrx_word' id='word_1_91' title='bbox 804 1254 946 1320; x_wconf 90' lang='lat' dir='ltr'><strong>redditae</strong></span> <span class='ocrx_word' id='word_1_92' title='bbox 980 1261 1097 1337; x_wconf 87' lang='lat' dir='ltr'><strong>essent,</strong></span> 
     </span>
     <span class='ocr_line' id='line_1_14' title="bbox 130 1339 1098 1424; baseline 0.004 -22"><span class='ocrx_word' id='word_1_93' title='bbox 130 1340 245 1424; x_wconf 89' lang='lat' dir='ltr'><strong>quibus</strong></span> <span class='ocrx_word' id='word_1_94' title='bbox 264 1341 420 1423; x_wconf 88' lang='lat' dir='ltr'><strong>scriptum</strong></span> <span class='ocrx_word' id='word_1_95' title='bbox 440 1344 509 1404; x_wconf 89' lang='lat' dir='ltr'><strong>crat</strong></span> <span class='ocrx_word' id='word_1_96' title='bbox 530 1339 668 1402; x_wconf 86' lang='lat' dir='ltr'><strong>maximo</strong></span> <span class='ocrx_word' id='word_1_97' title='bbox 691 1342 821 1403; x_wconf 90' lang='lat' dir='ltr'><strong>senatus</strong></span> <span class='ocrx_word' id='word_1_98' title='bbox 845 1344 877 1405; x_wconf 88' lang='lat' dir='ltr'><strong>et</strong></span> <span class='ocrx_word' id='word_1_99' title='bbox 889 1340 1003 1424; x_wconf 91' lang='lat' dir='ltr'><strong>populi</strong></span> <span class='ocrx_word' id='word_1_100' title='bbox 1025 1361 1098 1406; x_wconf 91' lang='lat' dir='ltr'><strong>con·</strong></span> 
     </span>
     <span class='ocr_line' id='line_1_15' title="bbox 130 1422 1098 1506; baseline 0.001 -17"><span class='ocrx_word' id='word_1_101' title='bbox 130 1445 227 1489; x_wconf 90' lang='lat' dir='ltr'><strong>sensu</strong></span> <span class='ocrx_word' id='word_1_102' title='bbox 248 1423 388 1488; x_wconf 90' lang='lat' dir='ltr'><strong>reditum</strong></span> <span class='ocrx_word' id='word_1_103' title='bbox 409 1424 458 1487; x_wconf 89' lang='lat' dir='ltr'><strong>illi</strong></span> <span class='ocrx_word' id='word_1_104' title='bbox 479 1425 514 1487; x_wconf 94' lang='lat' dir='ltr'><strong>in</strong></span> <span class='ocrx_word' id='word_1_105' title='bbox 541 1424 650 1487; x_wconf 88' lang='lat' dir='ltr'><strong>urbem</strong></span> <span class='ocrx_word' id='word_1_106' title='bbox 680 1422 806 1506; x_wconf 90' lang='lat' dir='ltr'><strong>datum,</strong></span> <span class='ocrx_word' id='word_1_107' title='bbox 836 1445 943 1489; x_wconf 90' lang='lat' dir='ltr'><strong>none</strong></span> <span class='ocrx_word' id='word_1_108' title='bbox 971 1424 1098 1490; x_wconf 90' lang='lat' dir='ltr'><strong>theatro</strong></span> 
     </span>
     <span class='ocr_line' id='line_1_16' title="bbox 129 1507 1136 1592; baseline 0.003 -20"><span class='ocrx_word' id='word_1_109' title='bbox 129 1509 219 1592; x_wconf 90' lang='lat' dir='ltr'><strong>prius</strong></span> <span class='ocrx_word' id='word_1_110' title='bbox 234 1508 315 1573; x_wconf 88' lang='lat' dir='ltr'><strong>abiit</strong></span> <span class='ocrx_word' id='word_1_111' title='bbox 329 1528 427 1592; x_wconf 88' lang='lat' dir='ltr'><strong>quam</strong></span> <span class='ocrx_word' id='word_1_112' title='bbox 441 1507 658 1591; x_wconf 80' lang='lat' dir='ltr'><strong>spectaculum</strong></span> <span class='ocrx_word' id='word_1_113' title='bbox 679 1507 834 1590; x_wconf 86' lang='lat' dir='ltr'><strong>ederetur,</strong></span> <span class='ocrx_word' id='word_1_114' title='bbox 857 1529 925 1572; x_wconf 91' lang='lat' dir='ltr'><strong>non</strong></span> <span class='ocrx_word' id='word_1_115' title='bbox 940 1509 1097 1574; x_wconf 77' lang='lat' dir='ltr'><strong>laetitiam</strong></span> <span class='ocrx_word' id='word_1_116' title='bbox 1111 1535 1136 1576; x_wconf 84' lang='lat' dir='ltr'><strong>rs</strong></span> 
     </span>
     <span class='ocr_line' id='line_1_17' title="bbox 131 1591 1098 1678; baseline -0.001 -20"><span class='ocrx_word' id='word_1_117' title='bbox 131 1614 224 1658; x_wconf 87' lang='lat' dir='ltr'><strong>suam</strong></span> <span class='ocrx_word' id='word_1_118' title='bbox 239 1594 385 1678; x_wconf 83' lang='lat' dir='ltr'><strong>proxime</strong></span> <span class='ocrx_word' id='word_1_119' title='bbox 400 1592 586 1658; x_wconf 88' lang='lat' dir='ltr'><strong>sedentibus</strong></span> <span class='ocrx_word' id='word_1_120' title='bbox 609 1591 676 1655; x_wconf 91' lang='lat' dir='ltr'><strong>ulla</strong></span> <span class='ocrx_word' id='word_1_121' title='bbox 698 1611 737 1655; x_wconf 88' lang='lat' dir='ltr'><strong>ex</strong></span> <span class='ocrx_word' id='word_1_122' title='bbox 750 1596 841 1675; x_wconf 89' lang='lat' dir='ltr'><strong>parte</strong></span> <span class='ocrx_word' id='word_1_123' title='bbox 857 1592 1019 1676; x_wconf 85' lang='lat' dir='ltr'><strong>patefecit,</strong></span> <span class='ocrx_word' id='word_1_124' title='bbox 1043 1595 1098 1658; x_wconf 90' lang='lat' dir='ltr'><strong>sed</strong></span> 
     </span>
     <span class='ocr_line' id='line_1_18' title="bbox 130 1675 1101 1763; baseline -0.001 -20"><span class='ocrx_word' id='word_1_125' title='bbox 130 1698 292 1743; x_wconf 86' lang='lat' dir='ltr'><strong>summum</strong></span> <span class='ocrx_word' id='word_1_126' title='bbox 313 1677 470 1763; x_wconf 85' lang='lat' dir='ltr'><strong>gaudium</strong></span> <span class='ocrx_word' id='word_1_127' title='bbox 492 1678 580 1741; x_wconf 88' lang='lat' dir='ltr'><strong>iutra</strong></span> <span class='ocrx_word' id='word_1_128' title='bbox 602 1697 636 1740; x_wconf 89' lang='lat' dir='ltr'><strong>se</strong></span> <span class='ocrx_word' id='word_1_129' title='bbox 659 1675 829 1742; x_wconf 88' lang='lat' dir='ltr'><strong>continuit.</strong></span> <span class='ocrx_word' id='word_1_130' title='bbox 867 1676 1002 1740; x_wconf 88' lang='lat' dir='ltr'><strong>eundem</strong></span> <span class='ocrx_word' id='word_1_131' title='bbox 1025 1697 1101 1742; x_wconf 92' lang='lat' dir='ltr'><strong>con·</strong></span> 
     </span>
     <span class='ocr_line' id='line_1_19' title="bbox 131 1761 1099 1843; baseline -0.001 -15"><span class='ocrx_word' id='word_1_132' title='bbox 131 1765 197 1828; x_wconf 90' lang='lat' dir='ltr'><strong>stat</strong></span> <span class='ocrx_word' id='word_1_133' title='bbox 212 1764 280 1843; x_wconf 89' lang='lat' dir='ltr'><strong>pari</strong></span> <span class='ocrx_word' id='word_1_134' title='bbox 295 1762 390 1827; x_wconf 88' lang='lat' dir='ltr'><strong>uultu</strong></span> <span class='ocrx_word' id='word_1_135' title='bbox 412 1765 445 1826; x_wconf 87' lang='lat' dir='ltr'><strong>et</strong></span> <span class='ocrx_word' id='word_1_136' title='bbox 467 1761 591 1826; x_wconf 86' lang='lat' dir='ltr'><strong>exulem</strong></span> <span class='ocrx_word' id='word_1_137' title='bbox 612 1761 712 1826; x_wconf 88' lang='lat' dir='ltr'><strong>fuisse</strong></span> <span class='ocrx_word' id='word_1_138' title='bbox 735 1764 768 1826; x_wconf 90' lang='lat' dir='ltr'><strong>et</strong></span> <span class='ocrx_word' id='word_1_139' title='bbox 789 1761 981 1826; x_wconf 90' lang='lat' dir='ltr'><strong>restitutum.</strong></span> <span class='ocrx_word' id='word_1_140' title='bbox 1020 1762 1099 1827; x_wconf 86' lang='lat' dir='ltr'><strong>adeo</strong></span> 
     </span>
     <span class='ocr_line' id='line_1_20' title="bbox 129 1845 1100 1930; baseline -0.001 -18"><span class='ocrx_word' id='word_1_141' title='bbox 129 1847 361 1912; x_wconf 77' lang='lat' dir='ltr'><strong>moderationis</strong></span> <span class='ocrx_word' id='word_1_142' title='bbox 377 1846 531 1911; x_wconf 88' lang='lat' dir='ltr'><strong>beneficio</strong></span> <span class='ocrx_word' id='word_1_143' title='bbox 551 1845 675 1910; x_wconf 88' lang='lat' dir='ltr'><strong>medius</strong></span> <span class='ocrx_word' id='word_1_144' title='bbox 691 1867 816 1930; x_wconf 85' lang='lat' dir='ltr'><strong>semper</strong></span> <span class='ocrx_word' id='word_1_145' title='bbox 837 1847 923 1910; x_wconf 90' lang='lat' dir='ltr'><strong>inter</strong></span> <span class='ocrx_word' id='word_1_146' title='bbox 945 1846 1100 1911; x_wconf 89' lang='lat' dir='ltr'><strong>secundas</strong></span> 
     </span>
     <span class='ocr_line' id='line_1_21' title="bbox 130 1930 1138 1998; baseline -0.001 -1"><span class='ocrx_word' id='word_1_147' title='bbox 130 1936 165 1998; x_wconf 88' lang='lat' dir='ltr'><strong>et</strong></span> <span class='ocrx_word' id='word_1_148' title='bbox 186 1931 336 1996; x_wconf 89' lang='lat' dir='ltr'><strong>aduersas</strong></span> <span class='ocrx_word' id='word_1_149' title='bbox 358 1950 409 1994; x_wconf 89' lang='lat' dir='ltr'><strong>res</strong></span> <span class='ocrx_word' id='word_1_150' title='bbox 431 1931 531 1995; x_wconf 89' lang='lat' dir='ltr'><strong>animi</strong></span> <span class='ocrx_word' id='word_1_151' title='bbox 553 1930 705 1994; x_wconf 83' lang='lat' dir='ltr'><strong>firmitate</strong></span> <span class='ocrx_word' id='word_1_152' title='bbox 727 1933 872 1995; x_wconf 88' lang='lat' dir='ltr'><strong>uersatus</strong></span> <span class='ocrx_word' id='word_1_153' title='bbox 894 1933 951 1994; x_wconf 91' lang='lat' dir='ltr'><strong>est.</strong></span> <span class='ocrx_word' id='word_1_154' title='bbox 1112 1956 1138 1996; x_wconf 80' lang='lat' dir='ltr'><strong>ao</strong></span> 
     </span>
    </p>

    <p class='ocr_par' dir='ltr' id='par_1_6' title="bbox 129 2015 1139 2526">
     <span class='ocr_line' id='line_1_22' title="bbox 198 2015 1099 2099; baseline 0.002 -20"><span class='ocrx_word' id='word_1_155' title='bbox 198 2017 247 2082; x_wconf 87' lang='lat'><strong>14.</strong></span> <span class='ocrx_word' id='word_1_156' title='bbox 275 2015 338 2080; x_wconf 80' lang='lat' dir='ltr'><strong>Tot</strong></span> <span class='ocrx_word' id='word_1_157' title='bbox 355 2015 488 2080; x_wconf 89' lang='lat' dir='ltr'><strong>familiis</strong></span> <span class='ocrx_word' id='word_1_158' title='bbox 511 2015 545 2079; x_wconf 92' lang='lat' dir='ltr'><strong>in</strong></span> <span class='ocrx_word' id='word_1_159' title='bbox 568 2036 633 2079; x_wconf 90' lang='lat' dir='ltr'><strong>uno</strong></span> <span class='ocrx_word' id='word_1_160' title='bbox 648 2036 765 2099; x_wconf 85' lang='lat' dir='ltr'><strong>genere</strong></span> <span class='ocrx_word' id='word_1_161' title='bbox 780 2015 883 2080; x_wconf 87' lang='lat' dir='ltr'><strong>laudis</strong></span> <span class='ocrx_word' id='word_1_162' title='bbox 905 2017 1099 2081; x_wconf 88' lang='lat' dir='ltr'><strong>enumeratis</strong></span> 
     </span>
     <span class='ocr_line' id='line_1_23' title="bbox 131 2098 1100 2184; baseline -0.001 -19"><span class='ocrx_word' id='word_1_163' title='bbox 131 2101 285 2166; x_wconf 88' lang='lat' dir='ltr'><strong>Porcium</strong></span> <span class='ocrx_word' id='word_1_164' title='bbox 308 2121 435 2172; x_wconf 51' lang='lat' dir='ltr'><strong>nomen¹</strong></span> <span class='ocrx_word' id='word_1_165' title='bbox 449 2099 538 2164; x_wconf 89' lang='lat' dir='ltr'><strong>uelut</strong></span> <span class='ocrx_word' id='word_1_166' title='bbox 567 2109 680 2183; x_wconf 83' lang='lat' dir='ltr'><strong>expers</strong></span> <span class='ocrx_word' id='word_1_167' title='bbox 701 2098 834 2164; x_wconf 89' lang='lat' dir='ltr'><strong>huiusce</strong></span> <span class='ocrx_word' id='word_1_168' title='bbox 855 2099 976 2184; x_wconf 84' lang='lat' dir='ltr'><strong>gloriae</strong></span> <span class='ocrx_word' id='word_1_169' title='bbox 1005 2099 1100 2165; x_wconf 89' lang='lat' dir='ltr'><strong>silen-</strong></span> 
     </span>
     <span class='ocr_line' id='line_1_24' title="bbox 129 2183 1101 2269; baseline -0.002 -17"><span class='ocrx_word' id='word_1_170' title='bbox 129 2187 216 2264; x_wconf 92' lang='lat' dir='ltr'><strong>tio†</strong></span> <span class='ocrx_word' id='word_1_171' title='bbox 237 2185 503 2269; x_wconf 88' lang='lat' dir='ltr'><strong>praetereundum</strong></span> <span class='ocrx_word' id='word_1_172' title='bbox 531 2205 565 2248; x_wconf 90' lang='lat' dir='ltr'><strong>se</strong></span> <span class='ocrx_word' id='word_1_173' title='bbox 587 2187 686 2269; x_wconf 81' lang='lat' dir='ltr'><strong>negat</strong></span> <span class='ocrx_word' id='word_1_174' title='bbox 707 2183 775 2248; x_wconf 89' lang='lat' dir='ltr'><strong>fieri</strong></span> <span class='ocrx_word' id='word_1_175' title='bbox 804 2183 919 2249; x_wconf 89' lang='lat' dir='ltr'><strong>debere</strong></span> <span class='ocrx_word' id='word_1_176' title='bbox 940 2187 1101 2269; x_wconf 90' lang='lat' dir='ltr'><strong>posterior</strong></span> 
     </span>
     <span class='ocr_line' id='line_1_25' title="bbox 131 2269 1098 2353; baseline -0.001 -17"><span class='ocrx_word' id='word_1_177' title='bbox 131 2270 214 2337; x_wconf 82' lang='lat' dir='ltr'><strong>Cato</strong></span> <span class='ocrx_word' id='word_1_178' title='bbox 237 2291 310 2334; x_wconf 89' lang='lat' dir='ltr'><strong>non·</strong></span> <span class='ocrx_word' id='word_1_179' title='bbox 326 2289 428 2353; x_wconf 88' lang='lat' dir='ltr'><strong>paruo</strong></span> <span class='ocrx_word' id='word_1_180' title='bbox 450 2289 592 2333; x_wconf 87' lang='lat' dir='ltr'><strong>summae</strong></span> <span class='ocrx_word' id='word_1_181' title='bbox 619 2269 849 2334; x_wconf 86' lang='lat' dir='ltr'><strong>moderationis</strong></span> <span class='ocrx_word' id='word_1_182' title='bbox 871 2269 947 2334; x_wconf 92' lang='lat' dir='ltr'><strong>fisus</strong></span> <span class='ocrx_word' id='word_1_183' title='bbox 969 2269 1098 2335; x_wconf 88' lang='lat' dir='ltr'><strong>indicio.</strong></span> 
     </span>
     <span class='ocr_line' id='line_1_26' title="bbox 130 2352 1139 2440; baseline -0.004 -18"><span class='ocrx_word' id='word_1_184' title='bbox 130 2354 322 2440; x_wconf 84' lang='lat' dir='ltr'><strong>Cypriacam</strong></span> <span class='ocrx_word' id='word_1_185' title='bbox 336 2354 505 2437; x_wconf 89' lang='lat' dir='ltr'><strong>pecuniam</strong></span> <span class='ocrx_word' id='word_1_186' title='bbox 520 2352 659 2418; x_wconf 87' lang='lat' dir='ltr'><strong>maxima</strong></span> <span class='ocrx_word' id='word_1_187' title='bbox 679 2373 751 2417; x_wconf 90' lang='lat' dir='ltr'><strong>cum</strong></span> <span class='ocrx_word' id='word_1_188' title='bbox 767 2353 934 2438; x_wconf 83' lang='lat' dir='ltr'><strong>diligentia</strong></span> <span class='ocrx_word' id='word_1_189' title='bbox 956 2359 989 2420; x_wconf 91' lang='lat' dir='ltr'><strong>et</strong></span> <span class='ocrx_word' id='word_1_190' title='bbox 1010 2377 1099 2420; x_wconf 85' lang='lat' dir='ltr'><strong>sano·</strong></span> <span class='ocrx_word' id='word_1_191' title='bbox 1114 2375 1139 2418; x_wconf 83' lang='lat' dir='ltr'><strong>as</strong></span> 
     </span>
     <span class='ocr_line' id='line_1_27' title="bbox 129 2438 1100 2526; baseline 0 -21"><span class='ocrx_word' id='word_1_192' title='bbox 129 2439 228 2505; x_wconf 89' lang='lat' dir='ltr'><strong>titate</strong></span> <span class='ocrx_word' id='word_1_193' title='bbox 248 2440 284 2504; x_wconf 89' lang='lat' dir='ltr'><strong>in</strong></span> <span class='ocrx_word' id='word_1_194' title='bbox 311 2439 421 2503; x_wconf 90' lang='lat' dir='ltr'><strong>urbem</strong></span> <span class='ocrx_word' id='word_1_195' title='bbox 445 2438 679 2522; x_wconf 80' lang='lat' dir='ltr'><strong>deportarerat.</strong></span> <span class='ocrx_word' id='word_1_196' title='bbox 724 2438 814 2502; x_wconf 89' lang='lat' dir='ltr'><strong>cuius</strong></span> <span class='ocrx_word' id='word_1_197' title='bbox 835 2438 1005 2504; x_wconf 88' lang='lat' dir='ltr'><strong>ministerii</strong></span> <span class='ocrx_word' id='word_1_198' title='bbox 1028 2460 1100 2526; x_wconf 85' lang='lat' dir='ltr'><strong>gra·</strong></span> 
     </span>
    </p>
   </div>
   <div class='ocr_carea' id='block_1_6' title="bbox 131 2605 1101 3014">
    <p class='ocr_par' dir='ltr' id='par_1_7' title="bbox 131 2605 1101 3014">
     <span class='ocr_line' id='line_1_28' title="bbox 201 2605 1100 2686; baseline 0.001 -25"><span class='ocrx_word' id='word_1_199' title='bbox 201 2613 217 2661; x_wconf 80' lang='lat'>2</span> <span class='ocrx_word' id='word_1_200' title='bbox 235 2606 367 2660; x_wconf 89' lang='lat' dir='ltr'><strong>humeros</strong></span> <span class='ocrx_word' id='word_1_201' title='bbox 384 2607 408 2663; x_wconf 78' lang='lat' dir='ltr'><strong>ir.</strong></span> <span class='ocrx_word' id='word_1_202' title='bbox 427 2608 445 2661; x_wconf 83' lang='lat' dir='ltr'><strong>i.</strong></span> <span class='ocrx_word' id='word_1_203' title='bbox 464 2606 537 2674; x_wconf 91' lang='lat' dir='ltr'><strong>LA,</strong></span> <span class='ocrx_word' id='word_1_204' title='bbox 556 2621 666 2660; x_wconf 86' lang='lat' dir='ltr'><strong>umeros</strong></span> <span class='ocrx_word' id='word_1_205' title='bbox 682 2606 752 2661; x_wconf 84' lang='lat' dir='ltr'><strong>Par.</strong></span> <span class='ocrx_word' id='word_1_206' title='bbox 764 2605 852 2659; x_wconf 84' lang='lat' dir='ltr'><strong>Halm</strong></span> <span class='ocrx_word' id='word_1_207' title='bbox 863 2607 903 2686; x_wconf 68' lang='lat'><strong>113</strong></span> <span class='ocrx_word' id='word_1_208' title='bbox 918 2608 1100 2676; x_wconf 85' lang='lat' dir='ltr'><strong>exequiarum</strong></span> 
     </span>
     <span class='ocr_line' id='line_1_29' title="bbox 131 2673 1101 2796; baseline -0.002 -66"><span class='ocrx_word' id='word_1_209' title='bbox 131 2675 161 2730; x_wconf 94' lang='lat' dir='ltr'><strong>L</strong></span> <span class='ocrx_word' id='word_1_210' title='bbox 178 2679 204 2729; x_wconf 83' lang='lat' dir='ltr'><strong>et</strong></span> <span class='ocrx_word' id='word_1_211' title='bbox 216 2678 277 2739; x_wconf 84' lang='lat' dir='ltr'><strong>(exc</strong></span> <span class='ocrx_word' id='word_1_212' title='bbox 293 2675 325 2728; x_wconf 81' lang='lat' dir='ltr'><strong>iu</strong></span> <span class='ocrx_word' id='word_1_213' title='bbox 336 2675 402 2741; x_wconf 81' lang='lat' dir='ltr'><strong>ras.)</strong></span> <span class='ocrx_word' id='word_1_214' title='bbox 414 2675 441 2728; x_wconf 89' lang='lat' dir='ltr'><strong>A</strong></span> <span class='ocrx_word' id='word_1_215' title='bbox 454 2675 493 2742; x_wconf 72' lang='lat' dir='ltr'><strong>lle</strong></span> <span class='ocrx_word' id='word_1_216' title='bbox 509 2675 583 2729; x_wconf 82' lang='lat' dir='ltr'><strong>forte</strong></span> <span class='ocrx_word' id='word_1_217' title='bbox 596 2675 623 2728; x_wconf 88' lang='lat' dir='ltr'><strong><em>L</em></strong></span> <span class='ocrx_word' id='word_1_218' title='bbox 635 2675 645 2742; x_wconf 82' lang='grc' dir='ltr'><strong>ΙΙ</strong></span> <span class='ocrx_word' id='word_1_219' title='bbox 657 2673 714 2728; x_wconf 83' lang='lat' dir='ltr'><strong>illis</strong></span> <span class='ocrx_word' id='word_1_220' title='bbox 733 2674 791 2740; x_wconf 83' lang='lat' dir='ltr'><strong>(sed</strong></span> <span class='ocrx_word' id='word_1_221' title='bbox 808 2673 839 2726; x_wconf 91' lang='lat' dir='ltr'><strong>ill</strong></span> <span class='ocrx_word' id='word_1_222' title='bbox 856 2691 889 2728; x_wconf 77' lang='lat' dir='ltr'><strong>aa</strong></span> <span class='ocrx_word' id='word_1_223' title='bbox 900 2677 966 2796; x_wconf 60' lang='lat' dir='ltr'><strong>req.)</strong></span> <span class='ocrx_word' id='word_1_224' title='bbox 979 2676 1019 2741; x_wconf 88' lang='lat' dir='ltr'><strong>A,</strong></span> <span class='ocrx_word' id='word_1_225' title='bbox 1039 2675 1101 2729; x_wconf 89' lang='lat' dir='ltr'><strong>aliis</strong></span> 
     </span>
     <span class='ocr_line' id='line_1_30' title="bbox 131 2741 1101 2810; baseline -0.002 -12"><span class='ocrx_word' id='word_1_226' title='bbox 131 2743 172 2808; x_wconf 87' lang='lat' dir='ltr'><strong>L,</strong></span> <span class='ocrx_word' id='word_1_227' title='bbox 190 2743 234 2796; x_wconf 86' lang='lat' dir='ltr'><strong>his</strong></span> <span class='ocrx_word' id='word_1_228' title='bbox 246 2743 315 2800; x_wconf 82' lang='lat' dir='ltr'><strong>Par.</strong></span> <span class='ocrx_word' id='word_1_229' title='bbox 329 2743 367 2810; x_wconf 74' lang='lat' dir='ltr'><strong>lo</strong></span> <span class='ocrx_word' id='word_1_230' title='bbox 400 2742 468 2795; x_wconf 84' lang='lat' dir='ltr'><strong>ossit</strong></span> <span class='ocrx_word' id='word_1_231' title='bbox 479 2743 549 2797; x_wconf 86' lang='lat' dir='ltr'><strong>Par.</strong></span> <span class='ocrx_word' id='word_1_232' title='bbox 563 2743 601 2810; x_wconf 70' lang='lat' dir='ltr'><strong>lss</strong></span> <span class='ocrx_word' id='word_1_233' title='bbox 618 2742 663 2795; x_wconf 90' lang='lat' dir='ltr'><strong>tot</strong></span> <span class='ocrx_word' id='word_1_234' title='bbox 679 2741 786 2795; x_wconf 84' lang='lat' dir='ltr'><strong>multae</strong></span> <span class='ocrx_word' id='word_1_235' title='bbox 804 2742 878 2808; x_wconf 88' lang='lat' dir='ltr'><strong>LA,</strong></span> <span class='ocrx_word' id='word_1_236' title='bbox 902 2758 943 2796; x_wconf 77' lang='lat' dir='ltr'><strong>aa</strong></span> <span class='ocrx_word' id='word_1_237' title='bbox 965 2744 1040 2796; x_wconf 86' lang='lat' dir='ltr'><strong>etot</strong></span> <span class='ocrx_word' id='word_1_238' title='bbox 1055 2744 1101 2797; x_wconf 83' lang='lat' dir='ltr'><strong>uel</strong></span> 
     </span>
     <span class='ocr_line' id='line_1_31' title="bbox 131 2809 1100 2877; baseline -0.001 -12"><span class='ocrx_word' id='word_1_239' title='bbox 131 2813 178 2865; x_wconf 87' lang='lat' dir='ltr'><strong>tot</strong></span> <span class='ocrx_word' id='word_1_240' title='bbox 189 2809 256 2863; x_wconf 81' lang='lat' dir='ltr'><strong>illae</strong></span> <span class='ocrx_word' id='word_1_241' title='bbox 269 2809 340 2864; x_wconf 77' lang='lat' dir='ltr'><strong>coni.</strong></span> <span class='ocrx_word' id='word_1_242' title='bbox 384 2810 449 2877; x_wconf 86' lang='lat' dir='ltr'><strong>alm,</strong></span> <span class='ocrx_word' id='word_1_243' title='bbox 468 2811 527 2863; x_wconf 88' lang='lat' dir='ltr'><strong>tam</strong></span> <span class='ocrx_word' id='word_1_244' title='bbox 540 2809 647 2863; x_wconf 89' lang='lat' dir='ltr'><strong>multae</strong></span> <span class='ocrx_word' id='word_1_245' title='bbox 660 2809 724 2863; x_wconf 80' lang='lat' dir='ltr'><strong>dett.</strong></span> <span class='ocrx_word' id='word_1_246' title='bbox 746 2809 800 2863; x_wconf 79' lang='lat' dir='ltr'><strong>mei</strong></span> <span class='ocrx_word' id='word_1_247' title='bbox 811 2823 891 2875; x_wconf 76' lang='lat' dir='ltr'><strong>omo,</strong></span> <span class='ocrx_word' id='word_1_248' title='bbox 909 2809 1100 2864; x_wconf 87' lang='lat' dir='ltr'><strong>tumultuosae</strong></span> 
     </span>
     <span class='ocr_line' id='line_1_32' title="bbox 136 2876 1099 2996; baseline -0.001 -64"><span class='ocrx_word' id='word_1_249' title='bbox 136 2877 259 2946; x_wconf 75' lang='lat' dir='ltr'><strong>Weuety</strong></span> <span class='ocrx_word' id='word_1_250' title='bbox 272 2893 303 2945; x_wconf 81' lang='lat' dir='ltr'><strong>p.</strong></span> <span class='ocrx_word' id='word_1_251' title='bbox 315 2881 334 2932; x_wconf 88' lang='grc'><em>8</em></span> <span class='ocrx_word' id='word_1_252' title='bbox 345 2879 355 2947; x_wconf 92' lang='lat' dir='ltr'><strong>l</strong></span> <span class='ocrx_word' id='word_1_253' title='bbox 369 2883 385 2932; x_wconf 79' lang='lat' dir='ltr'><strong>&#39;t</strong></span> <span class='ocrx_word' id='word_1_254' title='bbox 401 2878 483 2931; x_wconf 84' lang='lat' dir='ltr'><strong>tanta</strong></span> <span class='ocrx_word' id='word_1_255' title='bbox 500 2879 538 2930; x_wconf 83' lang='lat' dir='ltr'><strong>A²</strong></span> <span class='ocrx_word' id='word_1_256' title='bbox 551 2879 561 2946; x_wconf 88' lang='lat' dir='ltr'><strong>l</strong></span> <span class='ocrx_word' id='word_1_257' title='bbox 573 2879 673 2946; x_wconf 76' lang='lat' dir='ltr'><strong>togata</strong></span> <span class='ocrx_word' id='word_1_258' title='bbox 687 2876 784 2996; x_wconf 56' lang='lat' dir='ltr'><strong>Ml</strong></span> <span class='ocrx_word' id='word_1_259' title='bbox 802 2883 833 2929; x_wconf 78' lang='lat'><strong>12</strong></span> <span class='ocrx_word' id='word_1_260' title='bbox 850 2876 971 2931; x_wconf 86' lang='lat' dir='ltr'><strong>tralibus</strong></span> <span class='ocrx_word' id='word_1_261' title='bbox 988 2879 1071 2944; x_wconf 75' lang='lat' dir='ltr'><strong>Pur.¹</strong></span> <span class='ocrx_word' id='word_1_262' title='bbox 1085 2880 1099 2947; x_wconf 74' lang='lat' dir='ltr'><strong>ll</strong></span> 
     </span>
     <span class='ocr_line' id='line_1_33' title="bbox 134 2944 1100 3014; baseline 0.002 -14"><span class='ocrx_word' id='word_1_263' title='bbox 134 2951 167 3000; x_wconf 85' lang='lat'><strong>14</strong></span> <span class='ocrx_word' id='word_1_264' title='bbox 191 2961 205 2999; x_wconf 92' lang='lat' dir='ltr'><strong>e</strong></span> <span class='ocrx_word' id='word_1_265' title='bbox 223 2959 274 2998; x_wconf 83' lang='lat' dir='ltr'><strong>om.</strong></span> <span class='ocrx_word' id='word_1_266' title='bbox 297 2947 364 3000; x_wconf 86' lang='lat' dir='ltr'><strong>Par.</strong></span> <span class='ocrx_word' id='word_1_267' title='bbox 389 2946 399 3012; x_wconf 82' lang='grc' dir='ltr'><strong>ΙΙ</strong></span> <span class='ocrx_word' id='word_1_268' title='bbox 423 2945 554 2999; x_wconf 88' lang='lat' dir='ltr'><strong>theathro</strong></span> <span class='ocrx_word' id='word_1_269' title='bbox 572 2944 631 2998; x_wconf 92' lang='lat' dir='ltr'><strong>LA</strong></span> <span class='ocrx_word' id='word_1_270' title='bbox 657 2945 667 3014; x_wconf 85' lang='grc' dir='ltr'><strong>ΙΙ</strong></span> <span class='ocrx_word' id='word_1_271' title='bbox 695 2950 726 2998; x_wconf 79' lang='lat'><strong>15</strong></span> <span class='ocrx_word' id='word_1_272' title='bbox 745 2959 760 2997; x_wconf 91' lang='lat' dir='ltr'><strong>e</strong></span> <span class='ocrx_word' id='word_1_273' title='bbox 782 2945 876 2999; x_wconf 86' lang='lat' dir='ltr'><strong>eretur</strong></span> <span class='ocrx_word' id='word_1_274' title='bbox 892 2960 969 2999; x_wconf 78' lang='lat' dir='ltr'><strong>cunc</strong></span> <span class='ocrx_word' id='word_1_275' title='bbox 991 2944 1100 3011; x_wconf 75' lang='lat' dir='ltr'><strong>defend.</strong></span> 
     </span>
    </p>
   </div>
   <div class='ocr_carea' id='block_1_7' title="bbox 15 3011 1102 3079">
    <p class='ocr_par' dir='ltr' id='par_1_8' title="bbox 15 3011 1102 3079">
     <span class='ocr_line' id='line_1_34' title="bbox 15 3011 1102 3079; baseline 0 -13"><span class='ocrx_word' id='word_1_276' title='bbox 15 3061 18 3066; x_wconf 87' lang='lat'>.</span> <span class='ocrx_word' id='word_1_277' title='bbox 135 3013 243 3068; x_wconf 69' lang='lat' dir='ltr'><strong>Gens*</strong></span> <span class='ocrx_word' id='word_1_278' title='bbox 261 3012 321 3067; x_wconf 83' lang='lat' dir='ltr'><strong>coll.</strong></span> <span class='ocrx_word' id='word_1_279' title='bbox 342 3012 420 3068; x_wconf 83' lang='lat' dir='ltr'><strong>Oort.</strong></span> <span class='ocrx_word' id='word_1_280' title='bbox 438 3011 507 3079; x_wconf 75' lang='lat' dir='ltr'><strong>Ros.</strong></span> <span class='ocrx_word' id='word_1_281' title='bbox 525 3013 584 3067; x_wconf 92' lang='grc' dir='ltr'><strong>ΙΙΙ</strong></span> <span class='ocrx_word' id='word_1_282' title='bbox 597 3017 615 3066; x_wconf 83' lang='grc'><strong><em>7</em></strong></span> <span class='ocrx_word' id='word_1_283' title='bbox 632 3014 677 3077; x_wconf 82' lang='grc'><strong>(17</strong></span> <span class='ocrx_word' id='word_1_284' title='bbox 688 3011 726 3078; x_wconf 86' lang='grc' dir='ltr'><strong>Ζ)</strong></span> <span class='ocrx_word' id='word_1_285' title='bbox 742 3013 768 3075; x_wconf 83' lang='lat'><strong>5,</strong></span> <span class='ocrx_word' id='word_1_286' title='bbox 787 3027 849 3066; x_wconf 80' lang='lat' dir='ltr'><strong>cum</strong></span> <span class='ocrx_word' id='word_1_287' title='bbox 861 3027 892 3079; x_wconf 81' lang='lat' dir='ltr'><strong>p.</strong></span> <span class='ocrx_word' id='word_1_288' title='bbox 905 3015 960 3067; x_wconf 76' lang='lat'><strong>276</strong></span> <span class='ocrx_word' id='word_1_289' title='bbox 977 3011 1102 3066; x_wconf 88' lang='lat' dir='ltr'><strong>cludere-</strong></span> 
     </span>
    </p>
   </div>
   <div class='ocr_carea' id='block_1_8' title="bbox 131 3078 1102 3488">
    <p class='ocr_par' dir='ltr' id='par_1_9' title="bbox 131 3078 1102 3488">
     <span class='ocr_line' id='line_1_35' title="bbox 131 3078 1101 3199; baseline -0.003 -63"><span class='ocrx_word' id='word_1_290' title='bbox 131 3083 181 3136; x_wconf 89' lang='lat' dir='ltr'><strong>tur</strong></span> <span class='ocrx_word' id='word_1_291' title='bbox 192 3081 359 3146; x_wconf 81' lang='lat' dir='ltr'><strong>cocieeisaet,</strong></span> <span class='ocrx_word' id='word_1_292' title='bbox 371 3083 558 3150; x_wconf 86' lang='lat' dir='ltr'><strong>perageretur</strong></span> <span class='ocrx_word' id='word_1_293' title='bbox 569 3081 638 3134; x_wconf 84' lang='lat' dir='ltr'><strong>Par.</strong></span> <span class='ocrx_word' id='word_1_294' title='bbox 651 3080 661 3147; x_wconf 92' lang='lat' dir='ltr'><strong>l</strong></span> <span class='ocrx_word' id='word_1_295' title='bbox 677 3085 706 3133; x_wconf 82' lang='lat'><strong>19</strong></span> <span class='ocrx_word' id='word_1_296' title='bbox 719 3078 843 3132; x_wconf 85' lang='lat' dir='ltr'><strong>medicus</strong></span> <span class='ocrx_word' id='word_1_297' title='bbox 855 3082 892 3133; x_wconf 89' lang='lat' dir='ltr'><strong>A¹</strong></span> <span class='ocrx_word' id='word_1_298' title='bbox 905 3081 960 3199; x_wconf 65' lang='lat' dir='ltr'><strong>qna</strong></span> <span class='ocrx_word' id='word_1_299' title='bbox 970 3078 1101 3133; x_wconf 86' lang='lat' dir='ltr'><strong>Porcium</strong></span> 
     </span>
     <span class='ocr_line' id='line_1_36' title="bbox 131 3147 1100 3216; baseline -0.001 -14"><span class='ocrx_word' id='word_1_300' title='bbox 131 3164 237 3202; x_wconf 89' lang='lat' dir='ltr'><strong>nomeu</strong></span> <span class='ocrx_word' id='word_1_301' title='bbox 263 3178 296 3187; x_wconf 90' lang='lat'><em>-</em></span> <span class='ocrx_word' id='word_1_302' title='bbox 323 3148 471 3202; x_wconf 89' lang='lat' dir='ltr'><strong>silentione</strong></span> <span class='ocrx_word' id='word_1_303' title='bbox 501 3147 759 3216; x_wconf 83' lang='lat' dir='ltr'><strong>praetereundum?</strong></span> <span class='ocrx_word' id='word_1_304' title='bbox 789 3148 878 3214; x_wconf 81' lang='lat' dir='ltr'><strong>negat</strong></span> <span class='ocrx_word' id='word_1_305' title='bbox 926 3147 967 3201; x_wconf 88' lang='lat' dir='ltr'><strong>eri</strong></span> <span class='ocrx_word' id='word_1_306' title='bbox 996 3147 1100 3201; x_wconf 89' lang='lat' dir='ltr'><strong>debere</strong></span> 
     </span>
     <span class='ocr_line' id='line_1_37' title="bbox 132 3213 1102 3288; baseline -0.002 -17"><span class='ocrx_word' id='word_1_307' title='bbox 132 3216 265 3288; x_wconf 79' lang='lat' dir='ltr'><strong>Piphiua,</strong></span> <span class='ocrx_word' id='word_1_308' title='bbox 281 3215 449 3270; x_wconf 86' lang='lat' dir='ltr'><strong>Porciumne</strong></span> <span class='ocrx_word' id='word_1_309' title='bbox 466 3245 498 3256; x_wconf 92' lang='lat'><strong>·-</strong></span> <span class='ocrx_word' id='word_1_310' title='bbox 535 3214 800 3270; x_wconf 83' lang='lat' dir='ltr'><strong>raetereundumst?</strong></span> <span class='ocrx_word' id='word_1_311' title='bbox 818 3216 907 3282; x_wconf 83' lang='lat' dir='ltr'><strong>negat</strong></span> <span class='ocrx_word' id='word_1_312' title='bbox 922 3213 942 3270; x_wconf 85' lang='lat' dir='ltr'><strong>f.</strong></span> <span class='ocrx_word' id='word_1_313' title='bbox 955 3216 983 3270; x_wconf 90' lang='lat' dir='ltr'><strong>d.</strong></span> <span class='ocrx_word' id='word_1_314' title='bbox 1002 3213 1102 3282; x_wconf 83' lang='lat' dir='ltr'><strong>Halm,</strong></span> 
     </span>
     <span class='ocr_line' id='line_1_38' title="bbox 133 3281 1101 3353; baseline -0.001 -14"><span class='ocrx_word' id='word_1_315' title='bbox 133 3284 266 3339; x_wconf 86' lang='lat' dir='ltr'><strong>Porcium</strong></span> <span class='ocrx_word' id='word_1_316' title='bbox 283 3313 316 3322; x_wconf 97' lang='lat'>-</span> <span class='ocrx_word' id='word_1_317' title='bbox 334 3285 505 3353; x_wconf 88' lang='lat' dir='ltr'><strong>praeterenn</strong></span> <span class='ocrx_word' id='word_1_318' title='bbox 526 3301 574 3336; x_wconf 89' lang='lat' dir='ltr'><strong>um</strong></span> <span class='ocrx_word' id='word_1_319' title='bbox 597 3298 625 3336; x_wconf 89' lang='lat' dir='ltr'><strong>se</strong></span> <span class='ocrx_word' id='word_1_320' title='bbox 649 3284 744 3350; x_wconf 81' lang='lat' dir='ltr'><strong>negat.</strong></span> <span class='ocrx_word' id='word_1_321' title='bbox 762 3281 896 3351; x_wconf 76' lang='lat' dir='ltr'><strong>&lt;Negat&gt;</strong></span> <span class='ocrx_word' id='word_1_322' title='bbox 917 3281 936 3336; x_wconf 72' lang='lat' dir='ltr'><strong>t</strong></span> <span class='ocrx_word' id='word_1_323' title='bbox 955 3282 983 3336; x_wconf 90' lang='lat' dir='ltr'><strong>d.</strong></span> <span class='ocrx_word' id='word_1_324' title='bbox 1005 3286 1101 3338; x_wconf 78' lang='lat' dir='ltr'><strong>Torre-</strong></span> 
     </span>
     <span class='ocr_line' id='line_1_39' title="bbox 133 3349 1102 3420; baseline -0.003 -14"><span class='ocrx_word' id='word_1_325' title='bbox 133 3353 216 3415; x_wconf 79' lang='lat' dir='ltr'><strong>aius,</strong></span> <span class='ocrx_word' id='word_1_326' title='bbox 234 3350 366 3404; x_wconf 87' lang='lat' dir='ltr'><strong>Porcium</strong></span> <span class='ocrx_word' id='word_1_327' title='bbox 379 3379 411 3391; x_wconf 87' lang='lat'>-</span> <span class='ocrx_word' id='word_1_328' title='bbox 423 3351 661 3420; x_wconf 87' lang='lat' dir='ltr'><strong>praetereundum</strong></span> <span class='ocrx_word' id='word_1_329' title='bbox 679 3349 758 3420; x_wconf 85' lang='lat' dir='ltr'><strong>(es&gt;se</strong></span> <span class='ocrx_word' id='word_1_330' title='bbox 776 3351 864 3418; x_wconf 82' lang='lat' dir='ltr'><strong>negat</strong></span> <span class='ocrx_word' id='word_1_331' title='bbox 881 3349 1019 3417; x_wconf 88' lang='lat' dir='ltr'><strong>posterior</strong></span> <span class='ocrx_word' id='word_1_332' title='bbox 1032 3350 1102 3406; x_wconf 84' lang='lat' dir='ltr'><strong>Cato</strong></span> 
     </span>
     <span class='ocr_line' id='line_1_40' title="bbox 133 3417 1102 3488; baseline -0.002 -14"><span class='ocrx_word' id='word_1_333' title='bbox 133 3419 259 3488; x_wconf 78' lang='lat' dir='ltr'><strong>Maduip</strong></span> <span class='ocrx_word' id='word_1_334' title='bbox 275 3419 297 3472; x_wconf 97' lang='lat' dir='ltr'><strong><em>I</em></strong></span> <span class='ocrx_word' id='word_1_335' title='bbox 310 3423 353 3486; x_wconf 88' lang='lat'><strong>91,</strong></span> <span class='ocrx_word' id='word_1_336' title='bbox 374 3419 469 3473; x_wconf 82' lang='lat' dir='ltr'><strong>deletis</strong></span> <span class='ocrx_word' id='word_1_337' title='bbox 486 3417 549 3472; x_wconf 81' lang='lat' dir='ltr'><strong>fieri</strong></span> <span class='ocrx_word' id='word_1_338' title='bbox 566 3418 683 3484; x_wconf 90' lang='lat' dir='ltr'><strong>debere,</strong></span> <span class='ocrx_word' id='word_1_339' title='bbox 707 3433 777 3486; x_wconf 78' lang='lat' dir='ltr'><strong>quoe</strong></span> <span class='ocrx_word' id='word_1_340' title='bbox 790 3421 929 3484; x_wconf 72' lang='lat' dir='ltr'><strong>panacea</strong></span> <span class='ocrx_word' id='word_1_341' title='bbox 946 3423 1012 3474; x_wconf 66' lang='lat' dir='ltr'><strong>saort</strong></span> <span class='ocrx_word' id='word_1_342' title='bbox 1028 3435 1064 3472; x_wconf 87' lang='lat' dir='ltr'><strong>m.</strong></span> <span class='ocrx_word' id='word_1_343' title='bbox 1082 3422 1102 3472; x_wconf 80' lang='lat'><strong><em>2</em></strong></span> 
     </span>
    </p>
   </div>
   <div class='ocr_carea' id='block_1_9' title="bbox 8 3485 1202 3562">
    <p class='ocr_par' dir='ltr' id='par_1_10' title="bbox 8 3485 1202 3562">
     <span class='ocr_line' id='line_1_41' title="bbox 8 3485 1202 3562; baseline -0.001 -20"><span class='ocrx_word' id='word_1_344' title='bbox 8 3545 20 3562; x_wconf 21' lang='grc' dir='ltr'><strong><em>ἡ</em></strong></span> <span class='ocrx_word' id='word_1_345' title='bbox 133 3488 167 3542; x_wconf 81' lang='lat' dir='ltr'><strong>iu</strong></span> <span class='ocrx_word' id='word_1_346' title='bbox 183 3489 224 3551; x_wconf 88' lang='lat' dir='ltr'><strong>A,</strong></span> <span class='ocrx_word' id='word_1_347' title='bbox 247 3491 333 3552; x_wconf 84' lang='lat' dir='ltr'><strong>recte,</strong></span> <span class='ocrx_word' id='word_1_348' title='bbox 350 3486 462 3556; x_wconf 79' lang='lat' dir='ltr'><strong>siquid</strong></span> <span class='ocrx_word' id='word_1_349' title='bbox 480 3488 562 3541; x_wconf 72' lang='lat' dir='ltr'><strong>audeo</strong></span> <span class='ocrx_word' id='word_1_350' title='bbox 586 3486 596 3552; x_wconf 88' lang='grc' dir='ltr'><strong>ΙΙ</strong></span> <span class='ocrx_word' id='word_1_351' title='bbox 618 3493 650 3540; x_wconf 80' lang='lat'><strong>25</strong></span> <span class='ocrx_word' id='word_1_352' title='bbox 668 3485 828 3554; x_wconf 82' lang='lat' dir='ltr'><strong>cypriacam</strong></span> <span class='ocrx_word' id='word_1_353' title='bbox 847 3487 919 3554; x_wconf 87' lang='lat' dir='ltr'><strong>(carn</strong></span> <span class='ocrx_word' id='word_1_354' title='bbox 937 3487 1102 3554; x_wconf 79' lang='lat' dir='ltr'><strong>iuras.)A,</strong></span> <span class='ocrx_word' id='word_1_355' title='bbox 1197 3547 1202 3554; x_wconf 47' lang='grc'>,</span> 
     </span>
    </p>
   </div>
   <div class='ocr_carea' id='block_1_10' title="bbox 134 3554 320 3625">
    <p class='ocr_par' dir='ltr' id='par_1_11' title="bbox 134 3554 320 3625">
     <span class='ocr_line' id='line_1_42' title="bbox 134 3554 320 3625; baseline -0.016 -14"><span class='ocrx_word' id='word_1_356' title='bbox 134 3555 265 3625; x_wconf 69' lang='lat' dir='ltr'><strong>cypriana</strong></span> <span class='ocrx_word' id='word_1_357' title='bbox 283 3554 320 3608; x_wconf 83' lang='lat' dir='ltr'><strong>L¹</strong></span> 
     </span>
    </p>
   </div>
   <div class='ocr_carea' id='block_1_11' title="bbox 0 0 1311 3960">
    <p class='ocr_par' dir='ltr' id='par_1_12' title="bbox 0 0 1311 3960">
     <span class='ocr_line' id='line_1_43' title="bbox 0 0 1311 3960; baseline 0 0"><span class='ocrx_word' id='word_1_358' title='bbox 0 0 1311 3960; x_wconf 95' lang='lat' dir='ltr'><strong> </strong></span> 
     </span>
    </p>
   </div>
  </div>
 </body>
</html>
