2606 3952
11 353 22 384 p

467 204 542 262 aar.
563 207 598 270 11,
617 211 756 273 ere-m.
1037 208 1096 272 121

11 439 12 442 Ἴ
127 359 275 426 uelimus.
299 379 360 445 ego
383 362 469 424 certe
491 363 548 424 aut
562 359 742 444 speciosam
757 361 872 443 optans
891 361 1027 424 mortem
1042 364 1100 426 aut

126 445 256 511 felicem
279 443 431 509 audaciae
453 445 574 508 exitum
603 445 655 509 uel
683 445 771 509 solus
793 463 981 527 procurrere
1030 467 1097 510 ara·

127 534 182 596 tus
204 535 299 594 sum’.
343 527 394 593 hie
417 529 534 594 auditis
556 529 716 594 Pedanius
741 528 886 594 centurio
909 467 1098 596 conuulsum

128 616 257 699 signum
280 614 392 677 dextra
420 614 565 679 retinens
588 614 663 677 ‘iam
686 615 760 679 hoc'
788 614 896 697 inquit
922 614 1020 678 ‘intra
1040 615 1098 680 ho-

10 701 12 726 *
128 701 201 766 stile
223 697 345 762 uallum
367 719 492 763 mecum
515 699 591 763 erit:
624 697 758 782 proinde
786 703 961 783 sequantur
976 700 1042 798 ‘qui
1063 699 1124 766 ide

10 793 17 798 “
128 783 201 869 capi
222 783 362 862 nolunt’,
385 785 418 848 et
440 804 513 848 curn
534 805 572 848 eo
595 784 630 847 in
653 786 757 849 castra
771 783 952 848 Poenorum
973 784 1099 868 rnrupit

127 873 292 952 totamque
313 888 422 932 secum
436 869 536 932 traxit
550 869 722 952 legionem.
751 869 798 934 ita
816 868 914 932 trium
929 868 1098 934 hominum

128 954 223 1020 fortis
245 953 410 1018 temeritas
425 951 658 1037 Hannibalem,
680 953 777 1038 paulo
800 957 876 1018 ante
895 974 951 1037 epe
966 975 1025 1019 sua
1039 954 1098 1020 Oa·

9 1101 10 1132 q
128 1059 211 1124 puae
233 1038 422 1120 potitorem‚
444 1059 486 1102 ne
502 1041 679 1104 castrorum
695 1038 825 1123 quidem
840 1058 970 1103 suorum
984 1043 1098 1124 peten-

135 1129 202 1190 tem
225 1143 294 1187 esse
315 1143 409 1206 passa
430 1127 489 1188 est.
1113 1153 1139 1195 10

192 1208 245 1272 21.
292 1205 436 1282 Quorum
462 1207 578 1273 uirtuti
605 1207 690 1272 nibil
718 1206 803 1273 cedit
825 1206 861 1283 Q.
885 1206 1014 1288 Occius,
1044 1210 1100 1293 qui

129 1295 263 1378 propter
277 1291 501 1358 fortitudinem
516 1292 661 1358 Achilles
676 1293 924 1377 cognominatus
940 1298 1003 1358 est:
1022 1315 1099 1358 nam

129 1381 166 1442 ut
192 1377 317 1460 reliqua
344 1377 411 1441 eius
438 1398 536 1461 opera
564 1398 632 1442 non
660 1397 807 1460 exequar,
836 1379 963 1443 abunde
990 1381 1100 1444 tamen

130 1462 254 1527 duobus
275 1461 384 1539 factis,
408 1483 490 1546 quae
512 1462 670 1526 relaturus
690 1482 779 1541 sum,
803 1468 943 1546 quantus
964 1463 1100 1528 bellator

129 1547 229 1612 fuerit
258 1552 481 1633 cognoscetur.
531 1545 569 1622 Q.
598 1545 730 1611 Metello
758 1548 882 1611 consuli
910 1547 1036 1633 legatus
1065 1549 1099 1612 in
1113 1575 1140 1617 rs

129 1631 324 1716 Hispaniam
357 1632 538 1716 profectus,
572 1630 799 1698 Celtibericum
828 1632 888 1695 sub
914 1653 952 1696 eo
981 1632 1100 1696 bellum

8 1743 11 1753 ·
131 1738 267 1815 gerens,
294 1720 464 1800 postquam
493 1716 646 1802 cognouit
668 1737 687 1781 a
710 1715 849 1801 quodam
876 1716 984 1801 gentis
1005 1716 1101 1781 huius

131 1823 249 1867 runene
277 1822 310 1866 sc
339 1801 378 1866 ad
407 1802 625 1866 dimicandum
646 1802 815 1885 prouocari
836 1837 875 1850 -
898 1805 968 1866 erat
992 1805 1101 1866 autem

131 1887 180 1952 illi
203 1886 286 1950 forte
303 1885 485 1970 prandendi
500 1887 608 1973 gratia
623 1887 728 1970 posita
742 1907 853 1951 mensa
864 1923 914 1965 -,
937 1885 1050 1951 relicta
1064 1907 1101 1950 ea

131 1993 220 2036 arma
242 1992 300 2036 sua
322 1974 413 2036 extra
435 1971 556 2036 uallum
575 1971 692 2035 deferri
714 1991 894 2055 equumque
908 1970 1000 2036 educi
1016 1970 1099 2036 clam
1114 2003 1141 2044 20

132 2057 237 2138 iussit,
258 2077 301 2120 ne
322 2056 491 2121 alletello
512 2057 720 2140 inpediretur,
744 2059 777 2121 et
797 2055 890 2120 illurn
905 2055 1101 2122 Celtiberum

132 2141 383 2208 insolentissime
418 2141 659 2225 obequitantem
694 2143 898 2206 consectatus
937 2142 1103 2206 interemit

7 2229 19 2250 *
135 2227 355 2310 detractasque
383 2247 422 2290 cc
462 2227 510 2291 ori
538 2225 606 2290 ciue
634 2225 765 2290 exuuias
793 2247 894 2290 ouans
919 2226 1044 2290 laetitia
1065 2226 1099 2289 in

134 2315 238 2376 castra
258 2310 378 2375 retulit.
422 2311 434 2374 i
456 2332 508 2376 em
530 2309 700 2394 Pyrresum
722 2309 894 2375 nobilitate
922 2332 960 2375 ac
981 2311 1102 2375 uirtute

133 2416 243 2461 omnes
267 2394 444 2460 Celtiberos
465 2399 700 2479 praestantem,
725 2415 796 2458 cum
819 2396 861 2459 ab
883 2416 921 2459 eo
944 2395 979 2460 in
1002 2399 1101 2460 certa-
1115 2429 1142 2470 25

27 2533 30 2538 .
133 2501 208 2545 men
229 2499 358 2564 pugnae
381 2481 554 2544 deuocatus
570 2484 662 2562 esset,
686 2480 892 2544 succumbere
907 2479 969 2544 eibi
985 2481 1100 2565 coegit.

133 2586 193 2630 nec
216 2565 343 2632 erubuit
364 2564 610 2650 flagrantissimi
639 2564 780 2648 pectoris
803 2564 930 2629 iuuenis
957 2565 1102 2650 gladium

203 2724 216 2770 1
240 2717 341 2785 optans
358 2732 409 2772 nos
430 2716 463 2770 ta
480 2713 615 2773 Flecteris.
634 2732 701 2773 aaa.
720 2719 791 2770 1886
806 2731 835 2783 p.
853 2719 901 2778 59,
927 2717 1027 2784 optaui
1044 2717 1103 2770 LA

133 2783 234 2846 Halm.
254 2786 387 2854 oppetam
405 2784 534 2852 Lipsius,
557 2785 624 2852 opto
642 2783 713 2836 mihi
731 2783 863 2839 Focrtech
878 2783 938 2836 III
951 2786 1000 2848 12,
1023 2785 1103 2852 opta-

134 2853 188 2906 rim
203 2851 316 2918 Novak,
343 2870 355 2904 e
378 2854 498 2906 eciosum
523 2853 624 2920 optans
646 2851 724 2906 uitae
748 2852 798 2905 aut
821 2852 884 2919 (del.
903 2853 1036 2917 mortem)
1058 2851 1102 2905 W,

133 2921 253 2998 Bccbncc
270 2921 302 2974 tn
319 2871 455 2998 Fllclccis.
473 2936 539 2975 aaa.
557 2922 628 2974 1886
641 2934 671 2986 p.
690 2920 791 2998 799112
810 2917 968 2998 f⁰fi⁰9⁵.‘4².
974 2920 984 2987 ΙΙ
998 2919 1105 2972 excitus

130 2983 182 3055 Ἡ,
195 2991 286 3042 exitus
298 2990 333 3054 A,
351 2989 444 3042 excrtd
456 2987 503 3053 11²,
518 2993 581 3055 poet
598 2988 623 3041 b.
636 3003 664 3044 u.
678 2987 789 3055 plancus
798 2987 834 3056 (ε)
847 2987 980 3042 careaco
991 2985 1079 3040 Halm
1091 2988 1101 3055 ΙΙ

7 3099 13 3112 ,
133 3071 299 3126 procurrere
311 3071 361 3111 aas
370 3056 438 3110 ibid.
464 3070 645 3124 praecurrere
658 3055 718 3108 LA
727 3053 816 3109 Halm
828 3056 838 3124 ΙΙ
850 3060 866 3107 3
877 3054 1017 3123 pedanius
1024 3055 1105 3116 Par„

133 3123 274 3194 pedanius
292 3124 353 3178 LA
368 3124 378 3192 ΙΙ
395 3131 411 3178 4
430 3097 550 3178 dextra*
567 3121 607 3188 L,
625 3122 753 3178 dextram
771 3124 810 3176 A¹
828 3125 870 3203 [15
888 3125 1022 3190 sequatur
1040 3123 1101 3192 L¹n

135 3197 151 3246 6
169 3191 322 3261 capislunt
340 3193 385 3260 (m.
404 3194 424 3246 2
443 3208 463 3246 e.
484 3192 502 3247 l.
521 3207 558 3245 no
577 3190 656 3258 add.)
676 3191 725 3258 Lu
742 3190 926 3312 inruprtotam
950 3229 966 3256 .,
983 3196 1016 3244 act
1033 3191 1105 3257 uid,

349 3276 367 3312 u

135 3260 172 3314 L¹
190 3260 201 3328 ΙΙ
219 3265 233 3314 7
253 3259 279 3312 le
312 3276 348 3315 on
368 3277 397 3312 m
414 3258 451 3313 L¹
469 3262 479 3327 ιΙ
496 3266 512 3314 9
530 3257 681 3329 petitorem
699 3259 746 3324 L',
765 3273 802 3327 po
819 3258 906 3312 'orem
952 3260 959 3293 ¹
977 3257 987 3325 ΙΙ
1004 3259 1102 3327 poten·

135 3332 194 3405 terp
217 3276 373 3406 mallflg,
411 3328 547 3382 orientem
560 3327 599 3380 A²
611 3327 622 3394 ΙΙ
631 3333 665 3406 ,11
680 3326 769 3393 cedet,
788 3333 820 3380 at
837 3326 908 3388 aid..
922 3325 960 3378 L¹
973 3325 983 3394 ΙΙ
998 3332 1105 3380 locon-

135 3396 189 3450 sub
232 3396 296 3462 clm,
310 3411 374 3449 cons
415 3397 452 3461 A,
464 3396 578 3449 consule
585 3409 696 3462 prwrce
708 3393 767 3448 edd.
783 3395 793 3462 ΙΙ
807 3398 839 3448 18
851 3395 931 3448 aerat
940 3393 977 3447 L¹
990 3395 1000 3463 l
1013 3399 1046 3448 22
1058 3395 1107 3448 ob·

153 3463 293 3531 quitatem
319 3463 404 3528 LA¹‚
435 3461 663 3532 obsequitantem
688 3463 758 3520 Par.
783 3463 793 3530 ΙΙ
817 3469 850 3516 23
877 3461 994 3516 exubiae
1019 3478 1106 3516 ouans

7 3565 14 3584 r
134 3479 275 3586 laetitiam
293 3531 353 3585 LA
369 3533 379 3602 l
396 3537 430 3586 24
446 3530 559 3586 rettubt
575 3529 664 3584 Halm
680 3531 690 3598 ΙΙ
706 3545 840 3598 pyrarum
858 3530 886 3585 L
906 3532 916 3598 ΙΙ
934 3535 965 3585 27
984 3529 1106 3598 fraglan-

135 3599 238 3654 tissimi
255 3600 314 3653 LA
