2604 3960
476 124 554 180 cnr.
573 125 655 195 vni,
674 131 777 192 sr-r.
1055 128 1115 194 155

138 280 194 344 nis
216 277 378 363 pestiferis
401 277 565 343 blanditiis
587 281 776 362 praereptus
799 279 909 362 populi
929 281 1022 345 fauor
1037 301 1112 345 con·

140 364 302 429 sularibus
325 362 462 426 comitiis
485 384 644 427 summum
667 363 802 428 dedecus
828 363 995 430 admittere
1015 384 1113 430 eona·

143 452 241 514 batur
272 447 505 530 amplissimum
536 447 566 511 ei
602 447 725 512 deferre
762 448 941 531 imperium
970 450 1113 533 cupiens,

140 535 233 599 cuius
256 531 450 597 taeterrimis
473 532 553 596 actis
576 533 771 617 exquisitum
790 535 896 614 potius
919 533 1114 618 supplicium

140 639 240 702 quam
261 617 345 682 ullus
367 618 471 681 honos
494 616 677 682 debebatur.
714 638 775 681 nec
797 617 905 683 deerat
929 628 1139 683 consterna-a

139 709 196 768 tae
223 701 423 766 multitudini
450 701 574 766 furialis
601 701 656 766 fax
684 701 873 785 tribunicia,
907 724 988 786 quae
1016 709 1113 768 teme-

138 787 273 852 ritatem
296 786 362 850 eius
392 789 424 850 et
446 788 591 850 ruentem
614 787 820 852 comitaretur
850 791 882 852 et
903 787 1114 872 languentem

141 871 326 936 actionibus
350 870 415 934 suis
437 869 659 937 inflammaret.
704 872 739 934 in
766 874 826 937 hoc
853 872 1036 937 miserando
1057 894 1114 956 pa-

139 957 221 1021 riter
249 960 344 1039 atque
373 956 588 1020 erubescendo
616 958 702 1020 statu
725 956 865 1021 ciuitatis
893 961 1021 1021 tantum
1047 978 1113 1021 non

139 1042 291 1105 manibus
311 1041 515 1104 tribunorum
531 1061 589 1124 pro
604 1042 715 1105 rostris
730 1039 806 1106 Piso
822 1041 1015 1124 conlocatus,
1039 1062 1111 1106 cum
1127 1067 1151 1108 rc

138 1126 217 1191 hinc
240 1129 336 1209 atque
359 1124 449 1188 illinc
472 1125 650 1189 ambissent
675 1147 713 1189 ac
736 1125 922 1205 Palicanum
950 1147 1027 1192 aum
1048 1126 1113 1190 suf·

139 1211 254 1296 fragiis
277 1209 386 1293 populi
410 1209 576 1273 consulem
599 1215 741 1275 creatum
762 1212 1004 1276 renuntiaturus
1028 1215 1113 1276 esset

139 1296 410 1380 interrogaretur,
443 1294 548 1376 primo
576 1295 742 1377 respondit
769 1317 834 1359 non
863 1296 1044 1360 existimare
1078 1317 1112 1360 se

139 1377 242 1444 tantis
263 1379 404 1444 tenebris
428 1377 562 1442 offusam
585 1400 654 1442 esse
681 1401 749 1443 rem
777 1380 954 1463 publicam,
982 1385 1018 1445 ut
1050 1379 1113 1444 huc
1214 1402 1216 1432 τ

139 1464 345 1549 indignitatis
377 1463 549 1526 ueniretur.
600 1463 731 1545 deinde,
764 1484 836 1528 cum
868 1471 1111 1547 perseueranter
1126 1489 1150 1530 rs

140 1550 302 1614 instarent
324 1568 362 1612 ac
384 1547 528 1611 dicerent
550 1553 642 1632 ‘age,
667 1549 694 1610 si
709 1550 841 1611 uentum
862 1548 1003 1612 fuerit?'
1028 1556 1112 1613 ‘non

138 1633 349 1698 renuntiabo'
381 1632 497 1715 inquit.
547 1651 610 1714 quo
643 1630 772 1715 quidem
804 1636 871 1696 tam
904 1633 1028 1697 absciso
1061 1655 1112 1695 re-

139 1739 260 1802 sponso
284 1716 487 1781 consulatum
502 1715 656 1780 Palicano
680 1716 769 1800 prius
792 1737 888 1800 quarn
903 1717 995 1781 illum
1011 1718 1111 1800 adipi-

139 1807 283 1868 sceretur
298 1801 426 1885 eripuit.
458 1800 560 1864 multa
583 1805 615 1866 ct
636 1801 793 1865 terribilia
809 1801 884 1866 Piso
907 1802 1111 1886 contempsit,

139 1890 217 1952 dum
239 1887 418 1970 speciosum
440 1886 558 1949 mentis
581 1907 655 1950 suae
673 1885 760 1950 flecti
782 1907 849 1950 non
872 1888 939 1950 uolt
960 1889 1107 1970 rigorem.
1124 1911 1149 1952 co

202 1975 233 2036 4.
271 1970 421 2035 Metellus
445 1975 551 2034 autem
572 1969 763 2035 Numidicus
785 1974 917 2054 propter
945 1972 1109 2036 consimile

137 2055 397 2142 perseuerantiae
419 2075 523 2137 genus
547 2056 671 2138 excepit
688 2076 812 2139 quoque
830 2055 998 2140 indignam
1014 2057 1111 2120 maie·

11 2194 34 2202 ..
139 2145 224 2207 state
247 2163 284 2205 ac
307 2141 448 2204 moribus
471 2140 536 2202 suis
550 2140 741 2222 procellam:
764 2161 836 2204 curn
860 2141 946 2204 enim
968 2140 1109 2205 animad-

137 2230 279 2291 uerteret
300 2245 364 2309 quo
385 2223 556 2288 tenderent
578 2223 742 2288 Saturnini
765 2225 887 2289 tribuni
915 2227 960 2308 pl.
988 2225 1111 2290 funesti

140 2315 276 2376 conatus
299 2311 483 2394 quantoque
505 2308 590 2372 malo
612 2309 658 2372 rei
674 2309 829 2391 publicae,
853 2310 917 2373 nisi
931 2310 982 2373 his
999 2331 1108 2375 occur·
1122 2332 1147 2373 aa

137 2400 280 2476 reretur,
303 2395 446 2476 erupturi
469 2397 591 2472 essent,
618 2393 653 2456 in
676 2394 806 2457 exilium
829 2414 924 2477 quam
947 2396 982 2458 in
1003 2395 1111 2478 legem

89 2513 93 2521 -
139 2481 207 2545 eius
229 2482 276 2543 ire
291 2479 413 2543 maluit.
438 2482 546 2560 potest
561 2479 674 2562 aliquis
696 2480 758 2543 hcc
781 2479 851 2542 uiro
874 2477 937 2542 dici
961 2483 1108 2543 constan·

138 2568 219 2647 tior,
254 2565 323 2650 qui,
350 2585 391 2627 nc
420 2563 581 2627 sententia
609 2585 666 2626 sua
695 2564 881 2646 pelleretur,
916 2565 1035 2646 patria,
1075 2564 1111 2628 in

138 2673 201 2734 qua
230 2670 390 2712 summum
422 2647 590 2732 dignitatis
609 2646 754 2731 ¹gradum
787 2648 968 2727 obtinebat,
1003 2670 1110 2712 carere

139 2733 315 2799 sustinuit?
1124 2754 1150 2796 ao

209 2909 220 2955 1
241 2901 371 2970 pestiferi
388 2901 470 2955 L¹A¹
484 2903 523 2969 14
541 2901 695 2954 teterrimis
713 2901 740 2954 L
758 2901 767 2968 11
785 2905 800 2954 6
819 2900 1008 2954 multitudinis
1027 2901 1106 2954 L¹A¹
1195 2940 1198 2946 .

140 2971 154 3049 11
172 2969 324 3024 tribunitia
341 2970 401 3023 LA
417 2970 427 3038 11
445 2975 460 3022 ‘1
479 2971 508 3022 et
525 2969 709 3036 languentem
727 2970 759 3022 ia
771 2984 825 3022 rus,
843 2985 878 3022 m.
897 2971 917 3022 2
934 2968 961 3021 L
978 2971 988 3035 11
1014 2977 1041 3021 11
1062 2969 1110 3022 ab·

138 3039 226 3092 issent
244 3037 323 3102 12111,
341 3037 477 3091 abiissent
494 3037 541 3100 A',
560 3051 628 3094 corr,
647 3038 679 3090 irc
697 3037 762 3090 decr.
782 3038 792 3105 1
809 3053 841 3090 ao
859 3037 905 3102 ΑΙ,
925 3051 960 3089 an
978 3037 1017 3090 ΑΞ
1034 3038 1043 3104 11
1061 3052 1110 3104 pa·

138 3106 160 3158 li
182 3122 266 3159 anum
285 3105 364 3170 Μ,
383 3104 481 3172 pallig.
501 3104 540 3157 L²
564 3106 573 3171 11
598 3122 664 3158 num
682 3105 707 3158 b.
727 3105 745 3157 l.
764 3104 881 3169 addidi,
900 3109 964 3172 post
982 3106 1109 3158 creatum

170 3175 240 3234 ulca,
260 3188 311 3226 cm.
331 3172 391 3225 LA
403 3173 413 3239 11
428 3179 458 3225 1-2
475 3171 723 3226 renuntiaturusne
743 3173 817 3224 esset
833 3171 932 3226 Nocet
953 3173 962 3238 1Ι
991 3178 1020 3226 18
1038 3171 1109 3240 pali·

140 3257 209 3295 canc
229 3240 266 3293 L¹
274 3241 320 3303 A1,
337 3240 430 3308 pallio.
449 3240 500 3304 11²,
519 3239 661 3308 pollaoino
675 3239 782 3307 1121120
800 3239 859 3292 fleti
877 3239 980 3307 L¹A111
994 3245 1024 3292 21
1045 3256 1110 3292 con-

139 3309 250 3362 similes
269 3309 295 3362 L
316 3311 326 3377 11
347 3315 378 3361 22
397 3308 575 3360 maiestatem
594 3308 677 3361 L¹A¹
700 3309 709 3374 11
734 3312 766 3360 26
784 3307 813 3360 in
832 3307 948 3360 exilium
966 3308 1006 3361 ire
1025 3323 1110 3374 quam

137 3377 167 3428 in
185 3378 280 3442 legem
299 3377 358 3431 eius
376 3376 469 3429 iurare
488 3374 588 3428 maluit
604 3375 724 3444 Wcaslcy
737 3379 800 3441 Μ
819 3375 877 3428 coll.
899 3375 956 3430 Cic.
971 3391 1024 3442 pro
1042 3375 1111 3430 Sest.

137 3448 249 3567 agillo]
269 3451 294 3498 ct
312 3448 358 3510 16,
378 3448 427 3520 37,
449 3443 516 3496 Lice,
534 3443 652 3510 perturb.
673 3443 718 3497 zib,
737 3446 786 3508 69,·
813 3441 880 3497 Vell.
900 3444 1002 3510 1115;
1027 3443 1111 3499 Flor.
