2604 3960
454 187 531 242 cap.
545 187 612 256 Vn,
633 192 646 252 s
666 195 740 242 3-9.
1021 193 1081 256 147

107 345 144 407 et
166 339 344 406 uehemens
359 339 462 405 Carbo
478 338 560 404 nibil
577 340 664 404 aliud
679 340 805 406 Gallica
819 343 1081 428 peregrinatione

107 428 304 491 consecutus
327 430 376 489 est
398 446 493 508 quam
523 430 559 489 ut
581 425 850 491 animaduerteret
872 432 996 493 sontem
1024 451 1079 513 pa·

106 516 194 576 trem
217 531 310 575 suum
333 511 373 573 ab
395 509 604 595 integerrimo
633 511 704 575 uiro
727 512 761 575 in
784 511 914 578 exilium
938 513 1079 578 missum.

175 597 203 660 7.
237 595 316 660 Cato
339 615 415 658 uero
437 595 583 680 superior
605 615 854 680 saepenumero
876 597 918 660 ab
939 598 1080 662 inimicis

107 682 150 745 ad
174 701 287 746 causae
310 680 483 744 dictionem
506 682 637 744 uocatus
664 702 724 745 nee
751 681 817 745 ullo
840 702 993 764 umquam
1019 683 1106 746 cri-s

106 764 198 831 mine
223 765 390 829 conuictus
413 763 452 828 ad
476 764 624 828 ultimum
645 767 773 830 tantum
800 765 936 830 fiduciae
964 767 998 831 in
1021 788 1080 830 sua

107 851 300 916 innocentia
321 849 480 932 reposuit,
504 851 540 912 ut
563 849 603 913 ab
625 849 724 916 bisin
740 850 960 934 quaestionem
976 850 1080 935 publi-

108 957 182 1000 cam
198 933 352 998 deductus
368 933 416 999 Ti.
431 932 624 1015 Gracchum,
640 955 660 997 a
675 956 738 1018 quo
754 939 789 999 in
804 934 1079 1000 administratione

106 1021 156 1083 rei
185 1019 332 1103 publicae
361 1017 401 1082 ad
427 1019 565 1083 multum
593 1018 701 1083 odium
725 1020 913 1105 dissidebat,
940 1020 1078 1085 iudicem

14 1168 17 1175 ,
108 1103 307 1188 deposceret.
352 1124 414 1186 qua
436 1103 564 1186 quidem
595 1103 695 1167 animi
718 1105 916 1188 praestantia
937 1105 1078 1190 pertina-
1093 1130 1118 1169 10

108 1191 194 1254 ciam
218 1209 327 1252 eorum
349 1187 530 1252 insectandi
552 1207 586 1251 se
608 1186 759 1253 inhibuit.

174 1274 206 1338 8.
223 1273 343 1336 Eisdem
358 1272 404 1336 M.
417 1270 527 1337 Scauri
543 1272 684 1357 fortuna,
701 1295 800 1357 aeque
816 1278 965 1340 senectus
980 1274 1079 1359 longa

108 1379 147 1423 ac
171 1356 318 1439 robusta,
341 1357 425 1421 idem
442 1356 578 1421 animus.
610 1356 752 1440 quicum
774 1379 833 1442 pro
855 1360 968 1425 rostris
990 1381 1081 1424 accu-

108 1445 247 1520 saretur,
277 1441 360 1525 quod
390 1442 430 1506 ab
457 1461 532 1526 rege
559 1439 725 1508 Mitridate
754 1444 796 1508 ob
823 1465 892 1508 rem
918 1444 1080 1528 publicam

106 1526 307 1612 prodendam
335 1525 505 1610 pecuniam
533 1527 726 1609 accepisset,
756 1548 883 1592 cansam
911 1550 1002 1593 snam
1032 1530 1079 1593 ita
1093 1553 1118 1592 ra

107 1611 194 1697 egitz
217 1614 279 1675 ‘est
301 1613 386 1674 enim
409 1609 540 1694 inicum,
563 1609 712 1694 Quirites,
736 1632 809 1676 cum
829 1613 914 1677 inter
932 1612 1011 1678 alios
1033 1613 1079 1676 ui·

106 1697 227 1781 xerirn,
257 1695 343 1778 apud
370 1694 448 1759 alios
475 1715 526 1758 me
552 1696 712 1760 rationem
732 1698 820 1760 uitae
846 1697 991 1775 reddere,
1025 1695 1079 1760 sed

50 1799 55 1806 “
106 1785 218 1846 tamen
241 1779 364 1845 audebo
387 1801 455 1862 uos,
479 1801 615 1863 quorum
636 1780 739 1844 maior
759 1802 834 1864 pars
849 1781 1026 1846 honoribus
1048 1784 1080 1845 et

107 1867 188 1940 actis
210 1865 291 1929 meis
313 1864 469 1929 interesse
490 1885 559 1928 non
578 1865 698 1948 potuit,
722 1865 937 1952 interrogare:
959 1864 1079 1931 Varius

109 1951 247 2017 Seuerus
270 1949 481 2015 Sucronensis
504 1949 676 2013 Aemilium
704 1949 858 2015 Scaurum
885 1951 976 2035 regia
997 1971 1077 2014 mer·
1092 1974 1117 2014 ao

107 2035 185 2100 cede
208 2037 395 2118 corruptum
416 2033 587 2117 imperium
609 2034 722 2118 populi
741 2033 880 2100 Romani
898 2035 1078 2120 prodidisse

106 2121 170 2205 ait,
201 2119 358 2184 Aemilius
381 2116 520 2183 Scaurus
542 2118 618 2183 huic
647 2140 681 2183 se
710 2118 847 2185 adfinem
874 2141 941 2185 esse
965 2120 1078 2204 cnlpae

109 2209 225 2290 negat:
263 2204 328 2267 utri
365 2201 536 2266 creditis'?
574 2203 664 2267 cuius
697 2203 908 2269 admiratione
939 2205 1078 2289 populns

108 2292 279 2354 conmotus
295 2287 431 2354 Varium
454 2288 494 2352 ab
517 2288 573 2352 illa
596 2287 837 2354 dementissima
859 2290 986 2355 actione
1007 2311 1077 2374 per·

106 2376 208 2440 tinaci
230 2374 367 2438 clamore
390 2371 521 2455 depulit.
1090 2397 1116 2436 aa

171 2460 200 2524 9.
224 2458 346 2524 Contra
366 2454 412 2520 M.
429 2457 593 2520 Antonius
616 2456 671 2520 ille
694 2457 831 2522 disertus
847 2496 887 2507 —
902 2480 968 2523 non
991 2460 1076 2524 enirn

173 2628 312 2681 2sortem
330 2593 422 2690 L¹⁶A¹,
441 2627 537 2679 sorte*
554 2625 635 2678 L²A²
656 2627 665 2694 ss
687 2633 702 2681 3
721 2625 771 2679 sui.
787 2627 814 2680 Α
835 2629 845 2695 ΙΙ
866 2633 883 2681 4
901 2629 1076 2681 catorruero

29 2737 33 2741 -
106 2697 132 2750 L
149 2697 158 2763 ss
176 2709 311 2750 numero*
328 2694 356 2747 L
373 2695 382 2762 [1
402 2699 416 2747 ἵ
434 2694 467 2746 iis
485 2693 572 2746 Halm
589 2695 599 2760 ΙΙ
617 2695 794 2760 questionem
812 2695 839 2748 L
860 2696 870 2763 ΙΙ
891 2701 907 2750 8
925 2695 1075 2764 gracchum

106 2765 135 2825 (h
153 2779 173 2818 s.
187 2763 217 2825 t.)
236 2763 285 2831 Lu
300 2767 331 2816 10
347 2761 508 2883 prestantia
525 2760 564 2825 L,
582 2762 745 2828 praesentia
756 2761 842 2816 Halm
861 2764 957 2817 econi.
972 2761 1077 2816 Vorstii

105 2829 325 2953 &pertinatiam
395 2831 405 2897 ss
428 2835 459 2882 12
481 2828 668 2898 fortunaeque
691 2830 727 2883 L¹
754 2831 764 2896 ΙΙ
789 2836 825 2908 ,16
849 2831 935 2910 enim]
960 2829 1075 2896 quidem

133 2917 143 2952 e
161 2900 232 2962 bans,
245 2913 390 2951 enrmuero
405 2896 487 2952 Gerre
496 2913 524 2964 p.
536 2900 598 2963 273,
617 2899 675 2952 coll.
688 2897 811 2967 Modnrq
824 2915 872 2955 em.
886 2898 954 2953 Len.
968 2912 998 2964 p.
1011 2899 1072 2952 244.

105 2915 173 3021 nida·
190 2965 308 3020 delenda
325 2965 384 3019 nid.
425 2965 560 3031 articulo,
570 2981 650 3086 ἔκαε
661 2966 735 3020 inter
752 2965 805 3020 litt.
820 2973 834 3022 e
847 2965 889 3019 ini
899 2964 985 3031 facite
995 2966 1075 3018 nasci

101 3039 211 3104 poterat
223 3035 233 3102 ΙΙ
245 3034 374 3102 iniquum
421 3032 475 3085 ²A²
492 3033 501 3100 ΙΙ
519 3039 552 3088 20
591 3049 692 3086 euerus
711 3047 761 3090 om.
779 3033 812 3087 in
830 3034 891 3089 edd.
911 3037 977 3086 cett.
995 3047 1072 3085 reno·
1105 3041 1124 3066 ·

105 3104 169 3158 cuni
187 3117 221 3156 en
238 3101 298 3155 LA
316 3101 381 3156 dett.
404 3103 414 3169 u
435 3101 597 3154 neronensis
615 3101 656 3170 L,
675 3102 847 3156 neronemsis
866 3101 926 3170 (sic)
945 3100 996 3166 ΑΙ,
1016 3117 1074 3152 mu-

105 3171 244 3225 cronensis
255 3170 294 3222 A*
307 3170 316 3238 ΙΙ
329 3173 362 3222 80
375 3174 400 3223 et
414 3174 446 3221 22
459 3167 586 3221 emiliam
597 3169 639 3235 L,
653 3185 822 3237 praenomen
834 3187 870 3222 m.
883 3173 946 3222 ntro
965 3182 1001 3221 ne
1018 3167 1074 3222 ioco

104 3239 167 3293 cdd.
187 3252 281 3307 marpo
299 3237 326 3290 A
349 3237 359 3306 ΙΙ
383 3242 416 3290 23
439 3235 542 3304 cuius],
566 3237 661 3290 eines?
679 3237 737 3304 nel,
761 3237 902 3302 Quirites?
974 3235 1074 3289 erbord

44 3309 45 3314 ’
100 3321 129 3375 p.
146 3309 210 3372 156,
224 3310 287 3372 post
305 3305 328 3360 b.
349 3321 376 3359 n.
396 3303 461 3358 cdd.
482 3303 550 3356 dicti
567 3303 641 3367 EF,
661 3303 831 3358 defensionis
851 3308 882 3358 Γ.
913 3303 1023 3370 mutim,
1048 3305 1076 3357 sr'

105 3374 172 3444 qnid
194 3373 342 3438 ceciderit,
365 3372 397 3426 id
419 3371 492 3440 qnod
512 3369 619 3436 facturn
641 3388 696 3426 esse
717 3378 799 3442 neqnt
821 3371 953 3426 Fontseb
975 3371 1071 3434 1119,

104 3441 229 3510 supplere
246 3440 333 3494 animi
351 3456 412 3494 cnm
429 3438 563 3492 Biunmr'o
576 3455 605 3509 p.
625 3443 660 3494 38
677 3441 723 3494 nel
740 3439 859 3494 fiduciae
872 3441 882 3508 ΙΙ
895 3441 973 3494 cuius
992 3439 1071 3492 adse-

105 3507 248 3564 ueratione
270 3522 336 3576 pop.
358 3505 479 3577 Wensiry
500 3509 619 3574 188212.
638 3510 692 3562 372.
713 3509 774 3562 coll.
797 3507 868 3576 Vs,
886 3511 903 3560 4
927 3509 936 3576 {J
961 3513 993 3561 26
1015 3523 1070 3560 non

9 3573 14 3586 '
106 3577 177 3632 enim
190 3578 355 3630 -testatus
374 3577 417 3629 est
429 3574 591 3642 parenthesi
609 3574 708 3630 inclns.
728 3576 814 3630 Habn

866 3663 919 3715 10*
