2608 3952
466 156 542 212 oar.
560 156 628 221 1111,
647 162 750 222 cr-r.
1035 161 1099 226 293

192 310 299 389 Idem,
324 332 396 375 curn
419 309 487 374 Ser.
505 308 666 393 Sulpicius
682 309 785 374 Galba
808 315 841 375 et
854 311 1004 376 Aurelius
1027 333 1102 376 oon-

129 395 215 459 sules
230 395 266 459 in
281 398 396 459 senatu
413 395 647 459 contenderent
660 398 733 458 uter
753 396 905 461 aduersus
919 396 1102 462 Viriathum

129 481 164 544 in
183 479 378 563 Hispaniam
400 481 592 563 mitteretur,
615 501 652 543 ac
674 500 793 566 magna
807 481 893 545 inter
906 486 1014 565 patres
1030 503 1103 546 con-

129 566 266 648 scriptos
289 564 447 629 dissensio
470 568 568 648 esset,
599 565 748 628 omnibus
775 585 914 648 quonam
942 566 1008 630 eius
1030 587 1103 630 sen·
1198 609 1200 616 ,

128 651 235 714 tentia
256 650 465 714 inclinaretur
491 649 748 733 expectantibus,
782 653 964 714 ‘neutrum'
998 651 1129 733 inquito

131 735 228 800 ‘mihi
250 735 337 799 mitti
352 735 470 818 placet,
493 734 569 818 quia
583 734 666 798 alter
679 733 763 798 nihil
777 733 885 813 habet,
909 735 1002 799 alteri
1021 734 1105 798 nihil

129 824 179 884 art
199 820 309 900 sahs’,
338 839 438 902 aeque
460 819 579 882 malam
606 819 733 882 licentis
762 820 888 903 imperii
916 819 1104 904 magistram

128 904 276 969 iudicans
297 903 442 986 inopiam
464 907 560 986 atque
582 902 760 968 auaritiam.
796 924 858 987 quo
873 903 959 968 dieto
974 907 1012 968 ut
1026 925 1104 967 neu-

128 993 178 1054 ter
200 990 236 1052 in
257 988 459 1072 prouinciam
481 989 663 1052 mitteretur
684 988 838 1052 obtinuit.

193 1075 225 1139 3.
242 1073 277 1137 O.
290 1093 367 1136 uero
384 1072 530 1156 Popilius
545 1095 565 1137 a
579 1076 694 1136 senatu
709 1072 836 1156 legatus
851 1073 892 1137 ad
902 1071 1104 1137 Antiochum
1117 1091 1143 1131 10

129 1162 256 1237 missua,
279 1163 317 1222 ut
338 1157 425 1222 bello
448 1178 491 1235 se,
516 1178 578 1240 quo
593 1156 814 1221 Ptolemaeum
836 1157 1024 1240 lacessebat,
1048 1157 1104 1220 ab·

129 1245 273 1324 stinerat,
291 1264 365 1306 cum
380 1247 420 1306 ad
435 1263 508 1306 eum
524 1241 668 1306 uenisset
680 1245 777 1325 atque
793 1244 983 1326 inprompto
996 1243 1105 1307 animo

129 1333 162 1394 et
189 1327 385 1392 amicissimo
414 1327 507 1390 uultu
536 1325 698 1401 dexteram
726 1326 757 1390 ei
782 1328 993 1410 porrexisset,
1022 1327 1105 1391 inui-

130 1435 200 1478 cem
223 1412 274 1476 illi
296 1433 388 1475 suam
409 1411 578 1494 porrigere
600 1410 719 1490 noluit,
744 1412 801 1474 sed
823 1411 959 1475 tabellas
975 1416 1107 1475 senatus

131 1497 312 1563 consultum
336 1495 536 1560 continentis
558 1494 703 1559 tradidit.
737 1515 817 1577 quas
839 1498 876 1558 ut
897 1496 978 1579 legit
991 1496 1106 1560 Antio·
1120 1514 1145 1554 15

134 1583 229 1664 chus,
253 1581 335 1644 dixit
356 1601 390 1644 se
413 1601 485 1644 cum
506 1579 618 1643 amicis
632 1579 885 1642 conlocutorem.
921 1580 1108 1662 indignatus

132 1666 295 1751 Popilius,
319 1665 404 1748 quod
426 1665 565 1748 aliquam
587 1684 712 1728 moram
731 1663 995 1746 interposuisset,
1017 1665 1109 1747 uirga

133 1752 254 1832 solum,
285 1771 348 1834 quo
378 1749 563 1830 insistebat,
592 1747 759 1812 denotauit
786 1751 820 1811 et
849 1748 972 1831 ‘prius'
1002 1747 1110 1830 inquit

136 1840 251 1921 ‘quarn
273 1834 334 1900 hoo
358 1835 478 1899 circulo
501 1833 636 1898 excedas
659 1832 700 1895 da
721 1852 925 1916 responsum,
954 1831 1040 1915 quod
1062 1852 1108 1896 se·

136 1920 229 1986 natui
245 1920 410 1984 referam'.
433 1939 500 1982 non
514 1919 658 2003 legatum
673 1918 829 1998 locutum,
853 1915 908 1980 sed
931 1917 1034 2000 ipsam
1058 1937 1108 1980 cu·
1122 1936 1148 1976 ro

135 2006 216 2070 riam
246 2009 321 2068 ante
348 2004 458 2068 oculos
488 2006 625 2086 positam
653 2002 812 2066 crederes:
841 2002 993 2066 continuo
1023 2001 1110 2064 enim

133 2111 191 2154 rex
220 2088 404 2152 adfirmauit
436 2087 507 2151 fore
535 2109 577 2152 ne
605 2087 743 2170 amplius
766 2085 815 2182 Nde
845 2108 879 2150 se
907 2085 1110 2150 Ptolemaeus

135 2178 334 2259 quereretur,
357 2194 396 2236 ac
410 2176 478 2236 tum
495 2170 621 2236 demum
637 2171 782 2255 Popilius
797 2192 928 2236 manum
947 2171 1016 2234 eius
1030 2174 1110 2234 tam·

133 2280 230 2342 quarn
253 2258 335 2321 socii
349 2255 572 2339 adprehendit.
606 2278 702 2340 quam
716 2255 833 2320 efficax
855 2259 905 2320 est
926 2256 1024 2320 animi
1047 2276 1110 2318 ser-

131 2344 300 2426 monisque
323 2341 450 2438 abscisa
472 2342 631 2438 grauitas!
670 2339 785 2438 eodem
811 2343 975 2406 momento
998 2340 1147 2423 Syriaeue

131 2447 279 2576 regchrj·
291 2429 407 2574 heritrdiii
413 2426 765 2592 'Rdtiliiiielrlidxplhris
780 2530 823 2572 an
837 2509 926 2573 facta
943 2509 1109 2572 aestimem

131 2597 257 2662 nescio:
290 2616 367 2659 nam
388 2596 532 2679 utrisque
554 2615 654 2678 aeque
682 2593 870 2658 admirabile
899 2594 984 2658 inest
1003 2591 1109 2657 robur.

202 2805 214 2852 1
234 2799 344 2854 seruius
362 2798 422 2852 LA
434 2797 444 2864 l
457 2796 544 2864 gleba
555 2795 595 2850 A²
607 2797 619 2916 l
629 2811 681 2848 aur
693 2794 733 2860 L,
752 2796 804 2848 aui
822 2796 859 2862 (et
875 2810 897 2851 a.
910 2795 929 2848 l.
943 2793 1010 2847 add.
1029 2807 1110 2846 aure·

131 2866 186 2920 lius
205 2865 244 2918 sio
262 2870 300 2930 u.)
320 2866 359 2918 A²
378 2881 392 2920 e
408 2865 478 2920 Par.
501 2863 511 2931 ΙΙ
533 2864 608 2917 Aure
620 2864 662 2916 ius
683 2862 767 2916 Cotta
783 2877 840 2916 noa
858 2863 930 2916 male
949 2859 1109 2923 Torrentur.

132 2939 163 2988 at
180 2939 212 2986 ct
229 2948 279 2987 noa
295 2932 366 2985 Par.
390 2933 400 3000 ΙΙ
425 2930 554 2985 conerin
572 2931 630 2997 (aed
647 2931 676 2982 in
694 2947 728 2988 m.
743 2933 763 2983 2
780 2929 858 2995 cdd.)
878 2932 906 2983 A
927 2930 937 2997 ΙΙ
962 2935 977 2981 2
996 2927 1111 2980 conten·

132 3001 234 3054 derant
256 3000 296 3067 (te
314 3004 379 3053 m.3
396 3015 416 3056 a.
436 2999 453 3052 l.
483 2997 510 3050 L
527 2999 537 3067 ΙΙ
560 2999 695 3052 uiriaturn
713 2997 796 3050 L²A⁸
814 2997 893 3059 Par„
916 3001 946 3051 ot
963 3011 989 3048 o.
1010 2994 1114 3047 VIIII

131 3073 162 3132 6,
181 3071 199 3120 4
216 3068 226 3135 ΙΙ
243 3072 259 3120 6
277 3066 326 3136 qui
344 3067 417 3120 alter
464 3067 471 3100 ¹
490 3066 500 3133 ΙΙ
517 3071 533 3120 9
551 3066 676 3134 optinuit
692 3067 732 3119 A²
752 3065 762 3132 ΙΙ
781 3071 813 3119 10
831 3064 859 3122 G.
877 3066 957 3127 Par,
979 3063 1009 3116 O.
1025 3063 1052 3116 fi.
1073 3061 1109 3123 L,

133 3135 238 3191 O.N.A
250 3135 260 3202 ΙΙ
273 3132 436 3188 anthiocum
448 3134 518 3187 LA¹
531 3133 541 3201 l
556 3139 585 3187 11
599 3134 652 3190 litt.
670 3133 698 3186 lo
716 3149 746 3187 se
765 3145 863 3200 quoe*
874 3132 907 3185 in
917 3147 973 3185 rae.
987 3131 1024 3195 A,
1043 3145 1100 3198 quo

132 3204 201 3258 cdd.
220 3202 330 3272 popilii
347 3202 406 3323 qu
420 3207 450 3255 11
469 3201 645 3273 ptolqmeum
664 3201 716 3266 (sic
731 3201 758 3260 b.
778 3201 807 3263 l.)
826 3199 885 3252 LA
907 3201 917 3268 ΙΙ
939 3205 970 3252 12
987 3197 1031 3251 his
1048 3199 1077 3250 A
1096 3197 1099 3264 l

133 3278 166 3326 15
184 3270 361 3324 continentes
407 3271 506 3324 ⁸Pcr.
527 3271 537 3337 ΙΙ
559 3269 707 3322 anthiocus
725 3268 798 3322 LA²
814 3267 824 3335 ΙΙ
849 3274 881 3321 16
899 3266 1112 3320 conlocatarum

132 3340 170 3392 Al
192 3341 202 3408 u
225 3344 257 3393 18
275 3338 351 3406 quod
370 3337 429 3404 (sed
447 3338 466 3390 d
484 3338 623 3456 expromt,
642 3336 682 3401 L,
709 3335 730 3388 I.
748 3336 779 3389 P.
799 3349 855 3400 quo
873 3334 1000 3387 instabat
1016 3347 1112 3402 mcryo

133 3408 161 3460 A
179 3407 275 3460 ePar.
290 3407 300 3474 ΙΙ
312 3405 411 3473 inquid
423 3406 462 3457 Αι
480 3405 490 3472 ΙΙ
509 3410 541 3457 22
580 3405 610 3457 to
624 3419 720 3474 emens
732 3402 773 3466 L,
791 3402 953 3472 ptolomeus
965 3402 1006 3465 A,
1024 3419 1053 3456 a.
1072 3400 1112 3453 ad

129 3475 299 3544 p.49,8l123
318 3473 504 3542 quaereretur
512 3472 548 3526 A¹
559 3421 719 3548 llpopulius
732 3469 793 3539 (sic)
806 3471 843 3523 A¹
857 3472 868 3538 ΙΙ
880 3476 913 3524 27
930 3469 1019 3540 pluris
1030 3468 1113 3523 Pcra'-

133 3543 243 3610 zonius,
261 3542 340 3610 prius
358 3541 420 3594 LA
436 3539 526 3594 Halm
538 3540 548 3608 ll
562 3545 595 3593 28
612 3541 730 3605 utriusq.
750 3538 819 3591 LA¹
