2604 3960
210 134 273 199 164
608 129 675 188 LlB.
693 130 752 188 IIII.

208 283 425 368 amplissimus
448 283 527 348 ordo
549 282 748 366 populusque
770 285 858 348 tutus
882 285 966 350 essct
995 283 1036 348 ab
1065 284 1181 352 iniusti

206 369 288 434 facti
310 368 572 452 reprehensione.
661 390 664 398 ¹

276 452 307 518 5.
330 453 448 518 Fabius
470 473 547 517 uero
570 449 737 530 Maximus,
761 473 832 518 cum
855 473 875 516 a
897 473 930 516 se
952 452 1124 536 quinquies
1147 456 1180 520 et

212 560 231 602 a
245 541 346 622 patre,
370 559 441 621 auo,
463 557 586 622 proauo
601 536 838 620 maioribusque
853 536 919 602 suis
933 557 1028 620 saepe
1043 558 1179 604 numero

186 622 414 687 sconsulatnm
436 625 563 706 gestum
585 620 869 705 animaduerteret,
892 621 1040 699 comitiis,
1064 623 1179 706 quibus

212 707 387 772 filiuseius
410 726 535 771 summo
557 726 717 770 consensu
740 705 850 772 consul
872 707 1055 785 creabatur,
1083 729 1181 791 quam

210 792 321 876 potuit
337 797 524 856 constanter
539 811 612 854 curn
626 790 745 939 populo
760 790 827 874 egit
842 793 878 856 ut
900 790 1072 873 aliquando
1087 812 1183 858 uaca⁴

214 877 337 941 tionem
358 875 453 939 huius
476 875 609 940 honoris
654 897 673 939 a
695 875 745 939 iae
766 875 858 959 genti
880 874 981 956 deret,
1004 896 1072 940 non
1094 875 1180 959 quod

214 959 388 1024 uirtutibus
410 959 470 1023 filii
492 958 662 1041 diffideret,
687 959 862 1024 eratenim
884 959 1034 1042 inluster,
1060 961 1115 1024 sed
1137 981 1179 1026 ne

176 1066 201 1104 ιο
215 1045 394 1109 maximum
422 1043 593 1127 imperium
621 1045 656 1108 in
684 1065 748 1108 una
774 1043 899 1108 familia
925 1044 1178 1110 continuaretur.

215 1127 291 1212 quid
314 1127 374 1192 hac
395 1128 616 1192 moderatione
638 1129 799 1194 efficacius
822 1132 877 1192 aut
899 1128 1074 1208 ualentius,
1098 1150 1180 1211 quae

214 1213 311 1276 etiam
339 1213 459 1360 plima
490 1211 650 1297 adfectus,
680 1213 736 1297 qui
763 1212 980 1296 potentissimi
1008 1211 1179 1293 habentur,

214 1317 250 1360 su
274 1316 363 1360 oraru

252 1318 307 1445 Ρ6.
331 1380 406 1445 Non
429 1380 530 1445 defuit
551 1381 723 1447 maioribus
769 1384 839 1446 rata
860 1401 952 1446 mens
974 1380 1014 1446 ad
1036 1382 1180 1466 praemia

176 1485 201 1526 15
215 1465 373 1549 superiori
400 1465 556 1532 Africano
585 1401 795 1548 exsoluendo,
824 1467 851 1530 si
879 1465 1007 1550 quidem
1039 1466 1180 1532 maxima

215 1550 283 1615 eius
298 1550 412 1615 merita
426 1550 557 1635 paribus
572 1550 769 1616 ornamentis
792 1555 940 1638 decorare
963 1551 1071 1616 conati
1093 1555 1180 1617 sunt.

213 1635 384 1699 uoluerunt
398 1635 447 1698 illi
462 1637 582 1700 statuas
601 1636 636 1700 in
659 1635 801 1714 comitio,
823 1636 858 1698 in
875 1635 998 1715 rostris,
1020 1635 1056 1700 in
1078 1635 1179 1717 curia,

212 1717 1181 1887 sresererelensiensibusinin

175 1911 201 1951 so
215 1885 407 1971 Capitolinis
421 1886 646 1971 puluinaribus
662 1888 834 1972 adplicare,
856 1887 1029 1954 uoluerunt
1051 1889 1080 1954 ei
1102 1909 1180 1955 con-

214 1973 341 2036 tinuum
367 1993 426 2056 per
454 1992 565 2036 omnes
592 1971 679 2037 uitae
707 1994 807 2038 annos
835 1971 1038 2038 consulatum
1066 1993 1180 2058 porpe-

213 2058 364 2202 tuamcpue
388 2056 579 2122 dictaturam
600 2056 756 2123 tribuere:
781 2077 917 2141 quorum
937 2058 1021 2124 nibil
1042 2057 1105 2123 sibi
1125 2079 1182 2126 ne·

214 2161 275 2223 qne
297 2139 467 2223 pebiscito
490 2140 560 2206 dari
586 2162 690 2226 neque
718 2147 847 2208 renatus
874 2141 1022 2209 consulto
1051 2143 1182 2208 decerni

214 2224 367 2308 patiendo
390 2245 491 2308 paene
512 2228 640 2291 tantum
668 2248 702 2291 se
729 2227 763 2291 in
789 2226 976 2292 recusandis
1004 2225 1180 2292 honoribus

176 2331 201 2371 rs
214 2308 331 2391 gessit,
355 2312 511 2392 quantum
533 2314 645 2395 egerat
666 2311 701 2375 in
723 2311 912 2376 emerendis.

277 2391 400 2458 Eodem
422 2395 534 2462 robore
556 2397 674 2462 mentis
696 2417 826 2462 oausam
848 2395 1041 2462 Hannibalis
1069 2395 1104 2460 in
1131 2416 1179 2460 se-

214 2479 294 2542 natu
317 2479 467 2562 protexit,
491 2501 564 2545 cum
586 2502 658 2545 eum
675 2481 761 2546 ciues
784 2480 833 2544 sui
849 2479 954 2544 missis
970 2479 1085 2564 legetis
1101 2483 1179 2546 tam-

214 2583 311 2645 quam
325 2561 498 2630 seditiones
518 2564 603 2650 apud
624 2587 679 2630 eos
699 2568 884 2630 mouentem
904 2567 1099 2630 accusarent.
1128 2564 1181 2629 ad·

214 2646 375 2731 iecitque
398 2671 437 2714 ue
459 2671 526 2714 non
547 2655 694 2734 oportere
717 2655 824 2733 patres
847 2649 1046 2732 conscriptos
1073 2670 1107 2714 se
1134 2649 1181 2714 rei

176 2752 202 2793 ao
216 2731 362 2816 publicae
410 2735 700 2819 artbaginiensium
729 2735 932 2817 interponere
960 2733 1180 2817 altissimaque

214 2816 435 2883 moderatione
458 2819 590 2885 alterius
612 2819 708 2884 saluti
729 2818 898 2898 consuluit,
921 2819 1053 2884 alterius
1076 2817 1181 2902 digni·

284 2977 300 3024 3
318 2967 423 3023 Fabius
441 2984 508 3024 uero
526 2969 558 3023 iu
575 2985 631 3026 ros.
646 2975 670 3022 A
684 2969 694 3037 l}
706 2975 722 3023 8
735 2969 818 3022 huius
835 2983 896 3036 om.‚
915 2968 971 3027 scd.
991 2986 1025 3024 m.
1040 2970 1100 3024 liu
1112 2985 1181 3040 mrp.

215 3038 282 3092 odd.
301 3036 336 3102 L,
355 3038 415 3092 eius
433 3037 502 3094 Por.
517 3037 527 3106 ΙΙ
539 3037 616 3092 fabia
634 3052 649 3090 e
671 3036 730 3091 enti
747 3037 799 3102 L¹,
822 3035 882 3089 labi
904 3037 1000 3118 egenti
1017 3037 1055 3092 Α1
1073 3037 1083 3106 ΙΙ
1100 3037 1182 3092 daret

214 3119 264 3161 nos
282 3121 296 3160 e
311 3105 393 3169 Par„
411 3105 512 3184 darent
529 3104 588 3158 LA
603 3103 638 3158 H
649 3171 655 3182 ·
665 3121 691 3159 m
703 3105 712 3172 ΙΙ
745 3104 764 3158 d
781 3104 808 3157 L
816 3105 862 3225 §a
881 3103 900 3158 d
916 3121 949 3158 m
964 3119 1020 3182 rae.
1030 3119 1107 3208 ²corr.
1126 3120 1182 3160 nou

216 3172 754 3320 iitirieo'rtleil’qiilrillglpegniilii’Lllffl
773 3176 836 3319 {telle
845 3172 1033 3317 >eiioll1ueiidg
1048 3172 1183 3318 isilerirfsi)

215 3307 243 3360 A
259 3308 269 3376 ΙΙ
288 3313 319 3362 18
337 3324 367 3361 rn
384 3325 394 3360 r
416 3323 447 3360 sa
464 3307 529 3375 (bn.
549 3323 578 3360 nr
596 3323 606 3358 1
622 3322 655 3361 m
672 3322 728 3362 ras.
746 3321 849 3362 mucore
880 3307 908 3361 A
920 3308 930 3375 ΙΙ
944 3312 975 3361 19
997 3307 1183 3377 triumphalis

217 3377 248 3442 (e.
266 3389 335 3431 erus.
353 3375 386 3429 ui
407 3377 425 3440 .)
444 3373 635 3452 Assindutum
651 3374 688 3427 A¹
708 3375 718 3444 ΙΙ
736 3380 768 3428 22
786 3374 845 3453 nihi
874 3389 925 3433 cm.
944 3374 1027 3436 LA¹‚
1047 3381 1111 3442 post
1128 3375 1183 3430 sibi

215 3441 289 3564 iidd
289 3442 357 3562 §1²31
370 3447 402 3496 27
421 3459 481 3496 sur*
500 3444 523 3510 (s
542 3441 729 3511 er·cs.)L1128
747 3442 911 3496 molientem
923 3441 993 3509 EF,
1011 3447 1043 3497 at
1059 3443 1094 3509 cf.
1110 3442 1178 3499 Veli.

308 3548 314 3574 l
