2606 3952
461 187 537 242 csP.
557 185 646 256 V1111,
664 193 679 253 a
696 194 773 244 4-8.
1043 193 1103 256 101

132 339 286 424 depositis
315 338 494 404 inimicitiis
524 341 686 406 artissimo
719 362 753 405 se
785 342 946 407 amicitiae
973 342 1102 408 foedere

129 423 320 506 iunxissent,
345 427 505 488 seruatam
529 425 570 489 ab
585 426 664 510 ipsis
679 426 817 508 patriam
833 429 996 492 communi
1010 429 1104 512 stirpi

129 508 321 574 seruandam
343 509 496 573 relicturi.
541 508 703 575 Salinator
724 532 801 576 uero
834 515 986 595 quattuor
1006 515 1102 596 atque

128 593 223 658 XXX
250 594 353 658 tribus
388 594 474 658 inter
506 595 648 660 aerarios
678 595 799 660 referre
829 617 897 660 non
930 596 1101 678 dubitauit,

129 681 229 762 qaod,
254 700 326 742 oum
350 699 383 741 se
407 677 629 762 damnassent,
653 684 764 764 postea
785 681 951 745 consulem
974 683 1007 745 et
1029 699 1128 747 cen-⁵

129 784 235 828 sorem
257 763 425 838 iecissent,
448 764 692 848 praetexuitque
716 786 853 847 causam,
877 766 951 849 quia
973 786 1103 830 necesse

129 852 216 913 esset
238 867 291 912 eas
314 848 467 912 alterutro
490 849 578 913 facto
603 849 738 914 crimine
753 849 944 914 temeritatis
961 853 1018 914 aut
1032 873 1102 934 per-

129 933 205 997 iurii
227 933 340 997 teneri.
384 953 482 996 unam
505 937 631 998 tantum
653 935 749 999 modo
772 935 916 999 tribuum
944 934 1102 1000 Maeciam

127 1037 266 1082 uacuam
294 1021 374 1083 nota
395 1017 542 1102 reliquit,
570 1039 652 1102 quae
680 1040 753 1083 eum
779 1019 942 1104 suffragiis
970 1020 1036 1084 suis
1065 1025 1102 1084 ut

128 1123 197 1168 non
219 1102 443 1185 damnatione,
467 1103 513 1169 ita
528 1124 570 1167 ne
585 1103 707 1168 honore
723 1103 853 1186 quidem
869 1105 1003 1190 dignum
1018 1104 1097 1170 indie
1114 1125 1139 1164 10

128 1190 267 1252 cauerat.
323 1207 418 1270 quam
454 1192 602 1271 putemus
640 1189 818 1253 constantis
856 1192 888 1254 et
924 1189 1102 1272 praeualidi

129 1272 224 1336 illum
255 1271 381 1357 ingenii
413 1270 530 1354 fuisse,
565 1273 620 1356 qui
653 1294 758 1357 neque
791 1273 879 1338 tristi
912 1273 1104 1339 iudiciorum

128 1357 218 1422 exitu
246 1356 385 1440 conpelli
411 1377 517 1441 neque
550 1357 709 1422 honorum
737 1358 962 1442 magnitudine
989 1358 1104 1423 adduci

153 1440 239 1506 otuit
259 1461 322 1525 quo
346 1461 380 1505 se
402 1441 602 1507 blandiorem
624 1443 659 1506 in
681 1441 962 1506 administratione
976 1444 1023 1507 rei
1046 1465 1103 1526 pu·

128 1463 233 1592 ilices
279 1525 406 1590 ereret?
1114 1545 1138 1585 15

194 1611 224 1674 7.
276 1610 413 1694 questris
428 1630 555 1694 quoqne
571 1609 693 1674 ordinis
715 1611 800 1675 bona
820 1631 1002 1694 magnaque
1023 1633 1097 1694 pars

130 1710 217 1760 ccco
236 1696 368 1760 iuuenes
396 1696 574 1759 censoriam
595 1698 707 1759 notam
722 1695 864 1778 patiente
880 1694 988 1759 animo
1004 1697 1098 1760 sueti·

128 1782 279 1859 nuerunt,
302 1799 381 1863 quos
397 1779 450 1843 Μ’.
467 1779 617 1844 Valerius
632 1782 665 1844 et
679 1779 715 1844 P.
732 1780 949 1863 Sempronius,
973 1780 1048 1864 quia
1062 1779 1097 1844 in

130 1862 242 1930 Sicilia
269 1864 309 1928 ad
337 1863 552 1928 munitionum
582 1885 661 1948 opus
693 1863 918 1947 explicandum
945 1865 993 1929 ire
1018 1865 1098 1930 iussi

130 1949 238 2014 iacere
267 1949 298 2012 id
330 1949 555 2032 neglexerant,
590 1949 680 2013 euis
713 1949 850 2032 publicis
881 1949 1037 2032 spoliatos
1069 1951 1103 2014 in
1118 1971 1144 2009 ao

130 2054 300 2099 numerum
324 2033 520 2098 aerariorum
543 2035 593 2098 ret
629 2039 733 2098 erunt.

195 2119 225 2183 8.
256 2118 373 2201 Turpis
396 2119 493 2183 etiam
516 2121 620 2182 metus
642 2139 791 2183 censores
813 2140 938 2182 summa
960 2138 1033 2182 cum
1054 2140 1101 2183 se-

130 2204 268 2269 ueritate
289 2223 428 2287 poenam
443 2206 635 2288 exegerunt:
658 2202 703 2267 M.
720 2203 807 2267 enim
821 2202 941 2267 Atilius
958 2203 1103 2287 Regulus

131 2292 164 2352 et
183 2287 218 2352 L.
235 2287 351 2354 Furius
366 2287 479 2351 Philus
495 2287 540 2352 M.
557 2286 724 2352 Metellum
747 2292 950 2372 quaestorem
973 2288 1104 2371 conplu-

130 2393 243 2456 resque
271 2371 393 2456 equites
416 2371 595 2454 Romanos,
626 2372 680 2456 qui
708 2376 784 2455 post
812 2371 987 2437 infeliciter
1017 2393 1101 2437 com·
1114 2391 1141 2432 aa

132 2457 264 2521 missam
280 2456 483 2522 Cannensem
500 2477 641 2541 pugnam
657 2477 728 2521 eum
746 2478 783 2520 eo
799 2456 942 2522 abituros
958 2477 992 2522 se
1006 2456 1102 2521 Italia

201 2631 216 2678 2
235 2626 377 2678 cummuni
395 2625 422 2678 1.
443 2626 453 2693 11
474 2625 563 2692 stirpe
583 2625 641 2678 LA
664 2626 676 2694 11
699 2624 877 2692 aquodam.
897 2626 967 2691 LA,
996 2625 1103 2681 dolend.

132 2707 202 2748 oeae.
222 2692 354 2747 Foe'rtaclu
371 2693 412 2746 ΙΙ
426 2697 459 2746 11
477 2694 486 2761 11
509 2691 671 2765 damnasset
689 2692 726 2746 L¹
745 2693 760 2812 i
773 2693 803 2746 et
820 2694 920 2760 postea
937 2693 975 2748 L²
992 2694 1003 2761 11
1020 2699 1035 2746 7
1053 2695 1104 2748 aut

132 2775 182 2816 reos
200 2776 213 2814 e
231 2760 403 2819 duob-codd.
418 2761 561 2827 Torreaii,
580 2761 610 2814 et
622 2761 694 2826 LA,
713 2776 746 2814 ue
777 2760 830 2814 alii
842 2761 881 2829 18
899 2762 1017 2814 tribum
1037 2762 1102 2826 (nm

132 2828 163 2882 ia
180 2830 247 2908 rae.)
266 2827 306 2894 A,
324 2833 357 2882 ut
373 2843 424 2883 ace
441 2828 468 2883 L
484 2828 495 2898 11
512 2835 528 2882 9
546 2830 613 2882 nato
624 2829 659 2908 ,L
677 2830 732 2897 1110
750 2826 932 2883 damnatione
943 2835 1028 2908 l***‚*
1045 2827 1104 2948 {ed

132 2895 208 2950 tione
226 2911 258 2950 aa
275 2898 341 2960 rae.)
360 2897 387 2949 L
408 2897 417 2964 11
442 2903 470 2949 11
491 2896 817 2966 constantinorum,
842 2896 1027 2950 consultantn
1076 2896 1105 2948 A

132 2964 202 3086 iffi
214 2963 311 3042 quinq.
329 2964 503 3086 triatilffl
525 2964 535 3032 11
556 2963 661 3084 iiiii-1⁰
684 2964 714 3016 in
718 2979 836 3084 quppm
853 2964 892 3086 ii
911 2963 923 3034 11
946 2970 977 3084 lta
996 2962 1105 3083 {stim

131 3104 162 3154 18
179 3047 377 3219 M’iPffaiii',
402 3033 512 3158 aliani
558 3049 603 3158 iou
620 3047 728 3168 iniinn
747 3104 771 3153 et
789 3032 870 3166 aeia,
890 3047 1011 3154 niariii.
1030 3102 1055 3151 et
1072 3030 1106 3152 oi

132 3181 185 3225 roe.
204 3167 246 3232 A,
321 3165 501 3261 Sempronius
522 3167 632 3236 Sophus
650 3165 717 3224 Lice.
733 3165 853 3246 periocle.
872 3171 922 3235 18,
944 3172 974 3221 ot
991 3181 1020 3220 u.
1037 3165 1103 3231 fort.

132 3249 203 3290 omre.
226 3251 251 3288 o.
274 3237 344 3300 502;
372 3235 404 3288 (J.
427 3235 454 3289 Ι.
477 3236 511 3289 L.
531 3235 552 3288 I
565 3251 593 3304 p.
610 3238 662 3289 434
685 3235 695 3303 11
721 3241 752 3289 19
779 3233 897 3288 sicilram
923 3236 993 3292 Par.
1018 3233 1104 3287 Halm

132 3304 142 3371 11
174 3308 206 3356 al
230 3303 402 3356 rettulerunt
429 3303 517 3357 Halm
544 3304 554 3370 11
581 3309 613 3356 24
639 3303 657 3360 l.
686 3303 775 3356 furius
798 3302 858 3355 LA
883 3303 967 3368 Pam,
993 3301 1024 3354 P.
1051 3301 1104 3354 ru-

131 3370 188 3422 rius
212 3371 254 3439 (at
272 3375 311 3424 eat
328 3371 360 3424 a'a
381 3371 457 3438 fast.)
478 3371 634 3426 Torrentur
653 3372 663 3439 11
687 3370 762 3439 pilus
780 3369 852 3425 Par.
872 3376 897 3424 et
918 3371 951 3424 io
972 3385 1026 3424 rue.
1045 3386 1104 3424 ma·

131 3438 199 3501 iere)
219 3439 259 3504 A,
287 3437 433 3508 philippus
457 3439 483 3492 J.
507 3444 533 3494 et
555 3439 621 3493 dett.
645 3442 655 3507 11
681 3437 867 3507 compluresq.
892 3439 955 3504 (litt.
979 3437 1104 3504 complu)

133 3505 236 3640 ,appa
253 3507 315 3628 {ii
326 3513 358 3560 25
376 3521 493 3561 romano
512 3507 564 3575 Β,
586 3519 723 3560 romare*
741 3507 767 3558 A
780 3507 789 3574 11
807 3511 840 3560 26
858 3505 1004 3560 habituros
1022 3504 1103 3560 L¹A¹

133 3575 135 3640 1
157 3577 237 3626 rara
