2604 3960
230 169 291 234 142
648 163 715 218 nia.
732 163 780 220 111.

228 341 263 385 re
283 319 412 404 publiea
434 318 632 404 triumphum
652 322 800 382 asenatu
819 338 886 382 non
903 317 1140 402 inpetrauisset,
1163 321 1198 384 in

227 404 357 470 Albano
372 407 482 469 monte
497 402 718 487 triumphandi
734 405 766 466 et
780 403 849 486 ipse
865 403 994 467 initium
1008 404 1087 469 fecit
1101 408 1134 469 et
1149 425 1200 470 ce·

227 489 305 554 teris
325 492 437 573 postea
458 489 638 573 exemplum
653 487 802 571 praebuit
815 508 939 572 proque
948 488 1058 553 laurea
1069 510 1198 570 corona,
1292 523 1293 526 ¹

229 595 302 639 oum
325 574 420 638 alicui
442 573 625 658 spectaculo
647 574 832 655 interesset,
855 575 979 656 myrtea
1000 595 1076 638 usus
1100 577 1158 639 est.

203 679 216 718 s
292 659 321 724 6.
348 659 418 723 lam
434 659 470 727 O.
486 658 582 722 Marii
598 677 701 742 paene
716 657 859 721 insolens
873 658 1010 722 factum:
1033 680 1110 723 nam
1125 663 1201 742 post

229 742 459 828 Iugurthinum
487 741 745 826 Cimbricumque
779 745 812 806 et
840 741 1054 808 Teutonicum
1086 743 1198 808 trium-
1290 739 1293 806 i

228 827 328 976 phum
353 828 508 894 cantharo
525 847 650 911 semper
664 825 799 910 pot-anit,
822 829 907 910 quod
922 826 1019 892 Liber
1039 832 1131 912 pater
1146 828 1199 893 In-
1292 865 1293 882 1

250 913 336 977 icum
358 935 397 978 ex
412 914 492 976 Asia
514 912 674 977 deducens
696 910 896 996 triumphum
916 912 977 976 hoe
1000 935 1076 978 usus
1089 912 1198 998 poculi

229 1017 348 1082 genere
369 997 542 1078 ferebatur,
563 1001 600 1062 at
619 996 704 1061 inter
724 997 830 1081 ipsum
846 995 997 1062 haustum
1012 997 1081 1062 uini
1096 999 1197 1062 uicto·
1292 1075 1293 1096 ἱ

191 1103 216 1142 10
230 1083 296 1146 riae
319 1083 387 1147 eius
411 1103 486 1148 suas
507 1081 661 1146 uictorias
685 1084 885 1164 conpararet.

292 1167 320 1231 7.
356 1167 402 1234 Μ.
425 1170 533 1231 autem
556 1166 637 1231 Cato
660 1168 788 1250 praetor
810 1164 853 1230 M.
871 1165 980 1230 Scauri
1003 1170 1197 1232 ceterorum·

227 1271 290 1334 que
311 1272 438 1316 reorum
460 1251 579 1316 iudicia
604 1251 695 1315 nulla
722 1250 854 1315 indutus
881 1251 1009 1335 tunica,
1040 1251 1095 1316 sed
1122 1254 1196 1315 tan·
1292 1303 1293 1312 ,

227 1338 296 1399 tum
319 1336 413 1401 modo
435 1339 602 1420 praetexta
624 1336 762 1401 amictus
784 1336 860 1420 egit.

291 1418 365 1486 VII.
403 1419 464 1486 Sed
487 1421 566 1485 haec
588 1423 684 1504 atque
707 1421 758 1484 his
780 1419 900 1484 similia
921 1420 1050 1485 uirtutis
1075 1419 1196 1504 aliquid
1292 1463 1293 1488 2

189 1523 214 1565 u
227 1505 288 1570 sibi
310 1505 346 1569 in
368 1506 601 1571 consuetudine
622 1506 774 1570 nouanda
794 1505 944 1570 licentiae
967 1505 1123 1570 sumentis
1145 1505 1195 1568 in-
1292 1503 1293 1516 ¹

229 1589 313 1654 dicia
340 1594 431 1656 sunt:
463 1590 529 1654 illis
558 1592 682 1674 autem,
710 1611 792 1675 quae
821 1589 970 1675 deinceps
997 1590 1195 1673 subnectam,

228 1678 381 1758 quantam
404 1675 454 1740 sui
476 1675 625 1740 fiduciam
648 1674 767 1740 habere
790 1674 893 1740 soleat
915 1677 1135 1760 cognoscetur.

526 1858 587 1923 DE
609 1858 790 1925 FIDVCIA
813 1858 894 1926 SVI.

259 1944 261 1948 V
293 1982 322 2042 1.
350 1977 466 2042 Publio
487 1979 519 2041 et
538 1978 650 2042 Gnaeo
669 1976 872 2061 Scipionibus
889 1979 923 2042 in
940 1977 1102 2076 Hispania
1123 1999 1195 2044 cum
1292 1993 1293 2000 ’

189 2082 214 2122 ro
227 2061 346 2128 maiore
368 2064 460 2145 parte
483 2061 640 2126 exercitus
669 2062 737 2126 acie
760 2061 884 2128 Punica
912 2083 953 2146 op
977 2084 1071 2128 ressrs
1093 2063 1195 2127 omni·

227 2146 349 2231 busque
370 2146 555 2231 prouinciae
578 2145 645 2210 eius
667 2146 855 2212 nationibus
874 2147 941 2210 Kar
980 2147 1195 2233 aginiensium

227 2230 405 2296 amicitiam
427 2231 560 2309 secutis,
590 2230 680 2295 nullo
704 2232 820 2296 ducum
841 2235 1025 2296 nostrorum
1054 2232 1132 2297 illue
1154 2231 1196 2296 ad

227 2313 449 2399 corrigendam
471 2335 539 2380 rem
560 2315 719 2399 proficisci
743 2316 894 2399 audente,
917 2315 958 2384 P.
974 2315 1081 2400 Scipio
1103 2338 1194 2400 quar-

226 2404 296 2466 tum
319 2402 352 2464 et
373 2399 559 2464 uicesimum
581 2421 600 2464 a
625 2419 681 2464 cns
704 2421 825 2465 annum
839 2402 960 2465 iturum
983 2421 1016 2465 se
1030 2400 1194 2485 pollicitus

187 2504 213 2546 ss
226 2487 285 2550 est.
330 2506 394 2569 qua
416 2483 545 2568 quidem
566 2485 589 2548 fi
611 2485 684 2550 ueia
712 2485 831 2570 populo
854 2483 1000 2550 Romano
1024 2485 1136 2551 salutis
1157 2506 1195 2552 ac

224 2568 379 2635 uictoriae
402 2591 492 2653 spem
513 2567 608 2637 dedit.

290 2655 344 2719 la.
379 2653 501 2719 Eadem
524 2674 565 2718 ue
586 2654 621 2718 in
647 2655 717 2737 ipsa
738 2653 897 2739 Hispania
918 2675 993 2720 usus
1021 2656 1083 2719 est:
1116 2675 1193 2718 nam

224 2760 297 2805 cum
318 2739 472 2824 oppidum
495 2675 629 2803 daciam
652 2738 912 2823 circumsederet,
934 2738 1078 2804 tribunal
1100 2759 1193 2804 suum

293 2880 306 2928 1
325 2873 496 2944 inpetrasset
511 2876 581 2930 Par.
597 2875 635 2943 113
652 2889 705 2943 pro
723 2889 796 2941 qnae
815 2875 852 2928 Α1
864 2875 903 2942 115
920 2889 993 2942 pene
1011 2873 1039 2926 L
1056 2874 1066 2941 1
1083 2877 1099 2926 6
1117 2888 1189 2941 cym-

222 2941 361 3009 bricumq.
378 2943 406 2996 A
429 2943 439 3010 11
464 2949 479 2998 7
501 2942 531 2996 in
550 2941 684 2996 cantharo
702 2942 772 2996 Pur.
795 2943 805 3011 11
830 2941 906 3010 quod
922 2955 1016 3011 morpo
1034 2942 1062 2994 A
1080 2955 1094 2995 c
1110 2941 1192 3009 Par„
1292 2961 1293 2982 1

222 3031 242 3078 o
260 3011 299 3077 L,
355 3011 395 3077 A,
414 3026 498 3078 quam
516 3009 601 3078 Bou
618 3015 634 3064 9
652 3009 686 3062 ut
701 3023 753 3064 cm.
771 3009 854 3063 L¹A1
871 3009 881 3077 11
903 3014 936 3064 10
954 3009 1086 3063 uictorias
1103 3009 1163 3076 (scd
1180 3027 1193 3062 s

221 3079 254 3134 s'a
271 3026 343 3150 mail
357 3084 385 3133 A
407 3078 418 3146 11
444 3084 472 3131 11
492 3078 555 3160 cato
570 3079 596 3146 1).
611 3078 635 3135 f.
651 3077 684 3133 n‘n
698 3077 746 3157 L,
767 3077 821 3132 litt.
845 3077 909 3131 cato
932 3078 996 3146 plor
1017 3079 1046 3130 m
1067 3091 1134 3130 scau
1160 3077 1194 3131 s‘n

221 3163 277 3226 rae.
295 3147 323 3202 A
347 3149 357 3218 1
382 3153 413 3201 17
436 3146 551 3225 (μιωιὲαο
564 3146 623 3214 (sed
643 3147 675 3202 ta
691 3161 723 3199 m
740 3146 806 3212 raa.)
824 3145 865 3224 A,
888 3146 1026 3214 quantum
1043 3143 1071 3197 L
1092 3144 1157 3199 dett.
1178 3144 1191 3214 11

221 3231 317 3352 sui
332 3215 571 3352 narratur
582 3214 905 3362 cataneus
921 3213 1074 3334 aletur
1093 3212 1192 3348 rsus

223 3349 628 3487 coturnatis
639 3348 911 3486 arturus
923 3345 1193 3496 armac

222 3482 282 3536 LA
299 3485 383 3562 Pur.²
406 3487 540 3539 Βαθεῖαν
563 3484 642 3540 codd.
659 3485 740 3542 Plau
757 3483 886 3562 upopttt.
905 3499 959 3553 rep.
982 3486 1008 3538 et
1029 3496 1095 3549 emp.
1114 3480 1190 3550 aas.

222 3551 289 3607 crui.
306 3551 562 3619 3llcrrcumsedere
580 3552 631 3620 L¹,
650 3550 860 3608 circumcideret
876 3549 924 3618 Αἱ,
944 3550 1088 3604 obsideret
1103 3550 1174 3604 Pur.
1292 3563 1293 3610 1

1288 3713 1293 3938 l
