2550 3958
264 165 341 220 cna.
358 163 423 229 vn,
442 169 457 230 s
477 172 551 219 1-i.
582 163 735 221 nnaom.
754 170 803 231 51.
823 171 847 219 a
871 181 873 188 ⁴
979 165 1042 230 447
1098 181 1102 256 3

73 319 209 404 gerrimi
237 316 316 382 cinis
344 317 482 382 facultas
510 317 699 402 apiscendae
732 317 899 400 potestatis
926 321 1042 383 taeter·

74 404 158 467 rimo
182 403 276 487 [ciui]
300 403 439 467 daretur.

140 506 170 570 4.
194 504 396 570 Creditorum
412 525 537 588 quoquc
554 506 772 569 consternatio
788 505 938 568 aduersus
954 502 1041 568 Sem·

73 590 172 674 proni
195 589 370 654 Asellionis
400 589 555 672 praetoria
587 589 701 654 urbani
729 592 827 672 caput
848 588 1043 652 intolerabili

73 674 170 739 modo
193 676 319 739 exarsit.
358 695 463 758 quem,
486 674 562 757 quia
584 694 713 739 causam
736 674 917 738 debitorum
939 687 1069 737 susce-⁵

73 762 176 842 perat,
201 760 353 840 concitati
369 781 388 824 a
402 758 438 822 L.
455 757 566 824 Oassio
582 758 714 823 tribuno
730 758 775 842 pl.
790 779 849 842 pro
864 756 941 822 aede
957 757 1041 824 Gon·

73 844 203 909 cordiae
231 844 421 909 sacrificium
448 842 622 909 facientem
649 844 689 909 ab
717 843 797 927 ipsis
819 841 971 906 altaribus
994 841 1043 905 fu·

74 948 153 1013 gere
169 932 259 993 extra
273 930 378 993 forum
395 931 542 994 coactum
564 928 661 1012 inque
676 927 845 993 tabernula
859 926 1042 992 latitantem

73 1017 313 1096 praetextatum
336 1014 584 1096 discerpserunt.

139 1131 214 1198 Mil.
237 1131 328 1196 Rom.
354 1133 380 1196 1.
419 1131 618 1196 Detestanda
644 1131 707 1194 fori
737 1131 900 1211 condici0‚
929 1131 984 1195 sed
1014 1131 1041 1194 si
1056 1149 1080 1190 10

73 1219 181 1282 castra
194 1217 357 1301 respicias,
374 1237 473 1299 aeque
484 1237 602 1298 magna
615 1217 736 1280 orietur
751 1215 944 1300 indignatio.
970 1236 1042 1280 cum

74 1301 111 1368 O.
135 1300 239 1365 Mario
262 1301 333 1386 lega
356 1300 498 1384 Sulpicia
519 1300 688 1384 prouincia
710 1301 804 1383 Asia,
832 1304 869 1364 ut
891 1300 1042 1365 aduersus

73 1381 273 1450 Mitridatem
307 1385 426 1449 bellum
455 1388 596 1484 gereret,
629 1385 756 1468 priuato
789 1385 916 1448 decreta
949 1389 1042 1466 asset,

73 1471 208 1534 missum
231 1470 271 1533 ab
293 1490 331 1534 eo
346 1468 528 1534 Gratidium
550 1469 692 1554 legatum
713 1470 753 1532 ad
775 1468 812 1533 L.
830 1468 951 1533 Sullam
966 1488 1042 1532 con-

74 1555 176 1620 sulem
205 1552 461 1638 accipiendarum
488 1555 518 1619 le
542 1555 653 1618 ionum
682 1574 778 1618 causa
806 1553 924 1617 milites
945 1553 1081 1617 truci-1⁵

74 1640 201 1721 darunt,
225 1639 339 1724 procul
355 1638 453 1704 dubio
477 1575 649 1722 indignati,
671 1638 756 1722 quod
777 1638 817 1701 ab
838 1659 963 1702 summo
985 1639 1043 1701 im-

74 1725 163 1809 perio
180 1723 315 1803 adeum,
333 1724 387 1807 qui
404 1723 492 1788 nullo
507 1725 541 1788 in
557 1722 681 1787 honora
696 1726 888 1802 uersaretur,
905 1723 1043 1786 transire

73 1814 276 1894 cogerentur.
302 1809 357 1872 sed
373 1809 445 1892 quis
460 1809 544 1873 ferat
560 1807 695 1872 militem
719 1807 800 1872 scita
821 1807 924 1890 plebis
945 1806 1043 1870 exitio

72 1894 172 1979 legati
194 1893 432 1980 corrigentem?

137 1997 167 2061 2.
192 1995 256 2060 Pro
279 1996 408 2060 consule
430 1995 516 2060 istud
538 1998 605 2060 tam
627 1995 788 2060 uiolenter
810 1992 981 2077 exercitus,
1004 1994 1042 2057 il·
1056 2009 1081 2050 2⁰

72 2081 129 2147 lud
151 2081 304 2146 aduersus
327 2081 506 2146 consulem:
541 2080 580 2156 Q.
604 2081 689 2144 anim
716 2079 905 2163 Pompeium
935 2078 1042 2144 Sullae

75 2166 233 2250 collegam
260 2169 390 2230 senatus
418 2167 509 2230 iussu
537 2165 576 2229 ad
604 2166 778 2230 exercitum
808 2163 866 2229 On.
896 2163 1040 2248 Pompei,

74 2272 170 2336 quam
199 2249 394 2333 aliquamdiu
422 2250 526 2314 inuita
548 2250 680 2314 ciuitate
703 2249 886 2332 obtinebat,
911 2255 1041 2314 conten-

74 2337 149 2400 dere
172 2355 282 2398 ausum
297 2334 467 2399 ambitiosi
488 2334 576 2399 ducis
602 2333 771 2399 inlecebris
793 2335 936 2417 corrupti
957 2333 1042 2397 mili·

73 2425 122 2484 tes
144 2419 322 2484 sacrificare
344 2419 554 2503 incipientem
576 2419 680 2484 adorti
702 2419 737 2482 in
759 2420 889 2483 modum
916 2418 1040 2482 hostiae
1054 2433 1080 2475 2⁵

144 2672 155 2718 1
176 2663 290 2734 adipisc,
303 2678 398 2734 marpo
411 2663 438 2716 A
456 2681 470 2718 c
487 2664 564 2744 Pur.
577 2664 643 2718 dett.
651 2663 709 2744 'mci
720 2678 792 2716 omn.
806 2663 844 2783 Ψ
863 2660 918 2740 ciui
933 2661 1040 2716 deleted.

73 2749 143 2790 cens.
170 2731 317 2788 Eberhard
336 2749 365 2800 p.
388 2735 454 2799 165,
482 2746 529 2800 epo
551 2731 670 2798 caelari,
697 2732 789 2784 taetro
832 2746 919 2786 omrm
943 2732 1013 2785 Pur.
1032 2732 1041 2798 u

73 2809 89 2856 3
107 2799 260 2879 sempronii
277 2800 325 2866 A‘,
343 2799 504 2868 sempronii
519 2799 556 2852 A¹
570 2799 580 2867 ΙΙ
598 2804 613 2852 6
631 2797 728 2852 tribrr
745 2797 784 2868 pl.
802 2798 830 2851 A
842 2799 851 2868 ΙΙ
871 2804 885 2850 7
904 2797 1041 2850 altaribus

72 2869 114 2933 A,
134 2884 190 2922 ans
211 2869 237 2920 Π
257 2870 267 2939 ΙΙ
290 2874 306 2922 8
324 2867 475 2922 tabernula
497 2867 562 2988 qlitt.
585 2867 631 2920 ula
649 2866 681 2920 ia
704 2868 771 2932 rus.)
789 2866 829 2930 A,
853 2863 1042 2920 tabernacula

76 2935 144 3002 OE,
162 2935 378 3003 tabernulaqua
389 2937 499 3002 petiero
524 2936 604 3003 (corr.
623 2950 636 2990 c
653 2935 784 3003 parerat)
802 2936 873 2991 Par.
886 2935 896 3002 11
908 2932 1040 2986 latitante

75 3005 133 3072 (sic)
152 3001 286 3072 ptimore
309 3003 401 3072 petita
424 3002 514 3056 discor
536 3004 582 3057 ser*
603 3001 652 3056 dat
674 3003 706 3056 ia
728 3017 784 3056 raa.
803 3002 844 3067 A,
866 3001 933 3056 odd.
952 3000 993 3054 br.
1013 3016 1040 3068 q.

72 3070 223 3127 tabernula
240 3069 297 3148 quai.
311 3088 339 3140 p.
357 3069 492 3127 tatitantd
513 3020 539 3128 d
557 3085 653 3194 marzo
669 3071 697 3123 A
710 3070 719 3139 ΙΙ
740 3075 770 3150 lq
788 3068 915 3123 condicio
933 3068 966 3121 ia
982 3083 1039 3125 rua.

73 3140 100 3194 A
112 3140 122 3208 ΙΙ
138 3145 167 3192 12
180 3137 353 3207 sulp1[cra-
363 3138 510 3209 aduersus]
524 3140 547 3193 A
566 3138 601 3193 ab
639 3139 677 3193 .l.
694 3138 822 3203 mutilus,
841 3153 903 3191 cum
920 3141 1040 3191 extremo

73 3208 145 3275 folia
161 3207 301 3272 maritus,
318 3211 351 3261 at
368 3207 443 3274 aid,
462 3208 571 3262 ambesa
587 3207 658 3271 aiut,
682 3210 714 3261 at
731 3205 820 3259 multa
837 3205 892 3274 lapi
908 3205 967 3259 iam
983 3218 1041 3258 noa

71 3277 187 3345 poesim,
204 3290 275 3344 quac
291 3275 372 3329 acacia
389 3275 514 3344 iactauit
528 3281 561 3329 14
578 3275 614 3328 ab
627 3275 674 3340 A2,
694 3273 730 3327 ad
741 3273 779 3326 A¹
792 3273 802 3340 l
817 3278 848 3327 18
866 3272 916 3340 qui
933 3271 1041 3326 fecerat

75 3344 131 3412 (scd
148 3362 168 3424 q
185 3359 219 3400 ec
231 3361 250 3396 a
268 3343 347 3410 corr.)
360 3342 400 3407 A,
420 3342 468 3418 qui
480 3343 554 3398 forat
571 3343 637 3400 dett.
651 3342 755 3409 pleriq.
768 3342 824 3408 {120
842 3339 991 3409 proconsul
1002 3339 1038 3403 A,

74 3411 136 3466 add.
159 3429 189 3466 rn
216 3410 413 3490 proconsulem
440 3411 515 3465 istud
537 3424 633 3480 murco
656 3410 684 3463 A
707 3410 717 3479 ΙΙ
741 3415 774 3464 ‘23
798 3407 963 3476 aliquandiu
987 3408 1015 3461 A
1037 3408 1041 3477 l

75 3484 107 3532 24
133 3479 290 3533 ambitiosis
314 3477 392 3532 ducis
413 3479 545 3547 precibus
573 3479 639 3549 (aad.
662 3493 696 3534 m.
719 3481 744 3532 3.
766 3493 788 3532 a.
812 3477 862 3536 liu,
890 3475 1029 3531 illecebris

74 3547 157 3602 Pure
175 3552 201 3603 ct
219 3563 252 3602 cc
269 3562 299 3601 co
316 3561 411 3616 murco
429 3546 457 3598 A
