<?xml version="1.0" encoding="UTF-8"?>
<!DOCTYPE html PUBLIC "-//W3C//DTD XHTML 1.0 Transitional//EN"
    "http://www.w3.org/TR/xhtml1/DTD/xhtml1-transitional.dtd">
<html xmlns="http://www.w3.org/1999/xhtml" xml:lang="en" lang="en">
 <head>
  <title>
</title>
<meta http-equiv="Content-Type" content="text/html;charset=utf-8" />
  <meta name='ocr-system' content='tesseract 3.04.00' />
  <meta name='ocr-capabilities' content='ocr_page ocr_carea ocr_par ocr_line ocrx_word'/>
</head>
<body>
  <div class='ocr_page' id='page_1' title='image "./valeriimaximifa00nepogoog_0344.png"; bbox 0 0 2608 3952; ppageno 0'>
   <div class='ocr_carea' id='block_1_1' title="bbox 342 173 1092 243">
    <p class='ocr_par' dir='ltr' id='par_1_1' title="bbox 342 173 1092 243">
     <span class='ocr_line' id='line_1_1' title="bbox 342 173 1092 243; baseline 0.011 -16"><span class='ocrx_word' id='word_1_1' title='bbox 342 173 419 231; x_wconf 79' lang='lat' dir='ltr'><strong>cnr.</strong></span> <span class='ocrx_word' id='word_1_2' title='bbox 440 173 475 243; x_wconf 86' lang='lat' dir='ltr'><strong>v,</strong></span> <span class='ocrx_word' id='word_1_3' title='bbox 495 173 558 227; x_wconf 74' lang='lat' dir='ltr'><strong>axe.</strong></span> <span class='ocrx_word' id='word_1_4' title='bbox 576 177 628 238; x_wconf 70' lang='lat' dir='ltr'><strong>se.</strong></span> <span class='ocrx_word' id='word_1_5' title='bbox 642 179 667 228; x_wconf 84' lang='lat'><strong>4.</strong></span> <span class='ocrx_word' id='word_1_6' title='bbox 687 173 742 242; x_wconf 81' lang='lat' dir='ltr'><strong>ur,</strong></span> <span class='ocrx_word' id='word_1_7' title='bbox 760 179 864 240; x_wconf 76' lang='lat'><strong>§1—3.</strong></span> <span class='ocrx_word' id='word_1_8' title='bbox 1028 177 1092 243; x_wconf 87' lang='lat'><strong>303</strong></span> 
     </span>
    </p>
   </div>
   <div class='ocr_carea' id='block_1_2' title="bbox 18 326 1091 427">
    <p class='ocr_par' dir='ltr' id='par_1_2' title="bbox 18 326 1091 427">
     <span class='ocr_line' id='line_1_2' title="bbox 18 326 1091 427; baseline 0.001 -35"><span class='ocrx_word' id='word_1_9' title='bbox 18 389 20 392; x_wconf 84' lang='lat'>.</span> <span class='ocrx_word' id='word_1_10' title='bbox 125 327 200 391; x_wconf 91' lang='lat' dir='ltr'><strong>dum</strong></span> <span class='ocrx_word' id='word_1_11' title='bbox 223 326 411 410; x_wconf 85' lang='lat' dir='ltr'><strong>pontificem</strong></span> <span class='ocrx_word' id='word_1_12' title='bbox 439 326 629 409; x_wconf 87' lang='lat' dir='ltr'><strong>maximum,</strong></span> <span class='ocrx_word' id='word_1_13' title='bbox 657 326 707 390; x_wconf 88' lang='lat' dir='ltr'><strong>bis</strong></span> <span class='ocrx_word' id='word_1_14' title='bbox 729 328 909 408; x_wconf 90' lang='lat' dir='ltr'><strong>consulem,</strong></span> <span class='ocrx_word' id='word_1_15' title='bbox 937 328 976 391; x_wconf 88' lang='lat' dir='ltr'><strong>ad</strong></span> <span class='ocrx_word' id='word_1_16' title='bbox 999 331 1091 427; x_wconf 80' lang='lat' dir='ltr'><strong>pueri</strong></span> 
     </span>
    </p>
   </div>
   <div class='ocr_carea' id='block_1_3' title="bbox 122 410 1130 1765">
    <p class='ocr_par' dir='ltr' id='par_1_3' title="bbox 122 410 1130 1765">
     <span class='ocr_line' id='line_1_3' title="bbox 124 410 1091 498; baseline 0.003 -22"><span class='ocrx_word' id='word_1_17' title='bbox 124 411 259 476; x_wconf 90' lang='lat' dir='ltr'><strong>tutelam</strong></span> <span class='ocrx_word' id='word_1_18' title='bbox 282 412 457 495; x_wconf 85' lang='lat' dir='ltr'><strong>gerendam</strong></span> <span class='ocrx_word' id='word_1_19' title='bbox 472 410 702 475; x_wconf 81' lang='lat' dir='ltr'><strong>Alexandriam</strong></span> <span class='ocrx_word' id='word_1_20' title='bbox 717 411 815 492; x_wconf 90' lang='lat' dir='ltr'><strong>misit,</strong></span> <span class='ocrx_word' id='word_1_21' title='bbox 838 412 1091 498; x_wconf 86' lang='lat' dir='ltr'><strong>amplissimrque</strong></span> 
     </span>
     <span class='ocr_line' id='line_1_4' title="bbox 124 495 1093 594; baseline 0.003 -34"><span class='ocrx_word' id='word_1_22' title='bbox 124 498 157 560; x_wconf 91' lang='lat' dir='ltr'><strong>et</strong></span> <span class='ocrx_word' id='word_1_23' title='bbox 171 496 374 594; x_wconf 77' lang='lat' dir='ltr'><strong>integerrimi</strong></span> <span class='ocrx_word' id='word_1_24' title='bbox 394 496 456 559; x_wconf 88' lang='lat' dir='ltr'><strong>uiri</strong></span> <span class='ocrx_word' id='word_1_25' title='bbox 471 496 676 560; x_wconf 75' lang='lat' dir='ltr'><strong>sanctitatem</strong></span> <span class='ocrx_word' id='word_1_26' title='bbox 697 495 906 593; x_wconf 60' lang='lat' dir='ltr'><strong>reipuplicae</strong></span> <span class='ocrx_word' id='word_1_27' title='bbox 928 499 1038 562; x_wconf 89' lang='lat' dir='ltr'><strong>usibus</strong></span> <span class='ocrx_word' id='word_1_28' title='bbox 1060 502 1093 563; x_wconf 91' lang='lat' dir='ltr'><strong>st</strong></span> 
     </span>
     <span class='ocr_line' id='line_1_5' title="bbox 123 583 1117 748; baseline -0.001 -19"><span class='ocrx_word' id='word_1_29' title='bbox 123 583 580 730; x_wconf 58' lang='lat' dir='ltr'><strong>{ttttptllttstttl}</strong></span> <span class='ocrx_word' id='word_1_30' title='bbox 589 584 827 748; x_wconf 68' lang='lat' dir='ltr'><strong>ftttt&#39;lttt</strong></span> <span class='ocrx_word' id='word_1_31' title='bbox 842 583 1117 733; x_wconf 54' lang='lat' dir='ltr'><strong>titillet,</strong></span> 
     </span>
     <span class='ocr_line' id='line_1_6' title="bbox 124 748 1093 834; baseline 0.001 -19"><span class='ocrx_word' id='word_1_32' title='bbox 124 748 215 815; x_wconf 89' lang='lat' dir='ltr'><strong>cuius</strong></span> <span class='ocrx_word' id='word_1_33' title='bbox 245 749 400 814; x_wconf 88' lang='lat' dir='ltr'><strong>beneficio</strong></span> <span class='ocrx_word' id='word_1_34' title='bbox 429 751 520 833; x_wconf 81' lang='lat' dir='ltr'><strong>regia</strong></span> <span class='ocrx_word' id='word_1_35' title='bbox 541 749 738 814; x_wconf 88' lang='lat' dir='ltr'><strong>incunabula</strong></span> <span class='ocrx_word' id='word_1_36' title='bbox 760 759 950 816; x_wconf 87' lang='lat' dir='ltr'><strong>conseruata</strong></span> <span class='ocrx_word' id='word_1_37' title='bbox 971 752 1093 834; x_wconf 85' lang='lat' dir='ltr'><strong>pariter</strong></span> 
     </span>
     <span class='ocr_line' id='line_1_7' title="bbox 126 833 1092 918; baseline 0.002 -19"><span class='ocrx_word' id='word_1_38' title='bbox 126 855 163 899; x_wconf 91' lang='lat' dir='ltr'><strong>ac</strong></span> <span class='ocrx_word' id='word_1_39' title='bbox 186 835 337 899; x_wconf 85' lang='lat' dir='ltr'><strong>decorata</strong></span> <span class='ocrx_word' id='word_1_40' title='bbox 351 834 506 898; x_wconf 88' lang='lat' dir='ltr'><strong>incertum</strong></span> <span class='ocrx_word' id='word_1_41' title='bbox 522 833 710 898; x_wconf 77' lang='lat' dir='ltr'><strong>Ptolomaeo</strong></span> <span class='ocrx_word' id='word_1_42' title='bbox 726 835 934 900; x_wconf 86' lang='lat' dir='ltr'><strong>reddiderunt</strong></span> <span class='ocrx_word' id='word_1_43' title='bbox 948 837 1092 918; x_wconf 75' lang='lat' dir='ltr'><strong>patrisne</strong></span> 
     </span>
     <span class='ocr_line' id='line_1_8' title="bbox 122 917 1090 1002; baseline 0.001 -18"><span class='ocrx_word' id='word_1_44' title='bbox 122 920 255 984; x_wconf 88' lang='lat' dir='ltr'><strong>fortuna</strong></span> <span class='ocrx_word' id='word_1_45' title='bbox 277 917 379 1002; x_wconf 87' lang='lat' dir='ltr'><strong>magis</strong></span> <span class='ocrx_word' id='word_1_46' title='bbox 394 939 436 982; x_wconf 92' lang='lat' dir='ltr'><strong>an</strong></span> <span class='ocrx_word' id='word_1_47' title='bbox 451 920 593 982; x_wconf 88' lang='lat' dir='ltr'><strong>tutorum</strong></span> <span class='ocrx_word' id='word_1_48' title='bbox 608 919 776 982; x_wconf 89' lang='lat' dir='ltr'><strong>maiestate</strong></span> <span class='ocrx_word' id='word_1_49' title='bbox 797 919 931 1002; x_wconf 80' lang='lat' dir='ltr'><strong>gloriari</strong></span> <span class='ocrx_word' id='word_1_50' title='bbox 951 921 1090 986; x_wconf 87' lang='lat' dir='ltr'><strong>deberet.</strong></span> 
     </span>
     <span class='ocr_line' id='line_1_9' title="bbox 188 1001 1091 1090; baseline 0.004 -23"><span class='ocrx_word' id='word_1_51' title='bbox 188 1004 220 1067; x_wconf 78' lang='lat'><strong>2.</strong></span> <span class='ocrx_word' id='word_1_52' title='bbox 259 1001 411 1086; x_wconf 84' lang='lat' dir='ltr'><strong>Speciosa</strong></span> <span class='ocrx_word' id='word_1_53' title='bbox 433 1003 491 1067; x_wconf 88' lang='lat' dir='ltr'><strong>illa</strong></span> <span class='ocrx_word' id='word_1_54' title='bbox 512 1023 639 1086; x_wconf 89' lang='lat' dir='ltr'><strong>quoque</strong></span> <span class='ocrx_word' id='word_1_55' title='bbox 661 1002 809 1068; x_wconf 87' lang='lat' dir='ltr'><strong>Romana</strong></span> <span class='ocrx_word' id='word_1_56' title='bbox 830 1003 919 1070; x_wconf 88' lang='lat' dir='ltr'><strong>fides.</strong></span> <span class='ocrx_word' id='word_1_57' title='bbox 964 1007 1091 1090; x_wconf 86' lang='lat' dir='ltr'><strong>ingenti</strong></span> 
     </span>
     <span class='ocr_line' id='line_1_10' title="bbox 124 1088 1130 1156; baseline -0.002 -3"><span class='ocrx_word' id='word_1_58' title='bbox 124 1090 306 1154; x_wconf 91' lang='lat' dir='ltr'><strong>Poenorum</strong></span> <span class='ocrx_word' id='word_1_59' title='bbox 334 1088 435 1152; x_wconf 90' lang='lat' dir='ltr'><strong>classe</strong></span> <span class='ocrx_word' id='word_1_60' title='bbox 463 1089 548 1152; x_wconf 87' lang='lat' dir='ltr'><strong>circa</strong></span> <span class='ocrx_word' id='word_1_61' title='bbox 577 1088 718 1152; x_wconf 85' lang='lat' dir='ltr'><strong>Siciliam</strong></span> <span class='ocrx_word' id='word_1_62' title='bbox 748 1088 874 1154; x_wconf 88' lang='lat' dir='ltr'><strong>deuicta</strong></span> <span class='ocrx_word' id='word_1_63' title='bbox 901 1091 996 1155; x_wconf 88' lang='lat' dir='ltr'><strong>duces</strong></span> <span class='ocrx_word' id='word_1_64' title='bbox 1023 1093 1091 1156; x_wconf 91' lang='lat' dir='ltr'><strong>eins</strong></span> <span class='ocrx_word' id='word_1_65' title='bbox 1105 1113 1130 1152; x_wconf 77' lang='grc' dir='ltr'><strong>ιο</strong></span> 
     </span>
     <span class='ocr_line' id='line_1_11' title="bbox 123 1172 1092 1259; baseline 0.004 -21"><span class='ocrx_word' id='word_1_66' title='bbox 123 1173 235 1238; x_wconf 82' lang='lat' dir='ltr'><strong>fractis</strong></span> <span class='ocrx_word' id='word_1_67' title='bbox 251 1173 367 1237; x_wconf 90' lang='lat' dir='ltr'><strong>animis</strong></span> <span class='ocrx_word' id='word_1_68' title='bbox 382 1172 519 1237; x_wconf 90' lang='lat' dir='ltr'><strong>consilia</strong></span> <span class='ocrx_word' id='word_1_69' title='bbox 532 1172 690 1256; x_wconf 87' lang='lat' dir='ltr'><strong>petendae</strong></span> <span class='ocrx_word' id='word_1_70' title='bbox 705 1174 988 1256; x_wconf 83' lang='lat' dir='ltr'><strong>pacisagitabant.</strong></span> <span class='ocrx_word' id='word_1_71' title='bbox 1012 1197 1092 1259; x_wconf 90' lang='lat' dir='ltr'><strong>quo·</strong></span> 
     </span>
     <span class='ocr_line' id='line_1_12' title="bbox 123 1255 1091 1342; baseline 0.004 -20"><span class='ocrx_word' id='word_1_72' title='bbox 123 1280 195 1323; x_wconf 91' lang='lat' dir='ltr'><strong>rum</strong></span> <span class='ocrx_word' id='word_1_73' title='bbox 210 1256 375 1321; x_wconf 82' lang='lat' dir='ltr'><strong>Hamilcar</strong></span> <span class='ocrx_word' id='word_1_74' title='bbox 396 1257 443 1322; x_wconf 88' lang='lat' dir='ltr'><strong>ire</strong></span> <span class='ocrx_word' id='word_1_75' title='bbox 465 1278 499 1320; x_wconf 88' lang='lat' dir='ltr'><strong>se</strong></span> <span class='ocrx_word' id='word_1_76' title='bbox 522 1255 563 1319; x_wconf 90' lang='lat' dir='ltr'><strong>ad</strong></span> <span class='ocrx_word' id='word_1_77' title='bbox 585 1257 730 1321; x_wconf 92' lang='lat' dir='ltr'><strong>consules</strong></span> <span class='ocrx_word' id='word_1_78' title='bbox 745 1260 886 1342; x_wconf 82' lang='lat' dir='ltr'><strong>negabat</strong></span> <span class='ocrx_word' id='word_1_79' title='bbox 901 1261 1027 1342; x_wconf 88' lang='lat' dir='ltr'><strong>audere,</strong></span> <span class='ocrx_word' id='word_1_80' title='bbox 1049 1282 1091 1326; x_wconf 91' lang='lat' dir='ltr'><strong>ne</strong></span> 
     </span>
     <span class='ocr_line' id='line_1_13' title="bbox 123 1341 1091 1428; baseline 0.003 -21"><span class='ocrx_word' id='word_1_81' title='bbox 123 1343 236 1407; x_wconf 88' lang='lat' dir='ltr'><strong>eodem</strong></span> <span class='ocrx_word' id='word_1_82' title='bbox 258 1343 352 1406; x_wconf 89' lang='lat' dir='ltr'><strong>modo</strong></span> <span class='ocrx_word' id='word_1_83' title='bbox 376 1345 509 1406; x_wconf 86' lang='lat' dir='ltr'><strong>catenae</strong></span> <span class='ocrx_word' id='word_1_84' title='bbox 531 1341 593 1405; x_wconf 90' lang='lat' dir='ltr'><strong>sibi</strong></span> <span class='ocrx_word' id='word_1_85' title='bbox 616 1341 828 1424; x_wconf 89' lang='lat' dir='ltr'><strong>inicerentur,</strong></span> <span class='ocrx_word' id='word_1_86' title='bbox 859 1364 922 1426; x_wconf 91' lang='lat' dir='ltr'><strong>quo</strong></span> <span class='ocrx_word' id='word_1_87' title='bbox 949 1344 990 1409; x_wconf 91' lang='lat' dir='ltr'><strong>ab</strong></span> <span class='ocrx_word' id='word_1_88' title='bbox 1012 1346 1091 1428; x_wconf 89' lang='lat' dir='ltr'><strong>ipsis</strong></span> 
     </span>
     <span class='ocr_line' id='line_1_14' title="bbox 124 1425 1090 1494; baseline -0.001 0"><span class='ocrx_word' id='word_1_89' title='bbox 124 1427 275 1494; x_wconf 82' lang='lat' dir='ltr'><strong>Cornelio</strong></span> <span class='ocrx_word' id='word_1_90' title='bbox 304 1427 425 1490; x_wconf 82' lang='lat' dir='ltr'><strong>Asinae</strong></span> <span class='ocrx_word' id='word_1_91' title='bbox 453 1425 578 1490; x_wconf 89' lang='lat' dir='ltr'><strong>consuli</strong></span> <span class='ocrx_word' id='word_1_92' title='bbox 606 1425 737 1490; x_wconf 90' lang='lat' dir='ltr'><strong>fuerant</strong></span> <span class='ocrx_word' id='word_1_93' title='bbox 765 1427 914 1492; x_wconf 90' lang='lat' dir='ltr'><strong>iniectae.</strong></span> <span class='ocrx_word' id='word_1_94' title='bbox 969 1428 1090 1494; x_wconf 86' lang='lat' dir='ltr'><strong>Hanno</strong></span> 
     </span>
     <span class='ocr_line' id='line_1_15' title="bbox 122 1509 1130 1594; baseline -0.003 -18"><span class='ocrx_word' id='word_1_95' title='bbox 122 1516 245 1590; x_wconf 85' lang='lat' dir='ltr'><strong>autem,</strong></span> <span class='ocrx_word' id='word_1_96' title='bbox 277 1511 394 1576; x_wconf 85' lang='lat' dir='ltr'><strong>certior</strong></span> <span class='ocrx_word' id='word_1_97' title='bbox 416 1509 555 1574; x_wconf 89' lang='lat' dir='ltr'><strong>Romani</strong></span> <span class='ocrx_word' id='word_1_98' title='bbox 577 1511 676 1575; x_wconf 89' lang='lat' dir='ltr'><strong>animi</strong></span> <span class='ocrx_word' id='word_1_99' title='bbox 698 1511 897 1594; x_wconf 85' lang='lat' dir='ltr'><strong>aestimator,</strong></span> <span class='ocrx_word' id='word_1_100' title='bbox 920 1512 1002 1577; x_wconf 90' lang='lat' dir='ltr'><strong>nihil</strong></span> <span class='ocrx_word' id='word_1_101' title='bbox 1024 1514 1090 1578; x_wconf 89' lang='lat' dir='ltr'><strong>tale</strong></span> <span class='ocrx_word' id='word_1_102' title='bbox 1104 1533 1130 1574; x_wconf 83' lang='lat'><strong>15</strong></span> 
     </span>
     <span class='ocr_line' id='line_1_16' title="bbox 123 1595 1091 1681; baseline 0.002 -21"><span class='ocrx_word' id='word_1_103' title='bbox 123 1597 301 1662; x_wconf 90' lang='lat' dir='ltr'><strong>timendum</strong></span> <span class='ocrx_word' id='word_1_104' title='bbox 323 1599 412 1660; x_wconf 89' lang='lat' dir='ltr'><strong>ratus</strong></span> <span class='ocrx_word' id='word_1_105' title='bbox 433 1596 575 1658; x_wconf 84' lang='lat' dir='ltr'><strong>maxima</strong></span> <span class='ocrx_word' id='word_1_106' title='bbox 596 1617 669 1660; x_wconf 91' lang='lat' dir='ltr'><strong>cum</strong></span> <span class='ocrx_word' id='word_1_107' title='bbox 691 1595 808 1660; x_wconf 86' lang='lat' dir='ltr'><strong>fiducia</strong></span> <span class='ocrx_word' id='word_1_108' title='bbox 830 1595 870 1659; x_wconf 90' lang='lat' dir='ltr'><strong>ad</strong></span> <span class='ocrx_word' id='word_1_109' title='bbox 887 1598 1091 1681; x_wconf 90' lang='lat' dir='ltr'><strong>conloquium</strong></span> 
     </span>
     <span class='ocr_line' id='line_1_17' title="bbox 126 1679 1090 1765; baseline 0 -19"><span class='ocrx_word' id='word_1_110' title='bbox 126 1702 238 1746; x_wconf 90' lang='lat' dir='ltr'><strong>eorum</strong></span> <span class='ocrx_word' id='word_1_111' title='bbox 259 1680 407 1745; x_wconf 89' lang='lat' dir='ltr'><strong>tetendit.</strong></span> <span class='ocrx_word' id='word_1_112' title='bbox 437 1679 521 1763; x_wconf 92' lang='lat' dir='ltr'><strong>apud</strong></span> <span class='ocrx_word' id='word_1_113' title='bbox 544 1701 625 1763; x_wconf 88' lang='lat' dir='ltr'><strong>quos</strong></span> <span class='ocrx_word' id='word_1_114' title='bbox 648 1701 721 1744; x_wconf 92' lang='lat' dir='ltr'><strong>cum</strong></span> <span class='ocrx_word' id='word_1_115' title='bbox 743 1681 783 1745; x_wconf 89' lang='lat' dir='ltr'><strong>de</strong></span> <span class='ocrx_word' id='word_1_116' title='bbox 797 1681 861 1744; x_wconf 87' lang='lat' dir='ltr'><strong>fine</strong></span> <span class='ocrx_word' id='word_1_117' title='bbox 876 1679 952 1745; x_wconf 87' lang='lat' dir='ltr'><strong>belli</strong></span> <span class='ocrx_word' id='word_1_118' title='bbox 969 1687 1090 1765; x_wconf 82' lang='lat' dir='ltr'><strong>ageret,</strong></span> 
     </span>
    </p>
   </div>
   <div class='ocr_carea' id='block_1_4' title="bbox 13 1764 1168 1848">
    <p class='ocr_par' dir='ltr' id='par_1_4' title="bbox 13 1764 1168 1848">
     <span class='ocr_line' id='line_1_18' title="bbox 13 1764 1168 1848; baseline -0.002 -16"><span class='ocrx_word' id='word_1_119' title='bbox 13 1783 14 1788; x_wconf 75' lang='grc'>’</span> <span class='ocrx_word' id='word_1_120' title='bbox 124 1770 158 1831; x_wconf 90' lang='lat' dir='ltr'><strong>et</strong></span> <span class='ocrx_word' id='word_1_121' title='bbox 180 1764 328 1830; x_wconf 90' lang='lat' dir='ltr'><strong>tribunus</strong></span> <span class='ocrx_word' id='word_1_122' title='bbox 350 1764 488 1828; x_wconf 89' lang='lat' dir='ltr'><strong>militum</strong></span> <span class='ocrx_word' id='word_1_123' title='bbox 512 1765 541 1828; x_wconf 91' lang='lat' dir='ltr'><strong>ei</strong></span> <span class='ocrx_word' id='word_1_124' title='bbox 563 1765 697 1829; x_wconf 86' lang='lat' dir='ltr'><strong>dixisset</strong></span> <span class='ocrx_word' id='word_1_125' title='bbox 717 1786 810 1848; x_wconf 88' lang='lat' dir='ltr'><strong>posse</strong></span> <span class='ocrx_word' id='word_1_126' title='bbox 826 1766 875 1829; x_wconf 91' lang='lat' dir='ltr'><strong>illi</strong></span> <span class='ocrx_word' id='word_1_127' title='bbox 890 1767 1005 1830; x_wconf 90' lang='lat' dir='ltr'><strong>merito</strong></span> <span class='ocrx_word' id='word_1_128' title='bbox 1020 1788 1091 1832; x_wconf 86' lang='lat' dir='ltr'><strong>cue·</strong></span> <span class='ocrx_word' id='word_1_129' title='bbox 1166 1778 1168 1784; x_wconf 82' lang='grc'>’</span> 
     </span>
    </p>
   </div>
   <div class='ocr_carea' id='block_1_5' title="bbox 12 3564 188 3628">
    <p class='ocr_par' dir='ltr' id='par_1_5' title="bbox 12 3564 188 3628">
     <span class='ocr_line' id='line_1_19' title="bbox 12 3564 188 3628; baseline -0.006 -13"><span class='ocrx_word' id='word_1_130' title='bbox 12 3617 15 3622; x_wconf 77' lang='grc'><em>,</em></span> <span class='ocrx_word' id='word_1_131' title='bbox 120 3564 188 3628; x_wconf 81' lang='lat' dir='ltr'><strong>ros.)</strong></span> 
     </span>
    </p>
   </div>
   <div class='ocr_carea' id='block_1_6' title="bbox 116 1845 1130 2868">
    <p class='ocr_par' dir='ltr' id='par_1_6' title="bbox 116 1845 1129 2255">
     <span class='ocr_line' id='line_1_20' title="bbox 116 1845 1090 1934; baseline 0 -19"><span class='ocrx_word' id='word_1_132' title='bbox 116 1845 195 1916; x_wconf 72' lang='lat' dir='ltr'><strong>&#39;nire</strong></span> <span class='ocrx_word' id='word_1_133' title='bbox 224 1850 309 1934; x_wconf 88' lang='lat' dir='ltr'><strong>quod</strong></span> <span class='ocrx_word' id='word_1_134' title='bbox 333 1848 484 1914; x_wconf 78' lang='lat' dir='ltr'><strong>Cornelio</strong></span> <span class='ocrx_word' id='word_1_135' title='bbox 513 1849 697 1932; x_wconf 89' lang='lat' dir='ltr'><strong>accidisset,</strong></span> <span class='ocrx_word' id='word_1_136' title='bbox 731 1853 866 1933; x_wconf 87' lang='lat' dir='ltr'><strong>uterque</strong></span> <span class='ocrx_word' id='word_1_137' title='bbox 893 1850 1006 1914; x_wconf 89' lang='lat' dir='ltr'><strong>consul</strong></span> <span class='ocrx_word' id='word_1_138' title='bbox 1032 1852 1090 1915; x_wconf 90' lang='lat' dir='ltr'><strong>tri-</strong></span> 
     </span>
     <span class='ocr_line' id='line_1_21' title="bbox 125 1933 1129 2019; baseline -0.005 -18"><span class='ocrx_word' id='word_1_139' title='bbox 125 1938 214 2001; x_wconf 90' lang='lat' dir='ltr'><strong>buno</strong></span> <span class='ocrx_word' id='word_1_140' title='bbox 235 1938 341 1999; x_wconf 89' lang='lat' dir='ltr'><strong>tacere</strong></span> <span class='ocrx_word' id='word_1_141' title='bbox 363 1936 449 1999; x_wconf 90' lang='lat' dir='ltr'><strong>iusso</strong></span> <span class='ocrx_word' id='word_1_142' title='bbox 465 1934 541 1999; x_wconf 80' lang='lat' dir='ltr'><strong>‘isto</strong></span> <span class='ocrx_word' id='word_1_143' title='bbox 556 1939 599 2000; x_wconf 85' lang='lat' dir='ltr'><strong>te&#39;</strong></span> <span class='ocrx_word' id='word_1_144' title='bbox 616 1934 723 2019; x_wconf 91' lang='lat' dir='ltr'><strong>inquit</strong></span> <span class='ocrx_word' id='word_1_145' title='bbox 738 1938 848 2018; x_wconf 61' lang='lat' dir='ltr'><strong>‘metra</strong></span> <span class='ocrx_word' id='word_1_146' title='bbox 864 1933 996 2013; x_wconf 88' lang='lat' dir='ltr'><strong>Hanno,</strong></span> <span class='ocrx_word' id='word_1_147' title='bbox 1011 1936 1090 2000; x_wconf 87' lang='lat' dir='ltr'><strong>fides</strong></span> <span class='ocrx_word' id='word_1_148' title='bbox 1104 1955 1129 1996; x_wconf 84' lang='lat' dir='ltr'><strong>so</strong></span> 
     </span>
     <span class='ocr_line' id='line_1_22' title="bbox 125 2018 1091 2086; baseline 0 -1"><span class='ocrx_word' id='word_1_149' title='bbox 125 2020 265 2086; x_wconf 87' lang='lat' dir='ltr'><strong>ciuitatis</strong></span> <span class='ocrx_word' id='word_1_150' title='bbox 288 2028 415 2084; x_wconf 88' lang='lat' dir='ltr'><strong>nostrae</strong></span> <span class='ocrx_word' id='word_1_151' title='bbox 437 2018 575 2084; x_wconf 88' lang='lat' dir='ltr'><strong>liberat’.</strong></span> <span class='ocrx_word' id='word_1_152' title='bbox 604 2021 707 2084; x_wconf 90' lang='lat' dir='ltr'><strong>claros</strong></span> <span class='ocrx_word' id='word_1_153' title='bbox 729 2020 801 2084; x_wconf 90' lang='lat' dir='ltr'><strong>illos</strong></span> <span class='ocrx_word' id='word_1_154' title='bbox 822 2019 944 2085; x_wconf 85' lang='lat' dir='ltr'><strong>fecerat</strong></span> <span class='ocrx_word' id='word_1_155' title='bbox 964 2023 1091 2086; x_wconf 86' lang='lat' dir='ltr'><strong>tantum</strong></span> 
     </span>
     <span class='ocr_line' id='line_1_23' title="bbox 123 2102 1090 2187; baseline 0 -17"><span class='ocrx_word' id='word_1_156' title='bbox 123 2105 264 2170; x_wconf 89' lang='lat' dir='ltr'><strong>hostium</strong></span> <span class='ocrx_word' id='word_1_157' title='bbox 287 2102 399 2168; x_wconf 90' lang='lat' dir='ltr'><strong>ducem</strong></span> <span class='ocrx_word' id='word_1_158' title='bbox 421 2104 545 2169; x_wconf 88' lang='lat' dir='ltr'><strong>uincire</strong></span> <span class='ocrx_word' id='word_1_159' title='bbox 567 2105 726 2187; x_wconf 89' lang='lat' dir='ltr'><strong>potuisse,</strong></span> <span class='ocrx_word' id='word_1_160' title='bbox 749 2105 805 2169; x_wconf 88' lang='lat' dir='ltr'><strong>sed</strong></span> <span class='ocrx_word' id='word_1_161' title='bbox 820 2106 924 2170; x_wconf 87' lang='lat' dir='ltr'><strong>multo</strong></span> <span class='ocrx_word' id='word_1_162' title='bbox 939 2106 1090 2171; x_wconf 89' lang='lat' dir='ltr'><strong>clariores</strong></span> 
     </span>
     <span class='ocr_line' id='line_1_24' title="bbox 121 2189 370 2255; baseline -0.008 0"><span class='ocrx_word' id='word_1_163' title='bbox 121 2189 201 2255; x_wconf 83' lang='lat' dir='ltr'><strong>lecit</strong></span> <span class='ocrx_word' id='word_1_164' title='bbox 222 2189 370 2254; x_wconf 87' lang='lat' dir='ltr'><strong>noluisse.</strong></span> 
     </span>
    </p>

    <p class='ocr_par' dir='ltr' id='par_1_7' title="bbox 120 2272 1130 2868">
     <span class='ocr_line' id='line_1_25' title="bbox 187 2272 1091 2356; baseline 0.001 -18"><span class='ocrx_word' id='word_1_165' title='bbox 187 2275 218 2338; x_wconf 86' lang='lat'><strong>3.</strong></span> <span class='ocrx_word' id='word_1_166' title='bbox 246 2274 410 2337; x_wconf 87' lang='lat' dir='ltr'><strong>Aduersus</strong></span> <span class='ocrx_word' id='word_1_167' title='bbox 433 2272 562 2336; x_wconf 88' lang='lat' dir='ltr'><strong>eosdem</strong></span> <span class='ocrx_word' id='word_1_168' title='bbox 583 2275 693 2338; x_wconf 88' lang='lat' dir='ltr'><strong>hostes</strong></span> <span class='ocrx_word' id='word_1_169' title='bbox 716 2295 825 2356; x_wconf 87' lang='lat' dir='ltr'><strong>parem</strong></span> <span class='ocrx_word' id='word_1_170' title='bbox 847 2274 943 2338; x_wconf 90' lang='lat' dir='ltr'><strong>fidem</strong></span> <span class='ocrx_word' id='word_1_171' title='bbox 965 2275 1001 2339; x_wconf 90' lang='lat' dir='ltr'><strong>in</strong></span> <span class='ocrx_word' id='word_1_172' title='bbox 1022 2275 1091 2340; x_wconf 88' lang='lat' dir='ltr'><strong>iure</strong></span> 
     </span>
     <span class='ocr_line' id='line_1_26' title="bbox 124 2355 1130 2444; baseline -0.003 -21"><span class='ocrx_word' id='word_1_173' title='bbox 124 2359 298 2444; x_wconf 80' lang='lat' dir='ltr'><strong>legationis</strong></span> <span class='ocrx_word' id='word_1_174' title='bbox 326 2355 445 2422; x_wconf 88' lang='lat' dir='ltr'><strong>tuendo</strong></span> <span class='ocrx_word' id='word_1_175' title='bbox 474 2361 581 2440; x_wconf 87' lang='lat' dir='ltr'><strong>patres</strong></span> <span class='ocrx_word' id='word_1_176' title='bbox 609 2358 782 2440; x_wconf 89' lang='lat' dir='ltr'><strong>conscripti</strong></span> <span class='ocrx_word' id='word_1_177' title='bbox 810 2358 1001 2423; x_wconf 87' lang='lat' dir='ltr'><strong>exhibuere:</strong></span> <span class='ocrx_word' id='word_1_178' title='bbox 1045 2359 1089 2424; x_wconf 89' lang='lat' dir='ltr'><strong>M.</strong></span> <span class='ocrx_word' id='word_1_179' title='bbox 1104 2379 1130 2420; x_wconf 76' lang='lat' dir='ltr'><strong>aa</strong></span> 
     </span>
     <span class='ocr_line' id='line_1_27' title="bbox 124 2440 1090 2525; baseline 0 -17"><span class='ocrx_word' id='word_1_180' title='bbox 124 2445 212 2508; x_wconf 89' lang='lat' dir='ltr'><strong>enim</strong></span> <span class='ocrx_word' id='word_1_181' title='bbox 229 2443 367 2508; x_wconf 86' lang='lat' dir='ltr'><strong>Aemilio</strong></span> <span class='ocrx_word' id='word_1_182' title='bbox 382 2441 513 2525; x_wconf 88' lang='lat' dir='ltr'><strong>Lepido,</strong></span> <span class='ocrx_word' id='word_1_183' title='bbox 538 2441 574 2506; x_wconf 91' lang='lat' dir='ltr'><strong>L.</strong></span> <span class='ocrx_word' id='word_1_184' title='bbox 592 2440 750 2505; x_wconf 84' lang='lat' dir='ltr'><strong>Flaminio</strong></span> <span class='ocrx_word' id='word_1_185' title='bbox 773 2442 957 2507; x_wconf 89' lang='lat' dir='ltr'><strong>consulibus</strong></span> <span class='ocrx_word' id='word_1_186' title='bbox 981 2443 1015 2508; x_wconf 85' lang='lat' dir='ltr'><strong>L.</strong></span> <span class='ocrx_word' id='word_1_187' title='bbox 1031 2443 1090 2508; x_wconf 90' lang='lat' dir='ltr'><strong>Mi-</strong></span> 
     </span>
     <span class='ocr_line' id='line_1_28' title="bbox 120 2524 1092 2611; baseline 0 -19"><span class='ocrx_word' id='word_1_188' title='bbox 120 2530 252 2593; x_wconf 89' lang='lat' dir='ltr'><strong>nucium</strong></span> <span class='ocrx_word' id='word_1_189' title='bbox 267 2530 300 2592; x_wconf 81' lang='lat' dir='ltr'><strong>et</strong></span> <span class='ocrx_word' id='word_1_190' title='bbox 315 2527 351 2597; x_wconf 86' lang='lat' dir='ltr'><strong>L.</strong></span> <span class='ocrx_word' id='word_1_191' title='bbox 362 2525 521 2590; x_wconf 89' lang='lat' dir='ltr'><strong>Manlium</strong></span> <span class='ocrx_word' id='word_1_192' title='bbox 533 2524 857 2609; x_wconf 87' lang='lat' dir='ltr'><strong>Karthaginiensium</strong></span> <span class='ocrx_word' id='word_1_193' title='bbox 872 2526 999 2611; x_wconf 80' lang='lat' dir='ltr'><strong>legatis,</strong></span> <span class='ocrx_word' id='word_1_194' title='bbox 1015 2529 1092 2610; x_wconf 88' lang='lat' dir='ltr'><strong>quia</strong></span> 
     </span>
     <span class='ocr_line' id='line_1_29' title="bbox 122 2609 1091 2695; baseline -0.001 -18"><span class='ocrx_word' id='word_1_195' title='bbox 122 2635 235 2678; x_wconf 87' lang='lat' dir='ltr'><strong>manus</strong></span> <span class='ocrx_word' id='word_1_196' title='bbox 249 2612 301 2676; x_wconf 90' lang='lat' dir='ltr'><strong>his</strong></span> <span class='ocrx_word' id='word_1_197' title='bbox 316 2612 508 2688; x_wconf 87' lang='lat' dir='ltr'><strong>attulerant,</strong></span> <span class='ocrx_word' id='word_1_198' title='bbox 532 2631 589 2693; x_wconf 91' lang='lat' dir='ltr'><strong>per</strong></span> <span class='ocrx_word' id='word_1_199' title='bbox 603 2609 730 2674; x_wconf 82' lang='lat' dir='ltr'><strong>fetiales</strong></span> <span class='ocrx_word' id='word_1_200' title='bbox 745 2631 767 2675; x_wconf 84' lang='lat' dir='ltr'><strong>a</strong></span> <span class='ocrx_word' id='word_1_201' title='bbox 782 2609 834 2674; x_wconf 88' lang='lat' dir='ltr'><strong>M.</strong></span> <span class='ocrx_word' id='word_1_202' title='bbox 848 2609 983 2675; x_wconf 80' lang='lat' dir='ltr'><strong>Claudio</strong></span> <span class='ocrx_word' id='word_1_203' title='bbox 998 2633 1091 2695; x_wconf 88' lang='lat' dir='ltr'><strong>prae-</strong></span> 
     </span>
     <span class='ocr_line' id='line_1_30' title="bbox 122 2696 1090 2777; baseline -0.002 -15"><span class='ocrx_word' id='word_1_204' title='bbox 122 2704 193 2763; x_wconf 91' lang='lat' dir='ltr'><strong>tore</strong></span> <span class='ocrx_word' id='word_1_205' title='bbox 216 2696 377 2762; x_wconf 90' lang='lat' dir='ltr'><strong>dedendos</strong></span> <span class='ocrx_word' id='word_1_206' title='bbox 401 2697 604 2760; x_wconf 87' lang='lat' dir='ltr'><strong>cnrauerunt.</strong></span> <span class='ocrx_word' id='word_1_207' title='bbox 634 2715 668 2758; x_wconf 88' lang='lat' dir='ltr'><strong>ss</strong></span> <span class='ocrx_word' id='word_1_208' title='bbox 682 2698 760 2759; x_wconf 90' lang='lat' dir='ltr'><strong>tunc</strong></span> <span class='ocrx_word' id='word_1_209' title='bbox 775 2699 919 2775; x_wconf 88' lang='lat' dir='ltr'><strong>senatus,</strong></span> <span class='ocrx_word' id='word_1_210' title='bbox 942 2716 1090 2777; x_wconf 77' lang='lat' dir='ltr'><strong>nereos,</strong></span> 
     </span>
     <span class='ocr_line' id='line_1_31' title="bbox 123 2779 1130 2868; baseline -0.005 -21"><span class='ocrx_word' id='word_1_211' title='bbox 123 2783 239 2868; x_wconf 88' lang='lat' dir='ltr'><strong>quibus</strong></span> <span class='ocrx_word' id='word_1_212' title='bbox 261 2781 321 2846; x_wconf 92' lang='lat' dir='ltr'><strong>hoc</strong></span> <span class='ocrx_word' id='word_1_213' title='bbox 342 2780 577 2864; x_wconf 86' lang='lat' dir='ltr'><strong>praestabatur,</strong></span> <span class='ocrx_word' id='word_1_214' title='bbox 602 2779 734 2861; x_wconf 86' lang='lat' dir='ltr'><strong>aspexit.</strong></span> <span class='ocrx_word' id='word_1_215' title='bbox 1103 2801 1130 2842; x_wconf 85' lang='lat' dir='ltr'><strong>so</strong></span> 
     </span>
    </p>
   </div>
   <div class='ocr_carea' id='block_1_7' title="bbox 119 2881 1091 3631">
    <p class='ocr_par' dir='ltr' id='par_1_8' title="bbox 119 2881 1091 3614">
     <span class='ocr_line' id='line_1_32' title="bbox 191 2881 1090 2950; baseline 0 -14"><span class='ocrx_word' id='word_1_216' title='bbox 191 2890 206 2936; x_wconf 79' lang='lat'><strong>2</strong></span> <span class='ocrx_word' id='word_1_217' title='bbox 225 2882 391 2936; x_wconf 82' lang='lat' dir='ltr'><strong>alexandria</strong></span> <span class='ocrx_word' id='word_1_218' title='bbox 407 2883 445 2935; x_wconf 89' lang='lat' dir='ltr'><strong>A¹</strong></span> <span class='ocrx_word' id='word_1_219' title='bbox 459 2881 498 2949; x_wconf 78' lang='grc'><strong>114</strong></span> <span class='ocrx_word' id='word_1_220' title='bbox 515 2881 651 2948; x_wconf 78' lang='lat' dir='ltr'><strong>coparats‘u</strong></span> <span class='ocrx_word' id='word_1_221' title='bbox 667 2881 706 2934; x_wconf 66' lang='lat'><strong>13³</strong></span> <span class='ocrx_word' id='word_1_222' title='bbox 722 2882 732 2949; x_wconf 83' lang='grc' dir='ltr'><strong>ΙΙ</strong></span> <span class='ocrx_word' id='word_1_223' title='bbox 751 2883 879 2935; x_wconf 84' lang='lat' dir='ltr'><strong>exterres</strong></span> <span class='ocrx_word' id='word_1_224' title='bbox 896 2883 933 2935; x_wconf 86' lang='lat' dir='ltr'><strong>A¹</strong></span> <span class='ocrx_word' id='word_1_225' title='bbox 955 2885 966 2950; x_wconf 71' lang='lat' dir='ltr'><strong>fl</strong></span> <span class='ocrx_word' id='word_1_226' title='bbox 987 2897 1090 2936; x_wconf 88' lang='lat' dir='ltr'><strong>uacare</strong></span> 
     </span>
     <span class='ocr_line' id='line_1_33' title="bbox 123 2948 1088 3019; baseline -0.001 -15"><span class='ocrx_word' id='word_1_227' title='bbox 123 2954 152 3018; x_wconf 87' lang='lat' dir='ltr'><strong>(a</strong></span> <span class='ocrx_word' id='word_1_228' title='bbox 167 2955 229 3018; x_wconf 82' lang='lat' dir='ltr'><strong>poet</strong></span> <span class='ocrx_word' id='word_1_229' title='bbox 247 2964 262 3001; x_wconf 95' lang='lat' dir='ltr'><strong>c</strong></span> <span class='ocrx_word' id='word_1_230' title='bbox 279 2949 312 3003; x_wconf 80' lang='lat' dir='ltr'><strong>ia</strong></span> <span class='ocrx_word' id='word_1_231' title='bbox 328 2952 396 3016; x_wconf 81' lang='lat' dir='ltr'><strong>ras.)</strong></span> <span class='ocrx_word' id='word_1_232' title='bbox 408 2950 444 3014; x_wconf 85' lang='lat' dir='ltr'><strong>L,</strong></span> <span class='ocrx_word' id='word_1_233' title='bbox 461 2963 563 3002; x_wconf 86' lang='lat' dir='ltr'><strong>uacare</strong></span> <span class='ocrx_word' id='word_1_234' title='bbox 573 2949 609 3001; x_wconf 81' lang='lat' dir='ltr'><strong>A¹</strong></span> <span class='ocrx_word' id='word_1_235' title='bbox 624 2949 662 3018; x_wconf 79' lang='grc'><strong>[17</strong></span> <span class='ocrx_word' id='word_1_236' title='bbox 681 2949 825 3002; x_wconf 85' lang='lat' dir='ltr'><strong>Ptolomeo</strong></span> <span class='ocrx_word' id='word_1_237' title='bbox 838 2949 874 3013; x_wconf 82' lang='lat' dir='ltr'><strong>L,</strong></span> <span class='ocrx_word' id='word_1_238' title='bbox 887 2948 1088 3019; x_wconf 71' lang='lat' dir='ltr'><strong>ptolemeoAll</strong></span> 
     </span>
     <span class='ocr_line' id='line_1_34' title="bbox 123 3015 1091 3136; baseline -0.002 -62"><span class='ocrx_word' id='word_1_239' title='bbox 123 3025 140 3074; x_wconf 89' lang='lat'><em>8</em></span> <span class='ocrx_word' id='word_1_240' title='bbox 158 3017 285 3082; x_wconf 86' lang='lat' dir='ltr'><strong>tutorum</strong></span> <span class='ocrx_word' id='word_1_241' title='bbox 297 3015 367 3070; x_wconf 57' lang='lat'><strong>12³0</strong></span> <span class='ocrx_word' id='word_1_242' title='bbox 373 3017 410 3084; x_wconf 83' lang='lat' dir='ltr'><strong>F,</strong></span> <span class='ocrx_word' id='word_1_243' title='bbox 428 3016 551 3070; x_wconf 89' lang='lat' dir='ltr'><strong>tutorem</strong></span> <span class='ocrx_word' id='word_1_244' title='bbox 564 3015 610 3080; x_wconf 83' lang='lat' dir='ltr'><strong>L¹,</strong></span> <span class='ocrx_word' id='word_1_245' title='bbox 628 3016 729 3072; x_wconf 80' lang='lat' dir='ltr'><strong>tutoris</strong></span> <span class='ocrx_word' id='word_1_246' title='bbox 747 3016 805 3082; x_wconf 78' lang='lat' dir='ltr'><strong>(aad</strong></span> <span class='ocrx_word' id='word_1_247' title='bbox 822 3018 845 3069; x_wconf 91' lang='lat' dir='ltr'><strong>is</strong></span> <span class='ocrx_word' id='word_1_248' title='bbox 862 3018 896 3071; x_wconf 78' lang='lat' dir='ltr'><strong>ta</strong></span> <span class='ocrx_word' id='word_1_249' title='bbox 912 3017 977 3136; x_wconf 48' lang='lat' dir='ltr'><strong>ras]</strong></span> <span class='ocrx_word' id='word_1_250' title='bbox 995 3019 1023 3070; x_wconf 88' lang='lat' dir='ltr'><strong><em>A</em></strong></span> <span class='ocrx_word' id='word_1_251' title='bbox 1035 3019 1045 3085; x_wconf 83' lang='grc' dir='ltr'><strong>ΙΙ</strong></span> <span class='ocrx_word' id='word_1_252' title='bbox 1060 3024 1091 3072; x_wconf 86' lang='lat'><strong>10</strong></span> 
     </span>
     <span class='ocr_line' id='line_1_35' title="bbox 124 3083 1088 3156; baseline -0.002 -17"><span class='ocrx_word' id='word_1_253' title='bbox 124 3099 282 3156; x_wconf 88' lang='lat' dir='ltr'><strong>poenarum</strong></span> <span class='ocrx_word' id='word_1_254' title='bbox 299 3084 338 3137; x_wconf 82' lang='lat' dir='ltr'><strong>A1</strong></span> <span class='ocrx_word' id='word_1_255' title='bbox 374 3083 487 3139; x_wconf 87' lang='lat' dir='ltr'><strong>deuicta</strong></span> <span class='ocrx_word' id='word_1_256' title='bbox 503 3084 582 3147; x_wconf 69' lang='lat' dir='ltr'><strong>Por,</strong></span> <span class='ocrx_word' id='word_1_257' title='bbox 601 3084 724 3138; x_wconf 88' lang='lat' dir='ltr'><strong>deducta</strong></span> <span class='ocrx_word' id='word_1_258' title='bbox 741 3083 801 3138; x_wconf 90' lang='lat' dir='ltr'><strong>LA</strong></span> <span class='ocrx_word' id='word_1_259' title='bbox 812 3086 822 3152; x_wconf 83' lang='grc' dir='ltr'><strong>ΙΙ</strong></span> <span class='ocrx_word' id='word_1_260' title='bbox 837 3090 867 3136; x_wconf 77' lang='lat'><strong>12</strong></span> <span class='ocrx_word' id='word_1_261' title='bbox 885 3085 964 3137; x_wconf 90' lang='lat' dir='ltr'><strong>humi</strong></span> <span class='ocrx_word' id='word_1_262' title='bbox 978 3100 1026 3137; x_wconf 87' lang='lat' dir='ltr'><strong>car</strong></span> <span class='ocrx_word' id='word_1_263' title='bbox 1036 3085 1064 3137; x_wconf 92' lang='lat' dir='ltr'><strong><em>A</em></strong></span> <span class='ocrx_word' id='word_1_264' title='bbox 1075 3086 1088 3155; x_wconf 78' lang='grc' dir='ltr'><strong>ΙΙ</strong></span> 
     </span>
     <span class='ocr_line' id='line_1_36' title="bbox 123 3152 1090 3221; baseline -0.002 -13"><span class='ocrx_word' id='word_1_265' title='bbox 123 3160 156 3208; x_wconf 84' lang='grc'><strong>13</strong></span> <span class='ocrx_word' id='word_1_266' title='bbox 175 3153 222 3206; x_wconf 89' lang='lat' dir='ltr'><strong>adi</strong></span> <span class='ocrx_word' id='word_1_267' title='bbox 243 3152 280 3204; x_wconf 87' lang='lat' dir='ltr'><strong>sis</strong></span> <span class='ocrx_word' id='word_1_268' title='bbox 297 3153 353 3221; x_wconf 77' lang='lat' dir='ltr'><strong>A¹l</strong></span> <span class='ocrx_word' id='word_1_269' title='bbox 373 3159 404 3208; x_wconf 78' lang='lat'><strong>15</strong></span> <span class='ocrx_word' id='word_1_270' title='bbox 421 3167 600 3205; x_wconf 86' lang='lat' dir='ltr'><strong>romanorum</strong></span> <span class='ocrx_word' id='word_1_271' title='bbox 620 3167 728 3205; x_wconf 84' lang='lat' dir='ltr'><strong>morum</strong></span> <span class='ocrx_word' id='word_1_272' title='bbox 739 3152 819 3218; x_wconf 67' lang='lat' dir='ltr'><strong>Par,</strong></span> <span class='ocrx_word' id='word_1_273' title='bbox 838 3168 908 3220; x_wconf 82' lang='lat' dir='ltr'><strong>quae</strong></span> <span class='ocrx_word' id='word_1_274' title='bbox 925 3167 994 3206; x_wconf 81' lang='lat' dir='ltr'><strong>uera</strong></span> <span class='ocrx_word' id='word_1_275' title='bbox 1011 3153 1090 3207; x_wconf 80' lang='lat' dir='ltr'><strong>lectio</strong></span> 
     </span>
     <span class='ocr_line' id='line_1_37' title="bbox 120 3219 1090 3282; baseline -0.001 -6"><span class='ocrx_word' id='word_1_276' title='bbox 120 3221 182 3277; x_wconf 80' lang='lat' dir='ltr'><strong>uid.</strong></span> <span class='ocrx_word' id='word_1_277' title='bbox 231 3220 316 3274; x_wconf 82' lang='lat' dir='ltr'><strong>olmio</strong></span> <span class='ocrx_word' id='word_1_278' title='bbox 333 3236 382 3274; x_wconf 79' lang='lat' dir='ltr'><strong>ean.</strong></span> <span class='ocrx_word' id='word_1_279' title='bbox 405 3220 465 3274; x_wconf 79' lang='lat' dir='ltr'><strong>Vol.</strong></span> <span class='ocrx_word' id='word_1_280' title='bbox 505 3222 561 3277; x_wconf 77' lang='lat'><strong>,12</strong></span> <span class='ocrx_word' id='word_1_281' title='bbox 595 3225 627 3272; x_wconf 77' lang='lat'><strong>22</strong></span> <span class='ocrx_word' id='word_1_282' title='bbox 645 3220 758 3274; x_wconf 89' lang='lat' dir='ltr'><strong>uincere</strong></span> <span class='ocrx_word' id='word_1_283' title='bbox 778 3220 845 3282; x_wconf 88' lang='lat' dir='ltr'><strong>LA,</strong></span> <span class='ocrx_word' id='word_1_284' title='bbox 865 3235 913 3274; x_wconf 83' lang='lat' dir='ltr'><strong>em.</strong></span> <span class='ocrx_word' id='word_1_285' title='bbox 930 3219 996 3274; x_wconf 79' lang='lat' dir='ltr'><strong>Iao.</strong></span> <span class='ocrx_word' id='word_1_286' title='bbox 1016 3220 1090 3275; x_wconf 86' lang='lat' dir='ltr'><strong>Par-</strong></span> 
     </span>
     <span class='ocr_line' id='line_1_38' title="bbox 121 3286 1091 3355; baseline -0.002 -11"><span class='ocrx_word' id='word_1_287' title='bbox 121 3290 233 3344; x_wconf 75' lang='lat' dir='ltr'><strong>rhasius</strong></span> <span class='ocrx_word' id='word_1_288' title='bbox 267 3294 301 3342; x_wconf 73' lang='lat'><strong>25</strong></span> <span class='ocrx_word' id='word_1_289' title='bbox 319 3288 452 3342; x_wconf 88' lang='lat' dir='ltr'><strong>exhibere</strong></span> <span class='ocrx_word' id='word_1_290' title='bbox 500 3286 553 3340; x_wconf 85' lang='lat' dir='ltr'><strong>1A¹</strong></span> <span class='ocrx_word' id='word_1_291' title='bbox 583 3288 587 3355; x_wconf 78' lang='lat' dir='ltr'><strong>l</strong></span> <span class='ocrx_word' id='word_1_292' title='bbox 612 3292 645 3340; x_wconf 81' lang='lat'><strong>26</strong></span> <span class='ocrx_word' id='word_1_293' title='bbox 662 3287 692 3343; x_wconf 87' lang='lat' dir='ltr'><strong>L.</strong></span> <span class='ocrx_word' id='word_1_294' title='bbox 710 3289 738 3341; x_wconf 90' lang='lat' dir='ltr'><strong><em>A</em></strong></span> <span class='ocrx_word' id='word_1_295' title='bbox 755 3288 824 3342; x_wconf 81' lang='lat' dir='ltr'><strong>Par.</strong></span> <span class='ocrx_word' id='word_1_296' title='bbox 848 3293 878 3342; x_wconf 84' lang='lat' dir='ltr'><strong>at</strong></span> <span class='ocrx_word' id='word_1_297' title='bbox 897 3286 926 3341; x_wconf 84' lang='lat' dir='ltr'><strong>C.</strong></span> <span class='ocrx_word' id='word_1_298' title='bbox 944 3292 983 3342; x_wconf 79' lang='lat' dir='ltr'><strong>cst</strong></span> <span class='ocrx_word' id='word_1_299' title='bbox 1001 3289 1091 3342; x_wconf 80' lang='lat' dir='ltr'><strong>Liuio</strong></span> 
     </span>
     <span class='ocr_line' id='line_1_39' title="bbox 121 3353 1090 3435; baseline 0.001 -25"><span class='ocrx_word' id='word_1_300' title='bbox 121 3356 242 3410; x_wconf 89' lang='lat' dir='ltr'><strong><em>XXXV</em></strong></span> <span class='ocrx_word' id='word_1_301' title='bbox 259 3356 297 3409; x_wconf 91' lang='lat'><strong>11</strong></span> <span class='ocrx_word' id='word_1_302' title='bbox 312 3359 355 3435; x_wconf 36' lang='lat'><strong>42·</strong></span> <span class='ocrx_word' id='word_1_303' title='bbox 367 3362 392 3412; x_wconf 86' lang='lat' dir='ltr'><strong>et</strong></span> <span class='ocrx_word' id='word_1_304' title='bbox 413 3357 446 3410; x_wconf 79' lang='lat' dir='ltr'><strong>ia</strong></span> <span class='ocrx_word' id='word_1_305' title='bbox 462 3355 546 3420; x_wconf 82' lang='lat' dir='ltr'><strong>fastis</strong></span> <span class='ocrx_word' id='word_1_306' title='bbox 557 3371 584 3409; x_wconf 83' lang='lat' dir='ltr'><strong>a.</strong></span> <span class='ocrx_word' id='word_1_307' title='bbox 595 3357 647 3410; x_wconf 80' lang='lat'><strong>567</strong></span> <span class='ocrx_word' id='word_1_308' title='bbox 659 3356 669 3423; x_wconf 71' lang='lat' dir='ltr'>fl</span> <span class='ocrx_word' id='word_1_309' title='bbox 681 3353 796 3433; x_wconf 72' lang='lat' dir='ltr'><strong>flimino</strong></span> <span class='ocrx_word' id='word_1_310' title='bbox 804 3356 842 3418; x_wconf 86' lang='lat' dir='ltr'><strong>A,</strong></span> <span class='ocrx_word' id='word_1_311' title='bbox 854 3354 998 3435; x_wconf 75' lang='lat' dir='ltr'><strong>flamiuino</strong></span> <span class='ocrx_word' id='word_1_312' title='bbox 1009 3357 1090 3416; x_wconf 82' lang='lat' dir='ltr'><strong>Par..</strong></span> 
     </span>
     <span class='ocr_line' id='line_1_40' title="bbox 121 3423 1091 3503; baseline -0.001 -24"><span class='ocrx_word' id='word_1_313' title='bbox 121 3430 154 3479; x_wconf 79' lang='lat' dir='ltr'><strong>ut</strong></span> <span class='ocrx_word' id='word_1_314' title='bbox 171 3439 222 3480; x_wconf 82' lang='lat' dir='ltr'><strong>aas</strong></span> <span class='ocrx_word' id='word_1_315' title='bbox 239 3424 266 3478; x_wconf 78' lang='lat' dir='ltr'><strong><em>L</em></strong></span> <span class='ocrx_word' id='word_1_316' title='bbox 317 3424 468 3478; x_wconf 87' lang='lat' dir='ltr'><strong>mmutium</strong></span> <span class='ocrx_word' id='word_1_317' title='bbox 487 3423 547 3476; x_wconf 84' lang='lat' dir='ltr'><strong>LA</strong></span> <span class='ocrx_word' id='word_1_318' title='bbox 564 3423 574 3491; x_wconf 75' lang='lat' dir='ltr'><strong>ll</strong></span> <span class='ocrx_word' id='word_1_319' title='bbox 592 3429 624 3502; x_wconf 24' lang='lat'><strong>217</strong></span> <span class='ocrx_word' id='word_1_320' title='bbox 642 3423 669 3476; x_wconf 86' lang='lat' dir='ltr'><strong>le</strong></span> <span class='ocrx_word' id='word_1_321' title='bbox 690 3424 748 3476; x_wconf 84' lang='lat' dir='ltr'><strong>atro</strong></span> <span class='ocrx_word' id='word_1_322' title='bbox 767 3423 1091 3503; x_wconf 56' lang='lat' dir='ltr'><strong>1¹¹A¹ll2811¹l¹¹lel³nt</strong></span> 
     </span>
     <span class='ocr_line' id='line_1_41' title="bbox 119 3439 1091 3614; baseline 0 -67"><span class='ocrx_word' id='word_1_323' title='bbox 119 3493 191 3548; x_wconf 82' lang='lat' dir='ltr'><strong>Por.</strong></span> <span class='ocrx_word' id='word_1_324' title='bbox 206 3493 247 3614; x_wconf 42' lang='lat'><strong>¹?</strong></span> <span class='ocrx_word' id='word_1_325' title='bbox 295 3508 371 3549; x_wconf 70' lang='lat' dir='ltr'><strong>,ona</strong></span> <span class='ocrx_word' id='word_1_326' title='bbox 391 3493 463 3558; x_wconf 88' lang='lat' dir='ltr'><strong>LA,</strong></span> <span class='ocrx_word' id='word_1_327' title='bbox 481 3490 610 3559; x_wconf 71' lang='lat' dir='ltr'><strong>suppleta</strong></span> <span class='ocrx_word' id='word_1_328' title='bbox 629 3507 642 3544; x_wconf 84' lang='lat' dir='ltr'><strong>c</strong></span> <span class='ocrx_word' id='word_1_329' title='bbox 659 3439 728 3549; x_wconf 57' lang='lat' dir='ltr'><strong>igar.</strong></span> <span class='ocrx_word' id='word_1_330' title='bbox 742 3492 751 3559; x_wconf 85' lang='grc' dir='ltr'><strong>ΙΙ</strong></span> <span class='ocrx_word' id='word_1_331' title='bbox 765 3491 875 3545; x_wconf 79' lang='lat' dir='ltr'><strong>claudio</strong></span> <span class='ocrx_word' id='word_1_332' title='bbox 896 3497 925 3559; x_wconf 82' lang='lat' dir='ltr'><strong>(u</strong></span> <span class='ocrx_word' id='word_1_333' title='bbox 942 3508 962 3547; x_wconf 87' lang='lat' dir='ltr'><strong>a.</strong></span> <span class='ocrx_word' id='word_1_334' title='bbox 981 3493 1008 3559; x_wconf 77' lang='lat' dir='ltr'><strong>l,</strong></span> <span class='ocrx_word' id='word_1_335' title='bbox 1032 3494 1091 3546; x_wconf 79' lang='lat' dir='ltr'><strong>ra&#39;a</strong></span> 
     </span>
    </p>

    <p class='ocr_par' dir='ltr' id='par_1_9' title="bbox 245 3559 508 3631">
     <span class='ocr_line' id='line_1_42' title="bbox 245 3559 508 3631; baseline -0.004 -18"><span class='ocrx_word' id='word_1_336' title='bbox 245 3561 303 3631; x_wconf 65' lang='lat'><strong>[129</strong></span> <span class='ocrx_word' id='word_1_337' title='bbox 321 3561 451 3616; x_wconf 91' lang='lat' dir='ltr'><strong>dedendo</strong></span> <span class='ocrx_word' id='word_1_338' title='bbox 469 3559 508 3612; x_wconf 79' lang='grc' dir='ltr'><strong>Α1</strong></span> 
     </span>
    </p>
   </div>
   <div class='ocr_carea' id='block_1_8' title="bbox 0 0 1308 3952">
    <p class='ocr_par' dir='ltr' id='par_1_10' title="bbox 0 0 1308 3952">
     <span class='ocr_line' id='line_1_43' title="bbox 0 0 1308 3952; baseline 0 0"><span class='ocrx_word' id='word_1_339' title='bbox 0 0 1308 3952; x_wconf 95' lang='lat' dir='ltr'><strong> </strong></span> 
     </span>
    </p>
   </div>
  </div>
 </body>
</html>
