2606 3952
232 155 274 220 90
650 155 719 215 LlB.
736 156 771 210 11.

231 307 290 373 bus
313 309 504 392 conscriptis
532 328 599 372 non
628 309 766 392 placuit,
795 308 871 392 quia
898 309 994 375 duces
1023 332 1042 376 a
1069 314 1199 397 populo,
1289 379 1290 390 ,

231 414 299 460 non
321 417 341 458 a
361 393 518 458 militibus
546 394 648 458 creari
675 393 823 460 solerent.
868 415 930 478 quo
957 398 1103 480 ternpore
1130 404 1200 464 tem
1289 417 1290 422 ’

232 479 411 560 †iniusto‚
439 482 506 544 tum
536 479 629 564 graui
657 482 791 563 propter
817 479 949 544 inmune
975 481 1022 545 rei
1050 483 1199 565 publicae

233 562 386 630 damnum
422 564 520 628 etiam
553 564 703 629 tribunus
739 563 879 629 militum
911 564 1088 631 adulandus
1119 573 1199 650 erat,
1289 573 1290 578 ’

204 661 218 702 ⁶
233 651 387 732 quoniam
409 649 536 732 quidem
558 648 598 713 ad
620 652 739 714 statum
754 649 853 714 totius
874 648 1014 715 ciuitatis
1036 653 1200 738 corrigen·
1289 653 1290 656 ’

232 735 308 799 dum
324 755 407 800 unus
423 733 599 802 suffecerat.
636 735 692 798 sed
711 733 801 798 nulls
816 733 934 816 clades,
955 734 1083 800 nullum
1104 759 1199 802 merr-

230 820 300 883 tum
322 819 483 884 ualentius
505 818 638 882 militari
659 819 831 903 disciplina
852 818 925 882 fuit.

295 903 509 970 Succurrebat
530 903 617 968 enim
645 903 711 968 illis
734 925 829 987 quum
852 903 998 968 animose
1024 907 1198 973 seueritate

231 988 406 1054 Terentino
428 987 512 1053 bello
535 989 673 1053 maiores
695 1010 807 1054 eorum
828 989 879 1052 usi
899 989 1048 1068 fuissent,
1074 991 1109 1054 in
1132 1013 1198 1075 quo

192 1087 218 1127 1⁰
231 1075 389 1157 quassatis
401 1079 434 1137 et
444 1073 571 1138 adtritis
585 1074 632 1138 rei
644 1073 793 1157 publicae
809 1073 941 1157 uiribus,
957 1094 1030 1139 cum
1043 1096 1198 1160 magnum
1289 1079 1290 1130 1

231 1158 431 1241 captiuorum
455 1158 574 1222 ciuium
597 1179 726 1223 suorum
754 1179 922 1223 numerum
951 1157 1094 1242 aPyrro
1120 1183 1198 1246 rege

230 1242 315 1306 ultro
337 1245 470 1307 missum
491 1243 697 1327 recepissent,
721 1242 933 1308 decreuerunt
947 1245 984 1308 ut
1005 1264 1045 1309 ex
1066 1245 1116 1328 iis,
1140 1249 1197 1345 qui

230 1347 313 1411 equo
342 1330 537 1409 meruerant,
572 1327 716 1411 peditum
745 1349 878 1393 numero
910 1327 1103 1408 militarent,
1140 1353 1196 1415 qur
1289 1367 1290 1407 1

228 1412 353 1494 pedites
374 1411 511 1492 fueraut,
536 1413 569 1476 in
591 1412 792 1478 funditorum
811 1412 932 1478 auxilia
946 1415 1196 1480 transcriberen-

193 1508 218 1550 ¹⁶
231 1500 298 1582 tur,
327 1519 409 1563 neue
438 1499 509 1582 quis
537 1519 647 1562 eorum
675 1498 762 1563 iutra
792 1502 897 1562 castra
924 1497 1084 1582 tenderet,
1114 1522 1198 1566 neue
1289 1569 1290 1590 ,

229 1580 334 1648 locum
364 1587 454 1648 ema
481 1583 686 1668 adsignatum
715 1582 801 1648 uallo
835 1586 891 1648 aut
923 1583 1010 1651 fossa
1042 1585 1195 1670 cingeret,
1289 1603 1290 1614 ¹

229 1687 311 1734 neue
325 1669 502 1733 tentorium
519 1689 557 1732 ex
571 1668 710 1751 pellibus
726 1667 867 1732 haberet.
902 1687 1065 1732 reorusum
1087 1674 1196 1736 autem

229 1751 280 1816 his
302 1755 341 1819 ad
364 1753 539 1838 pristinum
561 1752 696 1817 militiae
719 1753 864 1818 ordinem
886 1760 1139 1839 proposuerunt,
1167 1757 1196 1821 si
1289 1791 1290 1810 1

231 1839 301 1918 quis
317 1839 393 1903 bina
415 1837 517 1922 spolia
539 1859 578 1902 ex
593 1837 739 1902 hostibus
761 1837 898 1904 tulisset.
937 1839 1053 1923 quibus
1075 1841 1196 1924 suppli-

191 1939 217 1980 ro
232 1921 289 1987 ciis
312 1925 474 2008 conpressi
498 1943 536 1986 ex
558 1921 756 1987 deformibus
773 1922 867 2006 Pyrri
889 1925 1086 1989 munusculis
1109 1947 1195 1991 acer·
1289 1975 1290 1988 ,

229 2008 303 2072 rimi
324 2007 434 2072 hostes
457 2008 643 2072 extiterunt.

292 2091 407 2156 Parem
422 2092 502 2156 iram
519 2096 649 2157 senatus
671 2092 823 2157 aduersus
845 2092 917 2156 illos
936 2091 1117 2177 destrinxit,
1138 2097 1194 2180 qui

229 2178 315 2260 apud
338 2176 466 2242 Cannas
494 2176 746 2261 rempublicam
769 2177 992 2242 deseruerant:
1022 2199 1098 2242 num
1120 2200 1193 2246 eum
1289 2203 1290 2214 ¹

229 2282 283 2326 eos
304 2262 465 2347 grauitate
488 2262 608 2327 decreti
630 2261 715 2326 ultra
744 2266 944 2327 mortuorum
971 2263 1194 2330 condicionem

189 2361 215 2402 2⁵
229 2346 413 2432 relegasset,
435 2347 576 2431 acceptis
599 2368 618 2410 a
637 2346 681 2410 M.
702 2345 854 2412 Marcello
876 2347 1002 2425 litteris,
1026 2352 1061 2413 ut
1084 2370 1193 2416 eorum
1289 2349 1290 2368 ³

227 2431 290 2495 sibi
312 2453 410 2516 opera
431 2430 470 2496 ad
494 2431 766 2516 expugnationem
789 2430 1015 2515 Syracusarum
1043 2434 1090 2498 uti
1118 2435 1193 2500 lice-

226 2521 290 2597 ret,
317 2516 483 2600 rescripsit
515 2516 666 2601 indiguos
696 2538 765 2582 esse
793 2518 850 2600 qui
877 2518 912 2582 in
942 2519 1045 2582 castra
1073 2520 1192 2604 recipe·
1289 2579 1290 2586 ,

225 2604 351 2666 rentur:
385 2605 525 2667 ceterum
559 2623 594 2666 se
621 2601 650 2666 ei
679 2603 865 2686 permittere
893 2606 930 2668 ut
957 2602 1079 2667 faceret
1107 2605 1193 2688 quod
1289 2663 1290 2676 ,

293 2809 309 2858 3
331 2803 435 2858 iniusto
459 2803 530 2868 LA,
559 2804 632 2873 quod
654 2809 804 2859 conredo
826 2805 936 2872 defend.
960 2803 1092 2862 Foertsrlr
1109 2805 1150 2860 ΙΙ
1162 2809 1190 2876 8,

226 2878 358 2994 angusto,
376 2873 498 2937 maesto,
517 2874 617 2926 onusto
636 2873 714 2937 dett..
737 2873 859 2927 infausto
880 2873 934 2952 (iu,
952 2873 1191 2979 Iicclcr,.iulesto

225 2956 260 2994 uc
288 2940 416 2994 luctuoso
429 2938 528 3009 Halm,
550 2941 661 2995 lunesto
679 2939 798 3010 Wcrsslry
805 2957 835 3009 p.
847 2945 878 3008 4,
896 2942 973 2996 tust1
987 2941 1069 2996 Gertz
1090 2983 1097 3010 ,
1117 2957 1191 2997 1n1co

225 3008 272 3062 uel
292 3008 390 3076 iniquo
411 3021 461 3063 reos
481 3009 515 3062 in
535 3007 668 3063 Flectere
691 3024 759 3064 aon.
775 3025 804 3077 p.
822 3013 857 3064 59
879 3009 938 3063 coll.
964 3009 1021 3067 Gir.
1041 3024 1093 3076 pro
1110 3009 1192 3066 Rosc.

226 3077 288 3130 Am.
307 3080 333 3142 1,
353 3076 420 3144 1114
437 3075 559 3132 tribunis
571 3076 641 3130 LA¹
655 3077 665 3144 l
678 3076 839 3132 adulandus
853 3077 891 3131 Β
903 3080 942 3146 16
960 3077 1048 3132 cledis
1061 3077 1143 3142 LA¹‚
1160 3095 1192 3134 s.

225 3142 318 3210 Neue,
336 3142 476 3202 Formeul.
494 3145 516 3198 I
530 3148 583 3199 180
603 3146 613 3213 1
635 3150 666 3199 10
684 3144 794 3213 publice
813 3144 884 3198 L¹A
904 3147 914 3214 11
937 3151 966 3200 11
985 3159 1103 3199 numero
1120 3145 1193 3200 L¹A
1289 3163 1290 3172 ¹

228 3213 238 3276 11
260 3216 291 3263 12
314 3225 349 3264 ex
371 3211 395 3265 is
418 3211 498 3266 L¹A¹
523 3213 534 3281 11
560 3218 591 3266 14
612 3212 881 3267 transscriberentur
902 3216 942 3270 A²
964 3213 1063 3276 Halm.
1088 3218 1121 3268 ut
1142 3228 1193 3269 reos

226 3277 309 3332 etiam
326 3277 396 3334 Par.
420 3281 424 3348 1
452 3286 483 3334 18
500 3280 535 3333 iis
552 3280 639 3334 Halm
660 3281 670 3348 11
692 3287 723 3334 19
741 3280 884 3336 retulisset
900 3282 1033 3337 soldrad.
1051 3281 1111 3336 aid.
1129 3297 1192 3336 cum

224 3343 296 3421 Nep.
317 3344 361 3424 cs.
379 3346 419 3400 11
451 3349 479 3412 2,
497 3351 514 3402 3
532 3352 557 3403 ct
573 3350 611 3402 24
622 3349 632 3415 11
645 3355 676 3401 11
695 3347 847 3403 destrinxit
864 3365 958 3427 ruaryo
974 3351 1002 3403 A
1021 3350 1129 3413 ceca,
1148 3349 1191 3403 di·

225 3413 338 3465 strinxit
350 3412 377 3466 L
390 3416 519 3534 etEprr'ma
530 3415 542 3468 i
553 3416 585 3469 ior
597 3416 686 3470 litora
697 3417 725 3468 A
736 3417 746 3483 ΙΙ
760 3416 995 3472 14οοιιᾶι11ωιεω
1008 3420 1035 3470 A
1048 3417 1057 3486 11
1070 3422 1103 3472 26
1115 3433 1192 3485 syra·

226 3493 391 3532 cuseuorum

225 3547 260 3612 A,
279 3545 364 3600 licere
383 3547 488 3615 111117
507 3551 650 3619 rescripsit
666 3568 698 3605 m
715 3567 770 3607 ras.
788 3554 830 3618 A,
847 3552 1010 3607 transcribit
1028 3552 1055 3607 L

437 3483 472 3547 A,
498 3499 546 3539 em.
564 3485 697 3563 marqu
714 3499 728 3538 c
744 3484 813 3539 Par.
835 3485 845 3552 l
866 3489 899 3538 26
917 3485 1017 3539 liceret
1039 3487 1063 3550 (t
1079 3491 1109 3540 r'rr
1125 3485 1191 3552 ras.)
1289 3532 1290 3560 3
