2562 3950
221 171 285 240 526
419 168 489 224 ΜΒ.
507 168 542 226 v.
578 166 654 222 cnr.
673 174 698 236 a,
718 171 793 224 1-e.
828 165 891 220 ure
910 171 986 220 1-e.

566 373 623 454 pn
645 373 848 438 recalere.

171 486 222 553 8,1
288 478 449 540 Romulum
477 479 596 538 senatus
625 478 771 540 inmemor
804 474 1020 537 beneficiorum
1053 476 1094 536 in
1127 478 1212 538 curia

223 563 391 640 discerpsit.

190 660 206 709 2
290 646 433 708 Camillus
455 665 474 706 a
494 646 531 706 L.
547 645 676 722 Apuleio
699 648 739 705 tr.
761 646 802 721 pl.
827 645 983 705 accusatus
1004 644 1041 704 in
1065 663 1109 704 ea
1134 645 1208 705 nrhe

224 732 462 796 incolumitatem
489 730 633 806 consequi
658 747 720 789 non
741 730 856 805 potuit,
884 747 974 804 quam
996 733 1146 794 auxerat.
1170 739 1226 780 —5

225 818 368 880 Africano
391 816 537 892 superiori
564 819 637 890 post
655 813 825 890 triumphos
847 813 910 874 dies
933 812 1014 873 dicta
1039 817 1109 888 est,
1141 819 1209 875 eta

225 902 337 980 populo
352 900 518 961 damnatus.
536 930 574 942 ·-
591 898 750 960 Africanus
773 899 871 960 minor
891 900 1047 973 raptorem
1072 899 1207 974 spiritus

138 1011 142 1020 ¹
226 988 308 1047 domi
329 985 461 1059 inuenit,
491 984 596 1044 mortis
617 983 789 1060 punitorem
810 984 844 1043 in
865 982 940 1042 urbe
960 1000 1025 1042 non
1048 987 1206 1062 repperit.

228 1103 265 1114 —
291 1070 391 1146 Scipio
413 1069 523 1129 Nasica
545 1068 600 1128 sub
622 1068 712 1128 titulo
733 1067 895 1145 legationis
914 1065 1110 1144 Pergamum
1134 1070 1206 1129 rele

225 1157 314 1244 gatus
337 1157 392 1213 est.
423 1185 464 1196 -
492 1153 527 1213 P.
549 1152 713 1227 Lentulus,
742 1153 963 1212 amantissimus
985 1152 1030 1210 rei
1054 1171 1088 1228 p.
1119 1154 1205 1228 ciuis,
1216 1163 1231 1202 10

225 1241 295 1316 post
316 1237 518 1302 Gracchanam
540 1237 733 1315 seditionem,
755 1255 845 1312 quam
865 1235 1137 1313 ipseeepelierat,
1163 1239 1207 1298 die

226 1323 306 1382 dicta
333 1322 424 1398 petiit
452 1340 470 1380 a
497 1322 543 1382 dis
571 1340 609 1381 ne
637 1339 779 1397 umquam
801 1320 838 1380 ad
859 1321 1013 1398 ingratum
1036 1339 1071 1396 p.
1097 1323 1143 1382 R.
1165 1342 1207 1382 re

225 1409 394 1468 uerteretur
415 1409 447 1470 et
467 1408 502 1466 tet
516 1406 650 1466 Siciliam
671 1406 825 1482 profectus
848 1421 959 1480 conpos
981 1406 1050 1464 uoti
1073 1406 1152 1467 fuit
1169 1439 1206 1450 -

225 1493 322 1552 Ahala
350 1495 423 1567 post
445 1491 495 1567 Sp.
518 1491 620 1550 Maelii
648 1492 790 1563 mortem,
826 1509 914 1566 quam
945 1490 1011 1566 ipse
1046 1493 1208 1552 occiderat

225 1595 351 1654 regnum
373 1575 586 1649 adfectantem,
610 1575 777 1636 custoditae
797 1573 948 1634 libertatis
970 1573 1088 1634 ciuium
1115 1577 1232 1637 axilios

227 1679 280 1722 suo
302 1678 414 1736 poenae
435 1660 588 1736 pependit.

194 1756 212 1804 4
294 1744 397 1805 Cicero
420 1743 453 1805 C.
477 1744 628 1820 Popilium
654 1743 818 1814 Laenatem
839 1742 971 1804 Picentis
998 1743 1148 1818 regionis
1177 1749 1207 1806 in

227 1830 337 1890 iudicio
360 1827 506 1888 defendit.
541 1829 590 1889 hic
611 1828 745 1904 Popilius
767 1830 871 1903 postea
892 1845 947 1890 nec
968 1845 1001 1886 re
1022 1846 1084 1888 nec
1106 1830 1205 1890 uerbo

227 1913 408 1974 aCicerone
435 1913 533 1973 laesus
561 1913 642 1973 ultro
670 1912 712 1972 Μ.
733 1911 902 1972 Antonium
933 1911 1057 1989 rogauit
1092 1917 1134 1974 ut
1169 1916 1205 1974 ad

226 1999 312 2058 illum
338 1999 538 2074 proscriptum
560 1997 796 2073 persequendum
817 1997 989 2057 mitteretur
1010 1995 1231 2072 impetratis-s

228 2102 286 2158 que
314 2081 500 2142 detestabilis
528 2082 689 2143 ministerii
715 2081 852 2157 partibus
880 2076 1014 2141 Caietam
1045 2083 1147 2156 petiit
1176 2087 1205 2142 el

143 2233 146 2240 ¹
226 2167 270 2225 ihi
297 2166 435 2242 iugulum
463 2166 520 2226 sibi
547 2167 690 2243 praehere
710 2166 826 2228 iussum
848 2164 1020 2226 Ciceronem
1041 2168 1204 2241 gestiente

226 2269 367 2310 mucrone
389 2251 534 2311 confodit.

194 2347 210 2396 5
292 2333 345 2394 Cn.
368 2335 527 2411 Pompeius
549 2335 732 2409 Carbonem,
760 2355 778 2393 a
808 2352 867 2412 quo
890 2333 928 2393 de
949 2333 1088 2409 paternis
1111 2335 1203 2396 bonis

226 2420 259 2480 in
280 2419 346 2480 fero
369 2420 514 2480 dimicans
535 2423 689 2496 protectus
712 2418 821 2492 fuerat,
842 2418 973 2491 †iussus
995 2417 1177 2505 oceidit.;j¹
1211 2431 1227 2471 u

175 2513 231 2553 nxe.
296 2503 558 2583 Carthaginienses
584 2504 786 2564 Hannibalem
808 2523 832 2563 a
859 2506 1020 2579 conspectu
1049 2519 1107 2564 suo
1129 2496 1201 2565 ene

195 2569 207 2616 ¹
227 2608 349 2650 mouere
369 2591 402 2649 in
423 2589 558 2649 animum
578 2588 769 2649 induxerunt.

194 2685 210 2734 2
292 2674 447 2753 Lycurgus
478 2673 661 2750 legumlator
692 2673 844 2750 lapidibus
877 2691 894 2731 a
922 2671 1038 2732 cirribus
1064 2673 1200 2752 petitur,

228 2761 332 2837 pulsus
354 2759 430 2832 foro,
452 2759 496 2818 ita
509 2761 544 2818 ut
560 2758 679 2818 oculum
695 2759 857 2832 amitteret,
872 2757 1034 2818 nouissime
1050 2757 1199 2819 expiauit

194 2856 210 2905 3
291 2843 491 2904 Athenienses
514 2843 628 2903 Thesea
655 2846 726 2918 poet
747 2846 795 2903 tot
816 2841 960 2902 beneficia
980 2839 1081 2924 patrie
1105 2856 1229 2920 expo-eo

227 2930 336 3003 lerunt,
360 2929 442 2988 cuius
465 2945 532 2987 ossa
555 2927 666 3004 Scyrus
687 2928 785 2986 insula
806 2927 917 2987 mortui
938 2928 1023 2985 texit.
1042 2956 1081 2968 -
1100 2925 1199 2988 Solon

228 3014 412 3074 senectutem
434 3010 527 3088 Cypri
548 3011 695 3090 profugus
717 3012 836 3089 exegit,
856 3029 953 3087 neque
977 3011 1004 3070 ei
1026 3009 1058 3069 in
1082 3013 1197 3086 petria,

160 3167 167 3182 .
228 3099 265 3159 de
286 3115 345 3174 qua
367 3097 476 3173 optime
499 3099 656 3171 meruerat,
681 3097 807 3174 contigit
828 3096 954 3155 humari.
978 3127 1017 3138 -
1040 3093 1199 3157 Miltiades

228 3189 299 3258 pest
320 3183 372 3241 d'c'c
395 3181 553 3242 Persarum
581 3179 756 3242 Marathone
792 3179 910 3262 deuicta
941 3180 973 3238 in
1006 3197 1125 3240 carcere
1165 3202 1199 3242 ac

297 3349 313 3396 8
330 3343 631 3412 mortiasspuuitcrem
648 3345 658 3414 l
677 3350 707 3398 12
724 3345 799 3413 petit
820 3345 825 3412 Ι
848 3350 879 3398 13
896 3345 926 3396 iu
943 3342 1078 3398 addicite
1099 3341 1165 3400 Vae.
1187 3348 1197 3414 ll

230 3415 261 3461 15
279 3409 421 3462 custodita
437 3409 571 3464 libertate
588 3412 658 3479 cod,
676 3428 724 3466 cm.
743 3411 831 3467 eVa.
852 3411 952 3466 Gesta*
973 3413 983 3480 ΙΙ
1005 3415 1037 3465 16
1055 3413 1201 3482 rependit

228 3477 277 3592 &a
295 3476 375 3552 erae.)
389 3477 444 3552 l‚²1
461 3479 535 3543 petit
547 3479 557 3545 ll
571 3482 603 3532 25
620 3479 695 3533 iussu
715 3477 809 3534 Sullae
827 3478 932 3534 occidit
948 3483 1027 3545 recte,
1046 3479 1080 3533 nt
1098 3479 1198 3550 fallor,

260 3540 329 3606 alm,
347 3544 428 3594 rusert
446 3544 536 3596 occidi
555 3545 653 3601 Gertz*
666 3549 676 3616 ΙΙ
689 3553 721 3601 32
740 3547 767 3600 ei
784 3546 820 3600 de
837 3548 932 3616 patria
948 3547 977 3600 in
996 3561 1053 3615 qua
