2562 3950
336 145 404 201 LIB.
423 144 486 201 VII.
523 145 601 205 cAP.
620 152 646 214 2,
659 151 733 203 3-6.
768 146 832 201 Ext.
852 154 873 200 1.
1025 147 1087 213 547

185 304 221 375 Q.
245 303 384 363 Metellus
412 303 530 363 deuicta
558 301 737 381 Carthagine
765 305 879 364 nescire
907 323 938 364 se
965 304 1009 365 ait
1035 305 1122 365 illa3

119 387 248 448 uictoria
269 387 380 448 bonine
403 389 471 464 plus
493 408 532 448 an
554 389 625 448 mali
646 389 691 448 rei
712 388 849 465 publicae
876 389 1043 451 adtulisset.

182 473 219 534 L.
242 473 376 532 Fimbria
403 473 567 534 consularis
595 473 636 533 Μ.
664 473 785 533 Lutatio
813 473 953 533 Pinthiae
988 475 1120 551 splen-4

118 557 188 618 dido
211 558 304 634 equiti
326 558 462 617 Romano
485 559 574 618 iudex
593 557 730 618 addictus
750 558 971 636 desponsione,
995 578 1085 635 quam

92 643 144 702 cis
175 661 243 704 cum
264 642 452 716 aduersario,
481 643 514 703 ni
534 643 583 702 uir
604 643 701 702 honus
723 645 817 718 osset,
847 643 971 716 fecerat,
999 662 1085 702 num·

118 746 209 803 quam
230 727 262 786 id
284 727 427 787 iudicium
448 727 696 803 pronuntiatione
724 745 778 787 sua
798 727 885 787 finire
905 727 1018 805 noluit,
1046 746 1085 787 ne

117 816 170 873 ant
196 811 357 888 probatum
385 812 501 886 uirum,
531 811 557 872 si
585 816 691 873 contra
711 831 779 873 eum
800 812 974 887 iudicasset,
1006 811 1085 872 fama

118 896 275 973 spoliaret,
304 900 358 956 aut
384 896 497 956 iuraret
523 897 622 956 uirum
644 897 756 957 bonum
779 915 858 970 esse,
888 915 955 957 eum
977 915 1012 958 ea
1034 917 1081 957 res

116 981 387 1042 innumerabilibus
408 980 547 1042 laudibus
570 982 780 1043 contineretur.
810 1043 813 1049 ,

78 1080 104 1120 ro
180 1065 317 1142 Papirius
340 1064 452 1126 Cursor
474 1066 587 1144 consul,
609 1085 675 1126 cum
689 1066 884 1143 Aquiloniam
907 1071 1115 1143 oppugnanso

11 1205 12 1210 ,
115 1151 263 1226 proelium
284 1150 378 1210 uellet
400 1151 586 1211 committere
607 1150 810 1228 pullariusque
832 1170 892 1211 non
907 1170 1084 1228 prosperan·

116 1235 198 1300 tibus
220 1235 327 1295 auibus
350 1237 512 1295 ementitus
535 1239 614 1296 esset
635 1237 780 1312 auspieie‚
804 1237 841 1296 de
863 1236 980 1296 fallacia
1001 1236 1082 1297 illius

115 1319 212 1378 faetus
241 1320 351 1380 certior
378 1320 436 1379 sibi
467 1320 589 1396 quidem
623 1322 654 1379 et
681 1321 825 1380 exercitui
854 1323 965 1380 bonum
994 1340 1082 1382 omen

115 1402 219 1462 datum
241 1403 371 1463 eredidit
392 1422 426 1463 ao
447 1423 580 1482 pugnam
603 1404 680 1478 iniit,
703 1409 834 1466 ceterum
856 1405 1027 1465 mendacem
1048 1406 1081 1464 in

77 1500 102 1542 15
114 1487 213 1564 prima
234 1489 295 1547 acie
318 1488 489 1562 constituit,
517 1492 553 1548 ut
574 1488 721 1549 haberent
743 1489 786 1548 dii
808 1489 892 1549 cuius
915 1489 1025 1564 eapite,
1056 1490 1082 1549 si

116 1572 188 1649 quid
221 1574 419 1649 conceperant
449 1573 527 1647 irae,
560 1574 724 1649 expiarent.
773 1574 876 1650 itaque
907 1574 1016 1633 accidit
1048 1577 1082 1633 ut

115 1657 197 1733 quod
225 1657 355 1733 primum
385 1676 420 1716 ex
444 1657 569 1717 aduersa
590 1660 676 1734 parte
699 1658 823 1718 missurn
845 1661 911 1718 erat
932 1658 1026 1717 telum
1048 1653 1080 1716 in

113 1744 217 1818 pectus
239 1741 358 1818 pullarii
380 1743 505 1802 ueniret.

179 1825 254 1887 Cum
286 1827 432 1886 aduersus
460 1826 660 1886 Hannibalem
683 1824 843 1887 Claudiam
868 1827 1019 1886 Neronem
1050 1830 1114 1886 ero

73 1926 101 1968 ao
119 1911 240 1971 Liuium
262 1911 462 1972 Salinatorem
483 1914 605 1972 senatus
627 1911 764 1972 consules
797 1911 931 1972 mitteret
955 1910 1081 1970 inimici-

114 1997 166 2056 tiis
191 1997 332 2056 acerrime
354 1997 435 2056 inter
457 2016 489 2057 se
511 1996 701 2071 dissidentes,
723 2015 838 2057 summo
854 1997 953 2057 studio
968 1995 1000 2055 in
1015 2014 1081 2072 gra·

113 2081 187 2140 tiam
210 2099 260 2141 eos
281 2082 366 2156 prius
388 2081 518 2141 reduxit.
546 2081 666 2142 eosdem
688 2084 817 2156 senatus,
841 2100 907 2140 cum
930 2080 967 2140 ob
989 2080 1079 2140 nimis

113 2184 216 2241 aspere
249 2170 346 2224 aotam
379 2184 533 2226 censuram
565 2185 583 2225 a
614 2165 668 2226 Gn.
695 2166 807 2227 Baebio
836 2165 906 2226 trib.
935 2165 977 2241 pl.
1012 2183 1079 2225 reos

113 2250 217 2326 peregi
249 2249 382 2326 uideret,
422 2251 540 2311 decreto
574 2270 627 2311 suo
660 2251 810 2311 liberauit.
847 2281 888 2294 -
925 2249 1079 2309 Tiberium

74 2349 99 2388 aa
114 2333 279 2394 Gracchum
300 2334 370 2395 trib.
394 2336 435 2410 pl.
457 2339 577 2395 senatus
598 2337 749 2412 agrariam
769 2337 867 2414 legem
887 2335 1078 2412 promulgare

112 2437 217 2478 ausum
244 2421 341 2479 morte
369 2420 521 2480 multauit.
565 2419 645 2480 idem
666 2423 701 2488 ut
723 2421 886 2481 secundum
907 2419 1004 2496 legem
1025 2437 1078 2494 per

111 2503 287 2563 triumuiros
309 2522 382 2581 ager
402 2505 513 2580 populo
536 2504 650 2564 uiritim
672 2503 857 2565 diuideretur
879 2505 1002 2564 censuit.

176 2587 315 2648 Socrates
342 2588 538 2665 philosophus
564 2590 640 2649 nihil
667 2591 748 2649 ultra
768 2589 972 2666 petenduma
1000 2586 1057 2647 diis
1072 2583 1127 2686 nze.

110 2671 330 2733 immortalibus
344 2673 545 2733 arbitrabatur
559 2693 648 2750 quam
663 2677 698 2733 ut
711 2674 790 2736 bona
804 2674 981 2749 tribuerent,
1005 2673 1076 2747 quia

71 2773 97 2813 eo
110 2756 133 2815 ii
155 2758 276 2818 demum
297 2759 409 2817 scirent
431 2760 504 2834 quid
526 2760 579 2818 uni
602 2760 708 2835 cuique
730 2763 808 2820 esset
829 2759 913 2821 utile.
927 2789 970 2800 -
991 2757 1075 2816 Idem

109 2843 323 2918 conpendiaria
344 2844 394 2902 uia
415 2844 538 2904 iuuenes
561 2844 598 2902 ad
619 2845 746 2921 gloriam
768 2844 923 2921 peruenire
946 2841 1074 2916 dicebat,

108 2927 159 3002 qui
187 2927 218 2987 id
246 2932 385 3006 agerent,
420 2931 455 2987 ut
479 2929 582 3005 quales
604 2929 701 2988 uideri
723 2929 851 3006 uellent,
884 2927 961 2987 tales
984 2928 1073 2986 etiam

107 3014 217 3072 essent.
244 3043 285 3056 -
313 3013 397 3073 Idem
430 3014 467 3072 ab
500 3012 725 3074 adulescentulo
759 3013 887 3090 quodam
921 3011 1074 3072 consultus

108 3103 209 3155 utrum
238 3115 360 3157 uxorem
390 3099 513 3158 duceret
541 3117 580 3157 an
608 3117 640 3158 se
667 3099 748 3158 omni
770 3097 960 3158 matrimonio
983 3095 1073 3155 absti-

175 3265 191 3314 3
213 3275 231 3312 a
253 3259 290 3313 M.
313 3259 415 3382 Madfl
434 3260 546 3330 pinthia
568 3277 609 3329 sp.
634 3261 729 3329 equite
747 3262 805 3320 cod.
823 3261 888 3333 Mai
911 3263 921 3330 ΙΙ
944 3259 1072 3314 deditus

105 3326 170 3380 Mai
193 3327 202 3395 ΙΙ
228 3333 259 3382 13
281 3327 372 3382 factus
396 3328 470 3382 'lius
488 3328 575 3384 Halm
596 3331 606 3398 t
631 3335 661 3382 14
681 3330 718 3383 ad
756 3345 861 3398 agnam
878 3327 912 3383 iit
929 3329 986 3384 eod.
1023 3343 1072 3382 ern.

105 3394 192 3449 Halm
211 3394 297 3452 eVal.
311 3397 321 3464 ΙΙ
335 3397 418 3474 191ο1.
437 3413 569 3451 neronem
583 3399 638 3464 {126
656 3397 720 3462 fort.
733 3347 828 3467 iirgem
846 3397 906 3452 eine
923 3413 974 3466 per
985 3369 1072 3449 llatae

105 3479 166 3517 cam
188 3463 248 3517 Vel.
270 3465 280 3532 ΙΙ
304 3471 338 3518 30
359 3463 380 3517 ir
402 3466 517 3519 demum
539 3483 553 3521 a
573 3466 633 3520 Vol.
657 3479 707 3520 aea
729 3471 755 3521 et
773 3465 883 3534 omre,
912 3466 990 3519 idem
1012 3463 1070 3520 cod.

104 3530 214 3599 Halmii
227 3537 259 3586 32
277 3531 307 3584 id
325 3533 395 3591 corat.
413 3532 500 3587 Halm
518 3550 532 3589 e
552 3533 623 3600 Vot,
640 3533 682 3587 ita
699 3535 756 3589 eod.

134 3621 148 3662 θ
866 3620 919 3676 35·
