2550 3958
258 157 327 217 ΜΒ,
345 156 368 210 Ι.
399 155 478 214 oAP.
498 161 522 224 6,
541 155 603 211 nrt.
621 163 646 211 3.
683 155 761 212 CAP.
780 161 894 222 r‚1-o.
992 158 1052 222 481

87 333 180 392 grana
208 317 430 391 congesserunt.
480 314 581 390 itaque
609 333 737 391 augures
765 316 904 374 feruntur
932 333 1054 391 respon·

87 399 165 460 disse
188 401 321 460 omnium
343 399 429 458 illum
451 399 623 459 mortalium
638 399 772 458 futurum
786 396 1009 459 diuitissimum.

21 485 22 490 ’
150 483 285 543 Platonis
309 484 484 544 dormientis
506 483 601 543 adbuc
622 483 738 559 paruuli
760 501 794 542 os
808 501 879 558 apes
894 485 983 542 melle
999 485 1052 542 im·
1071 493 1087 544 3

21 571 22 578 ’
86 568 259 643 plenerant:
285 587 344 644 qua
358 587 389 628 re
403 568 505 628 audite
526 567 731 644 prodigiorum
752 567 931 642 interpretes
953 568 1055 644 singu-

21 655 22 662 ’
59 651 180 712 clarem
202 653 313 729 eloquii
336 653 514 713 suauitatem
537 670 587 712 ore
609 653 671 712 eius
694 655 881 712 manaturum
904 651 1053 712 dixerunt.

442 821 495 879 Du
521 819 696 880 SOMNIIS.

20 973 22 980 ,
149 921 219 981 Diui
235 920 365 999 Augusti
387 921 520 981 medicus
535 921 675 982 Artorius
697 922 775 980 uidit
796 922 828 980 in
851 920 979 994 somnis,
993 927 1104 993 *seta

20 1001 22 1078 j
86 1005 132 1064 uti
154 1006 312 1082 Augustus
345 1006 482 1083 quamuis
512 1024 600 1083 aeger
627 1007 658 1065 in
681 1006 793 1065 bellum
816 1006 926 1065 abiret:
961 1006 1054 1067 fuisse

20 1087 22 1096 ’
86 1092 186 1149 autem
209 1110 290 1167 eam,
313 1110 387 1166 quae
402 1090 538 1164 iusserit,
563 1089 740 1150 Mineruam.
764 1092 865 1167 itaque
879 1091 984 1150 lectica
1005 1091 1054 1150 de·

43 1175 165 1237 uolatus
181 1175 212 1234 iu
228 1176 341 1235 bellum
355 1175 533 1251 periculum,
557 1176 638 1251 quod
653 1194 795 1251 passurus
810 1175 917 1250 fuerat,
934 1175 1051 1252 effugit:

20 1259 23 1266 '
85 1259 138 1317 illo
160 1260 240 1318 enim
261 1259 341 1317 bello
364 1263 461 1319 castra
483 1261 546 1318 eius
568 1279 586 1318 a
607 1259 702 1318 Bruto
725 1261 813 1334 captu
835 1261 914 1319 sunt.

20 1331 23 1408 f
148 1342 183 1401 P.
217 1344 326 1403 Decius
359 1346 390 1402 et
422 1343 458 1405 Τ.
493 1343 624 1403 Manlius
656 1343 825 1420 Torquatus
862 1363 937 1404 coss.
974 1345 1087 1406 idem3

20 1427 21 1438 ¹
85 1428 233 1486 somnium
255 1427 412 1502 uiderunt,
435 1429 471 1486 ut
493 1427 577 1487 cuius
591 1429 738 1487 exercitus
753 1428 904 1488 laboraret
918 1429 949 1486 in
964 1427 1052 1504 bello,

86 1530 149 1571 sese
178 1529 232 1587 pro
261 1530 295 1570 eo
324 1512 494 1572 deuoueret.
538 1512 640 1588 itaque
668 1512 776 1571 accidit
796 1514 831 1570 ut
852 1511 937 1571 Decii
959 1512 1053 1573 Muris
1152 1587 1155 1594 Ι

43 1613 71 1654 15
86 1613 177 1654 cornu
205 1596 326 1671 pulsum
354 1597 391 1656 ab
419 1596 555 1656 hostibus
580 1597 706 1655 cederet.
751 1599 817 1655 tum
839 1596 955 1655 somnio
979 1598 1054 1656 satis'

20 1740 23 1760 f
86 1679 220 1740 facturus
244 1681 303 1738 dux
325 1698 381 1755 pro
404 1681 534 1739 exercitu
557 1699 588 1740 se
611 1681 748 1754 deuouit,
771 1682 802 1739 et
824 1699 892 1740 eum
908 1681 972 1756 ipse
988 1699 1054 1756 per·

20 1769 23 1778 '
86 1764 173 1840 isset,
197 1765 338 1824 exercitui
361 1783 449 1824 causa
470 1764 613 1824 uictoriae
637 1764 703 1828 fuit.

19 1913 21 1920 s
147 1849 181 1907 Τ.
199 1849 337 1909 Latinius
359 1868 375 1908 e
397 1849 485 1924 plebe
507 1850 605 1909 iussus
628 1850 660 1909 in
682 1849 794 1908 somnis
817 1847 921 1908 anue
936 1849 1086 1909 senatui4

83 1935 222 1994 nuntiare
255 1937 291 1994 ut
323 1952 396 1994 coss.
421 1934 508 1994 ludos
540 1933 756 2005 instaurarent,
790 1932 870 2009 quod
902 1951 963 1993 non
996 1934 1053 1993 rite

19 2017 71 2078 'so
85 2023 185 2078 assent
206 2019 335 2094 peracti:
359 2021 428 2078 ante
449 2037 575 2094 pompae
597 2019 677 2078 enim
700 2017 903 2077 inductionem
925 2036 979 2094 per
999 2017 1053 2077 cir·

85 2120 151 2161 eum
189 2122 206 2163 e
243 2104 362 2162 domino
397 2122 516 2163 seruum
550 2103 581 2161 in
616 2121 731 2163 omrem
762 2104 876 2176 actum,
911 2102 1053 2162 dubitans

19 2193 22 2262 ζ
85 2186 186 2245 subita
208 2186 263 2245 filii
285 2191 380 2246 morte
404 2205 580 2264 oppressus,
605 2186 713 2246 deinde
736 2187 868 2263 corporis
891 2188 936 2246 sui
959 2187 1052 2246 totius

19 2299 21 2348 j
85 2270 273 2344 ualetudine,
310 2271 418 2330 cotidie
452 2290 547 2346 paone
580 2272 697 2330 monitu
725 2270 806 2332 Iouis
833 2274 1052 2347 perseuerante,

19 2367 20 2432 j
85 2354 206 2414 tandem
236 2355 352 2415 delatus
381 2356 414 2414 iu
440 2354 546 2414 lectica
574 2356 690 2416 senatui
712 2356 860 2415 somnium
882 2356 1002 2415 rettulit
1023 2359 1053 2416 et

19 2451 73 2499 'as
86 2440 223 2514 protinus
244 2438 371 2515 pedibus
394 2439 454 2497 suis
477 2440 588 2498 curiam
610 2459 746 2516 egressus
768 2442 823 2498 est.

148 2521 250 2584 Cicero
288 2523 403 2582 inuidia
439 2523 629 2583 inimicorum
661 2525 693 2582 iu
725 2523 847 2582 exilium
879 2524 984 2597 pulsus
1020 2524 1086 2586 ino

85 2609 197 2668 somnis
220 2607 252 2667 O.
277 2609 405 2667 Marium
428 2608 549 2667 obuium
573 2608 631 2666 sibi
653 2608 764 2666 factum
786 2608 919 2683 putauit,
944 2607 1051 2666 ducen-

84 2697 146 2753 tem
168 2710 198 2751 se
220 2695 341 2767 arrepta
362 2711 452 2751 manu
480 2693 512 2750 in
534 2709 620 2750 suum
644 2696 870 2751 monumentum
892 2690 1052 2751 dicentem·

19 2787 20 2796 ¹
84 2797 142 2853 que
170 2777 212 2836 ibi
241 2795 304 2836 esse
334 2794 417 2852 spem
440 2778 535 2835 status
557 2776 702 2835 laetioris.
747 2794 801 2836 nec
822 2776 910 2835 aliter
932 2775 1049 2835 euenit:

19 2861 152 2936 faonam
178 2862 210 2921 in
239 2862 311 2922 aede
338 2861 419 2921 Iouis
447 2861 581 2920 Mariana
607 2877 631 2919 s.
655 2879 679 2923 c.
708 2861 888 2920 factumest
911 2859 1051 2919 dereuo-

84 2947 177 3005 cando
201 2965 245 3006 eo.

148 3027 181 3089 Ο.
205 3029 336 3090 Graccho
369 3030 545 3088 inminentis
579 3047 662 3089 casus
695 3029 836 3089 atrocitas
870 3029 971 3105 palam
998 3040 1085 3105 pero

84 3114 214 3191 quietem
243 3115 420 3175 denuntiata
452 3118 509 3180 est;
543 3132 646 3173 somno
678 3115 760 3174 enim
790 3131 910 3190 pressus
937 3113 1051 3173 Tiberii

151 3266 167 3314 2
185 3259 371 3324 diutissimum
387 3265 451 3315 m.1
470 3262 512 3329 115
530 3261 612 3315 immo
630 3260 824 3314 emanaturam
842 3259 930 3314 Halm
941 3261 980 3328 tt
998 3260 1050 3311 Ar-

82 3327 170 3383 torius
187 3342 238 3386 om.
256 3327 344 3382 Helm
357 3329 367 3397 ΙΙ
379 3329 408 3381 in
425 3327 542 3398 somnis]
563 3327 702 3382 somnium
720 3327 780 3383 coll.
800 3326 849 3398 §3
867 3327 976 3394 dmm,
993 3343 1051 3381 cec-

83 3397 145 3450 cclt
162 3401 255 3451 tomen
272 3395 400 3464 ssepptcre
415 3396 561 3450 iubentem
579 3396 638 3454 coll.
652 3395 733 3463 Nep,
751 3410 790 3449 aa
807 3395 911 3451 euadit
928 3413 941 3449 s
963 3395 1051 3450 eciem

82 3464 324 3532 praecipientem?
352 3463 388 3530 cf.
414 3463 475 3522 Vat.
500 3465 510 3532 n
535 3470 551 3518 9
572 3464 682 3532 itaque]
706 3463 773 3520 cdd.
798 3463 901 3519 Caesar
952 3463 1025 3520 erte*
1039 3464 1050 3532 Γ,

84 3537 116 3585 15
133 3546 241 3587 cornus
253 3535 263 3601 ΙΙ
276 3537 309 3586 24
325 3548 453 3587 somnum
470 3548 505 3586 m.
519 3536 535 3586 1

134 3628 196 3669 Van.
209 3629 277 3672 Max.
855 3625 889 3676 31
