2606 3958
211 159 275 224 392
621 157 778 214 numu.

212 330 298 374 anno
321 313 469 393 coeptum
484 309 849 395 undequadragesimum
865 312 1023 392 Aoyeaoiv
1047 310 1189 374 exactis-

213 395 312 460 simae
335 395 525 459 subtilitatis
547 395 697 459 uolumen
724 396 866 478 reliquit.
918 396 1008 458 cuius
1038 394 1186 459 studium

212 481 246 544 in
270 479 434 544 tradendis
457 480 581 564 ingenii
604 480 654 542 sui
676 479 892 544 monumentis
914 483 1041 544 tantum
1063 500 1189 564 operae

212 564 395 649 laborisque
417 565 586 643 sustinuit,
614 568 652 628 ut
672 565 713 628 ad
736 584 787 644 ea,
815 585 896 648 quae
918 563 1061 647 scripsit,
1091 565 1187 645 peni·

186 653 267 714 stus
290 651 518 735 cognoscenda
539 649 640 730 longa
663 650 731 712 uita
753 650 795 712 sit
816 670 908 732 opus,

279 737 327 798 11.
351 734 397 798 Te
412 755 554 818 quoque,
578 733 753 814 Cleanthe,
777 737 842 797 tam
860 733 1015 796 laboriose
1029 732 1187 796 haurien-

212 823 278 884 tem
302 823 334 882 et
349 821 417 882 tam
431 819 640 901 pertinaciter
656 817 838 882 tradentem
852 817 1043 901 sapientiam
1058 838 1185 881 numen

210 904 314 988 ipsius
329 902 507 966 industriae
523 903 677 985 suspexit,
702 924 775 966 cum
790 902 1026 968 adulescentem
1042 905 1180 984 quaestu

213 987 427 1053 extrahendae
449 1008 549 1069 aquae
577 991 736 1051 nocturno
759 991 904 1069 tempore
925 986 1069 1069 inopiam
1092 989 1185 1050 tuam

174 1096 199 1136 ιο
213 1074 459 1153 sustentantem,
476 1072 591 1136 diurno
608 1071 780 1155 Chrysippi
791 1071 981 1168 praeceptis
1002 1071 1185 1154 percipien-

213 1158 262 1221 dis
277 1161 455 1234 uacantem,
471 1156 671 1240 eundemque
685 1157 726 1221 ad
747 1157 1043 1220 undecentesrmum
1058 1177 1183 1219 annum
1276 1157 1277 1174 ³

212 1242 345 1306 adtenta
367 1261 444 1304 cura
459 1241 658 1304 erudientem
680 1241 839 1305 auditores
861 1245 933 1304 tuos
957 1239 1098 1304 uideret:
1122 1239 1183 1303 du-

212 1325 290 1410 plici
318 1325 404 1388 enim
431 1325 539 1389 labore
569 1325 665 1389 unius
695 1326 812 1389 saeculi
841 1325 980 1410 spatium
1003 1325 1183 1408 occupasti,

213 1413 372 1476 incertum
394 1409 555 1475 reddendo
578 1409 796 1493 discipulusne
820 1431 859 1473 an
884 1411 1074 1493 praeceptor
1097 1429 1186 1473 esses

174 1517 199 1558 15
215 1495 416 1560 laudabilior.
950 1510 951 1513 ¹

279 1580 327 1644 12.
357 1579 530 1663 Sophocles
553 1599 678 1663 quoque
700 1579 878 1662 gloriosum
901 1599 1103 1642 cumrerum
1124 1600 1183 1641 na·

212 1670 286 1731 tura
301 1668 465 1730 certamen
479 1665 608 1743 habuit,
623 1671 690 1728 tam
706 1665 846 1747 benigne
862 1662 996 1727 mirifica
1013 1662 1062 1726 illi
1082 1683 1184 1746 opera
1277 1687 1278 1694 ¹

213 1773 271 1815 sua
286 1749 465 1814 exhibendo
481 1770 578 1833 quam
597 1749 654 1813 illa
675 1748 825 1834 operibus
848 1749 914 1812 eius
936 1751 1081 1830 tempora
1103 1748 1184 1811 libe-

212 1836 323 1899 raliter
344 1833 644 1898 sumministrendo:
666 1854 766 1917 prope
789 1833 875 1896 enim
892 1834 1101 1896 centesimum
1123 1853 1184 1896 an·

175 1942 200 1982 ao
213 1942 291 1984 num
314 1919 442 2002 attigit,
466 1919 525 1982 sub
547 1921 653 2001 ipsum
675 1917 848 1982 transitum
871 1917 909 1980 ad
933 1919 1071 1981 mortem
1087 1917 1184 1982 Oedi-

212 2005 296 2088 pode
319 2001 373 2066 ἐπὶ
396 2006 546 2087 Κολωνῷ
565 2003 703 2085 scripto,
730 2024 793 2086 qua
815 2003 883 2066 sola
904 2001 1015 2066 fabula
1037 2001 1183 2066 omnium

212 2089 354 2152 eiusdem
382 2086 468 2151 studi
493 2091 660 2170 poetarum
689 2087 871 2170 praeripere
898 2086 1035 2170 gloriam
1062 2087 1181 2170 potuit.

212 2174 308 2256 idque
330 2172 481 2255 ignotum
503 2193 572 2235 esse
594 2173 729 2254 posteris
752 2172 838 2235 filius
861 2171 1029 2255 Sophoclis
1051 2170 1180 2254 Iophon

212 2257 335 2338 noluit,
359 2256 504 2338 sepulcro
526 2257 629 2339 patris
651 2277 730 2339 quae
753 2256 849 2320 retuli
871 2256 1092 2338 insculpendo.

173 2373 199 2414 25
280 2342 328 2406 13.
353 2339 531 2405 Simonides
546 2362 623 2405 uero
645 2345 740 2424 poeta
756 2341 954 2424 octogesimo
970 2361 1056 2405 anno
1074 2343 1106 2404 et
1120 2339 1179 2403 do·

214 2426 315 2490 cuisse
338 2448 372 2490 ee
387 2426 530 2490 carmina
552 2426 640 2490 etin
664 2447 773 2489 eorum
790 2430 953 2490 certamen
976 2424 1181 2489 descendisse

212 2512 280 2595 ipse
302 2512 468 2596 gloriatur.
506 2532 566 2575 nec
580 2510 645 2574 luit
667 2511 787 2575 inicum
810 2510 902 2574 illum
924 2509 1123 2592 uoluptatem
1139 2531 1181 2573 ex

281 2669 293 2716 1
313 2663 457 2732 inceptum
469 2663 538 2716 Par.
551 2663 562 2731 11
575 2661 920 2730 undequadragensimum
933 2663 1024 2728 Par.¹,
1036 2661 1180 2729 undequa-

212 2731 371 2801 dragesimo
390 2731 429 2784 L²
446 2732 456 2799 11
477 2733 645 2784 ΛΟΡΙΚΟΝ
664 2731 736 2795 LA,
755 2732 782 2784 lo
806 2730 868 2782 'eon
885 2730 956 2783 Par.
979 2731 989 2796 11
1011 2735 1026 2782 2
1045 2728 1182 2796 relinquit

211 2800 293 2853 Par·.¹
306 2801 345 2868 114
363 2799 399 2852 ad
417 2814 526 2863 aequae
544 2797 625 2850 L¹A¹
640 2799 679 2867 116
697 2798 784 2852 deant
805 2813 820 2852 e
839 2798 876 2850 L¹
891 2798 929 2865 118
947 2799 1078 2868 questum
1097 2796 1180 2862 L1A,

206 2866 363 2933 quaestui*
375 2866 414 2918 L²
427 2868 436 2933 11
450 2872 465 2919 9
478 2864 654 2919 extrahenda
672 2881 706 2919 ea
723 2881 796 2933 quae
815 2865 868 2930 A1,
887 2864 1055 2919 extrahente*
1073 2881 1107 2917 ea
1124 2879 1181 2931 que

211 2935 272 3001 11111
288 2941 317 2987 10
330 2934 454 3001 erysippi
466 2934 506 2998 L,
526 2934 573 2987 sed
586 2933 635 2986 chr
656 2952 677 2987 s.
695 2935 721 2987 b.
741 2935 759 2988 l.
773 2934 796 2985 A
812 2934 821 3001 11
837 2939 867 2985 12
886 2936 915 2986 et
931 2932 1063 2986 rudientd
1074 2931 1150 2984 L¹A¹
1165 2933 1177 2999 11

210 3005 274 3056 tuos
302 3001 377 3066 DF,
405 2999 621 3062 suos-LAGE
659 3042 666 3066 ,
694 3001 780 3079 quod,
807 3002 833 3054 ai
859 3017 888 3056 a.
914 3004 932 3053 9
959 3015 1038 3052 suam
1065 3000 1179 3062 scribas,

207 3072 309 3138 probat
325 3069 425 3128 Halm.
453 3083 512 3122 ooo
528 3074 600 3122 reete
620 3070 629 3134 11
651 3074 682 3121 17
701 3067 744 3121 illi
761 3069 822 3127 edd.
841 3068 918 3123 mult.
937 3073 1016 3131 ortt,
1046 3067 1099 3120 illa
1121 3067 1180 3121 LA

211 3137 313 3204 Halm,
333 3136 382 3190 ille
400 3137 493 3191 Aldus
510 3137 519 3203 11
538 3143 569 3190 19
588 3136 826 3190 subministrando
844 3135 933 3189 Halm
951 3137 961 3204 11
979 3141 1010 3188 21
1030 3138 1098 3187 ΕΠΙ
1118 3139 1180 3188 ΚΟ-

211 3207 341 3261 AONON
358 3204 431 3271 LA,
454 3204 520 3258 add.
540 3203 596 3257 1111.
618 3204 733 3272 sophos:
757 3220 779 3258 e.
799 3221 888 3273 egene
910 3205 984 3257 annu
1002 3201 1143 3270 oedipodd
1161 3203 1181 3256 f.

212 3271 538 3408 {pprihgpmffipsm
556 3269 1180 3407 1313111111Ψῖ111110111-

211 3409 287 3482 phos
328 3409 338 3441 ²
357 3407 423 3461 aas
438 3409 448 3474 l
461 3413 494 3460 ar
512 3357 633 3460 dourepr
646 3408 656 3475 l
669 3407 817 3475 sepulchro
830 3380 913 3460 niro
926 3408 936 3475 1
948 3407 1046 3460 resurr
1064 3379 1176 3474 numi

211 3479 244 3525 ‘25
263 3473 421 3525 srmonedee
440 3474 508 3527 Lm
527 3476 587 3542 1125
605 3473 796 3543 octogensimo
814 3476 897 3530 Par.1
910 3477 966 3543 1127
984 3473 1087 3529 inicum
1107 3477 1135 3542 (u
1148 3475 1183 3528 ia

211 3540 280 3604 ros.)
299 3540 340 3604 A,
359 3538 505 3593 inimicum
524 3542 596 3606 ΔΓ,
615 3542 741 3608 iniquum
761 3543 826 3596 dett.
