2562 3950
278 181 347 237 LIB.
359 182 407 240 VI.
435 182 513 241 cAP.
532 190 646 249 4,s-o.
672 183 736 239 sxt.
755 191 779 239 1.
798 191 823 242 2.
980 186 1044 252 539

49 339 228 416 Sulpicius
250 339 346 400 Galba
367 341 398 399 et
412 340 555 400 Aurelius
577 343 715 402 consules
737 341 769 401 in
791 345 899 401 senatu
922 346 1043 402 conten·

50 425 179 484 derent
203 428 270 484 uter
291 426 434 484 aduersus
445 425 596 486 Viriatum
617 427 650 485 in
664 426 840 502 Hispaniam
862 427 1042 503 mitteretur,

51 509 250 568 ‘neutrum'
278 511 379 585 inquit
406 511 498 569 ‘mihi
525 511 625 586 placet
646 511 743 588 mitti,
776 511 847 586 quia
868 512 945 570 elter
966 513 1043 571 nihil

49 594 169 673 habet,
195 594 282 653 alteri
304 594 380 653 nihil
402 595 475 653 satis
497 596 570 654 est'.

26 695 34 734 ε
132 677 168 738 C.
187 678 325 753 Popilius
347 698 366 737 a
387 682 495 738 senatu
517 680 636 756 legatus
659 679 694 738 ad
718 679 902 739 Antiochum
924 681 1043 757 missus,
1062 692 1078 740 3

53 767 96 822 ut
113 763 203 822 bello
219 781 260 839 se,
283 781 343 838 quo
357 763 562 823 Ptolemaeum
577 765 751 843 lacessebat,
772 764 951 841 abstineret,
976 783 1042 824 cum

55 849 101 907 ad
133 867 209 906 eum
236 849 369 907 uenisset
397 850 487 923 etque
508 848 534 906 is
555 852 697 924 prompto
719 849 818 908 animo
842 849 1044 908 dexteramei

56 932 270 1007 porrexisset,
303 933 433 991 inuicem
465 933 511 991 illi
539 951 623 992 suem
654 933 723 992 dare
746 933 844 992 noluit
864 936 897 991 et
917 933 1043 993 tabellas

58 1018 196 1075 senatus
224 1017 397 1076 consultum
427 1018 615 1076 continentes
637 1015 771 1079 tradidit.
818 1035 891 1093 ques
912 1021 947 1076 ut
968 1019 1044 1094 legit

26 1101 251 1176 oAntiochus,
274 1101 350 1160 dixit
371 1119 402 1160 se
425 1119 492 1159 cum
515 1103 617 1162 amicis
639 1102 875 1161 conlocutorem.
906 1102 1043 1178 indigna·

59 1189 116 1244 tus
147 1185 284 1261 Popilius
311 1187 399 1262 uirga
427 1186 541 1262 solum,
573 1204 632 1262 quo
659 1186 810 1262 instabat,
836 1186 991 1246 denotauit
1013 1191 1043 1246 et

62 1270 179 1345 ‘prius'
201 1271 299 1346 inquit
314 1270 415 1346 ‘quam
437 1271 493 1329 hoc
515 1271 625 1330 circulo
647 1271 772 1330 excedas
794 1272 832 1329 da
852 1289 1042 1349 responsum,

63 1354 151 1430 quod
169 1354 287 1414 senatui
302 1355 451 1413 referam'.
494 1355 637 1414 continuo
660 1374 711 1414 rex
732 1354 896 1414 affirmauit
917 1355 980 1426 fore
1003 1374 1040 1414 ne

68 1439 203 1514 amplius
227 1438 262 1496 de
285 1456 316 1496 se
338 1439 528 1498 Ptolemaeus
551 1441 737 1515 quereretur.

26 1538 50 1580 re
134 1522 169 1581 P.
194 1522 341 1600 Rutilius,
364 1542 431 1582 eum
453 1524 541 1583 emioi
563 1523 717 1583 cuiusdam
739 1523 868 1582 iniustae
891 1523 1042 1598 rogationi
1060 1535 1078 1583 4

66 1608 224 1668 resisteret
251 1611 341 1683 atque
367 1608 393 1666 is
422 1609 545 1667 dixisset
571 1605 660 1684 ‘quid
691 1626 762 1683 ergo
791 1607 864 1665 mihi
892 1626 967 1683 opus
998 1611 1044 1667 est

68 1692 205 1751 amicitia
226 1693 287 1764 tua,
311 1692 437 1768 siquod
460 1711 532 1769 rogo
555 1711 615 1751 non
634 1691 744 1751 feeisl'
760 1692 914 1767 respondit
937 1692 1040 1751 ‘immo

68 1777 144 1853 quid
166 1776 242 1836 mihi
263 1778 315 1835 tue
337 1795 410 1852 opus
429 1780 484 1850 est,
508 1777 533 1835 si
554 1780 679 1852 propter
701 1780 731 1835 te
755 1777 866 1852 aliquid
881 1776 1040 1835 inhoneste

71 1863 207 1921 facturus
230 1860 337 1920 sum?'

26 1968 57 2009 ao
137 1946 178 2004 Μ.
212 1946 324 2004 Brutus
351 1946 496 2005 ultimum
527 1945 676 2022 proelium
704 1945 834 2003 initurus
863 1945 1079 2020 negantibuse

73 2031 251 2106 quibusdem
277 2031 309 2089 id
338 2032 486 2102 committi
514 2033 649 2106 oportere
680 2029 844 2089 ‘fidenter'
874 2030 975 2105 inquit
996 2029 1045 2089 ‘in
1074 2031 1076 2036 ’

75 2115 167 2174 aciem
194 2114 355 2174 descendo:
390 2115 477 2174 hodie
506 2116 585 2174 enim
620 2117 672 2173 eut
700 2116 779 2173 reete
808 2132 860 2173 ero
888 2117 942 2174 aut
968 2114 1045 2174 nihil

82 2199 214 2259 curabo’.

140 2284 178 2342 D.
201 2283 313 2341 Brutus
340 2301 408 2342 cum
438 2285 534 2341 totam
562 2301 656 2358 paene
688 2282 876 2343 Lusitaniam
908 2283 1097 2357 uicissetnxt·

35 2389 65 2432 25
79 2373 98 2441 †
113 2367 173 2426 sola
193 2367 292 2444 gentis
315 2367 379 2426 eius
400 2367 473 2425 urbs
489 2365 649 2444 Cinginnia
671 2386 754 2426 arms
768 2367 921 2445 retineret,
945 2367 1042 2426 fertur
1061 2351 1073 2397 ¹

81 2453 186 2528 legatis
208 2452 398 2527 respondisse
420 2452 477 2510 sihi
499 2452 611 2510 ferrum
627 2471 643 2509 a
658 2452 831 2532 maioribus„
856 2469 915 2528 quo
931 2469 962 2510 se
979 2455 1042 2510 tue·

82 2540 161 2596 retur
182 2537 295 2614 datum,
317 2555 378 2595 non
400 2555 514 2610 aurum,
538 2554 597 2611 quo
619 2536 790 2598 redimeret.

144 2620 291 2695 Socrates,
325 2639 393 2679 oum
421 2620 499 2696 apud
526 2611 725 2679 Athenienses
758 2637 877 2679 oausam
909 2621 1078 2686 dicturuse

86 2709 158 2766 esset
182 2705 443 2781 defensionemque
471 2705 499 2763 ei
520 2704 626 2780 Lysias
655 2724 672 2762 a
700 2723 730 2763 se
760 2705 946 2781 conpositam
977 2707 1048 2765 reci-

44 2818 74 2858 30
88 2793 182 2865 tasset,
207 2810 265 2866 qua
287 2791 318 2850 in
340 2790 451 2849 iudicio
474 2791 618 2865 uteretur,
642 2789 807 2865 supplicem
830 2808 863 2848 ac
878 2790 1046 2866 demissam,

89 2876 185 2934 ‘aufer'
208 2875 307 2951 inquit
329 2878 456 2950 ‘quaeso
479 2874 584 2932 istam:
613 2893 684 2933 nam
706 2892 779 2952 ego,
803 2874 829 2932 si
851 2875 959 2934 adduci
981 2893 1048 2950 pos-

90 2978 146 3019 sem
170 2963 203 3019 ut
230 2978 264 3018 ee
290 2960 322 3019 in
345 2959 452 3017 ultime
475 2957 597 3034 Scythia
618 2976 803 3038 perorarem,
825 2961 890 3018 tum
912 2978 960 3017 me
982 2961 1048 3035 ipse

91 3047 176 3104 morte
196 3039 387 3104 multandum
411 3043 624 3103 concederem'.

152 3162 164 3210 1
181 3155 326 3224 consulut
345 3156 414 3210 satie
431 3172 465 3209 m.
478 3158 508 3222 2,
525 3155 599 3210 lates
616 3160 677 3210 m.1
690 3155 728 3223 l⁷
748 3155 774 3209 ei
791 3153 964 3222 porrexisset
980 3157 1048 3220 Μ,

94 3223 240 3292 *pmisirset
256 3224 343 3291 m.1}l
357 3229 389 3277 10
407 3222 550 3291 dixitrse!
571 3229 601 3277 13
620 3223 681 3276 fore
772 3223 791 3280 l.
808 3222 873 3275 Mai
890 3237 904 3276 e
919 3220 979 3280 Vel.
993 3222 1003 3290 ΙΙ
1016 3228 1049 3276 ‘22

95 3291 143 3347 erit
160 3290 284 3359 Varum
302 3291 336 3349 D.
353 3306 404 3349 om.
423 3291 481 3346 cod.
501 3291 597 3355 Hom,
615 3290 706 3358 suppl.
756 3288 1050 3356 terrenitates

96 3359 148 3414 sola
162 3359 244 3413 Halm
269 3360 278 3427 ΙΙ
304 3375 344 3412 ara
366 3361 509 3412 retinens?
535 3360 545 3427 ΙΙ
566 3364 602 3412 Ἰ26
620 3357 734 3427 legetis]
758 3357 970 3412 addendum.
990 3358 1050 3411 eius

96 3427 180 3490 Halm,
208 3426 342 3482 Romanis
362 3426 471 3484 carrae.
506 3443 545 3480 an
570 3427 629 3479 eius
647 3425 683 3478 de
700 3425 896 3494 redemptione
914 3424 1027 3480 missis?
1039 3426 1049 3494 ΙΙ

99 3502 127 3574 st
142 3493 319 3616 rediffleretnr
336 3495 396 3550 cod.
414 3494 516 3562 Halm,
545 3510 594 3552 em.
614 3492 713 3548 Gertz*
743 3493 752 3562 ΙΙ
782 3499 815 3548 30
833 3493 878 3564 ac]
898 3495 949 3548 aut
977 3494 987 3563 l
1017 3501 1050 3549 32

99 3580 177 3633 1psum
225 3581 255 3618 aa
