2550 3958
214 161 276 226 458
605 156 674 211 urs.
693 155 779 216 v1n1.

214 312 301 376 uotis
317 309 500 376 extenditur
515 313 546 374 et
561 308 629 374 fere
645 309 714 372 sine
729 309 853 373 ratione
869 310 1093 377 consumitur.
1120 333 1196 379 nam

215 400 248 461 et
275 397 362 460 sico
384 395 466 460 bene
487 395 534 458 uti
555 393 645 471 uelis,
668 395 767 458 etiam
788 415 925 478 paruum
947 396 1196 478 amplissimum

215 481 349 559 efficies,
372 501 540 545 numerum
563 499 721 543 annorum
745 479 952 542 multitudine
974 500 1123 563 operum
1148 507 1196 548 su·

213 565 370 650 peranda:
393 565 538 649 alioquin
561 564 638 647 quid
659 563 777 627 attinet
798 563 895 627 inerti
916 584 1009 627 mora
1033 568 1193 650 gaudere,

187 652 240 716 ssi
272 651 376 735 magis
410 649 512 734 exigis
548 649 650 712 uitam
684 668 779 730 quam
815 647 999 732 adprobas?
1055 653 1123 717 sed
1157 677 1194 718 ne

212 736 342 822 longius
365 754 501 819 euager,
528 754 639 798 eorum
661 732 859 796 mentionem
881 732 1014 815 faciam,
1041 738 1105 818 qui
1130 761 1193 803 non

212 821 337 906 uulgari
360 839 478 904 genere
500 818 614 883 mortis
636 817 797 900 absumpti
820 819 905 881 sunt.
1246 839 1251 964 Ὗ

279 909 305 968 l.
329 904 442 968 Tullus
457 902 619 967 Hostilius
641 901 776 966 fulmine
798 902 881 966 ictus
895 922 967 965 cum
989 905 1065 966 tota
1094 906 1191 972 domo

212 989 434 1073 conflagrauit.
464 987 661 1071 singularem
683 985 744 1050 fati
766 989 894 1065 sortem,
918 1007 981 1070 qua
1004 990 1138 1055 accidit
1160 997 1193 1056 ut

173 1087 198 1126 1⁰
213 1074 360 1138 columen
394 1073 483 1137 urhis
515 1072 550 1135 in
583 1072 655 1155 ipsa
685 1071 763 1135 urbe
794 1074 923 1153 raptum
956 1092 997 1134 ne
1032 1095 1190 1158 supremo

211 1158 341 1306 ests
369 1157 499 1305 iffi}
523 1155 1192 1310 14]ῗὲἑὲῖοξέἳῖῗὲἓθὲθᾭῖἒξέῂέἒθῗί
1252 1241 1253 1284 i

210 1324 344 1476 {elosbdemt
367 1329 500 1410 penates
529 1329 563 1390 et
591 1325 717 1410 regiam
746 1327 779 1388 et
800 1345 915 1409 rogum
943 1329 976 1388 ct
998 1295 1192 1410 sepulcium

234 1431 351 1478 aere.

172 1509 197 1548 1⁵
274 1495 306 1560 2.
329 1494 394 1561 Vix
415 1495 485 1558 ucri
508 1493 611 1557 simile
634 1494 683 1557 est
706 1493 739 1556 in
764 1493 929 1577 eripiendo
952 1493 1072 1577 spiritu
1097 1498 1189 1564 idem

210 1579 362 1664 gaudium
377 1579 519 1663 potuisse
534 1577 619 1662 quod
635 1577 772 1659 fulmen,
789 1581 822 1641 ct
835 1585 947 1642 tamen
961 1579 1049 1642 idem
1067 1583 1188 1648 ualuit.

209 1666 359 1730 nuntiata
380 1664 466 1728 enim
490 1663 597 1743 clade,
626 1684 707 1746 quae
730 1661 769 1725 ad
794 1662 900 1726 lacum
928 1661 1187 1733 Trasimennum

209 1749 375 1826 inciderat,
399 1749 501 1812 altera
523 1752 632 1829 mater,
656 1747 770 1831 sospiti
790 1747 857 1812 filio
874 1745 1032 1831 adipeam
1049 1757 1187 1832 portam

209 1834 298 1899 facta
321 1833 427 1914 obuia,
450 1834 486 1896 in
506 1831 665 1916 conplexu
688 1834 756 1894 eius
778 1830 947 1914 expirauit,
972 1833 1083 1912 altera,
1111 1859 1186 1901 cum

171 1919 292 1983 asfaleo
318 1917 431 1982 mortis
460 1917 520 1981 filii
547 1917 664 1981 nuntio
692 1919 814 1979 maesta
844 1915 932 1980 domi
961 1918 1107 2002 sederet,
1146 1923 1187 1986 ad

207 2005 347 2088 primum
369 2005 574 2086 conspectum
597 2000 760 2065 redeuntis
775 2002 959 2064 exanimata
981 2007 1038 2065 est.
1077 2025 1185 2087 genus

210 2108 302 2151 casus
324 2087 528 2150 inusitatum!
566 2107 645 2169 quas
669 2084 759 2148 dolor
779 2105 844 2150 noo
866 2085 1063 2170 extinxerat,
1087 2089 1183 2156 laeti·
1256 2111 1257 2114 ’

207 2172 254 2236 tia
275 2169 482 2254 consumpsit.
527 2170 582 2234 sed
603 2171 710 2233 minus
732 2170 845 2252 miror,
869 2170 956 2254 quod
977 2171 1153 2241 mulieres:

272 2254 302 2318 3.
345 2254 405 2318 M’.
440 2253 608 2319 quentius
646 2254 771 2318 Thalna
804 2254 933 2338 consul,
968 2256 1096 2342 collega
1133 2259 1183 2325 Ti.

169 2357 195 2396 2⁵
209 2338 346 2404 Gracchi
362 2340 502 2403 consulis
517 2340 644 2422 iterum,
664 2360 736 2403 curn
752 2340 786 2402 in
803 2337 943 2418 Corsica,
962 2361 1058 2423 quam
1073 2364 1182 2428 nuper

207 2423 388 2509 subegerat,
413 2424 614 2506 sacrificaret,
636 2425 775 2507 receptis
798 2424 915 2488 litteris
938 2425 1084 2491 decretas
1107 2429 1140 2492 ei
1165 2452 1184 2494 a

207 2513 322 2574 senatu
359 2508 611 2594 supplicationes
653 2508 893 2588 nuntiantibus,
938 2509 1064 2574 intento
1104 2512 1181 2580 illas

277 2666 288 2714 1
315 2677 382 2715 nam
407 2662 436 2714 et
457 2661 480 2714 si
501 2661 541 2726 A,
566 2660 651 2728 quod,
678 2659 704 2713 ai
725 2664 824 2727 posteo
849 2660 954 2714 coibas
980 2661 1010 2714 et
1038 2661 1182 2733 alloquin,

203 2729 305 2797 probet
322 2727 441 2794 Gesta&
454 2734 484 2783 at
496 2745 524 2785 a.
536 2728 578 2782 ed.
590 2743 677 2782 meum
693 2728 759 2781 mai.
768 2742 798 2795 p.
811 2729 876 2795 268,
889 2744 954 2781 nam
963 2727 987 2780 si
998 2728 1183 2800 Perizonius,

206 2796 271 2862 fort.
291 2794 433 2860 Tametsi,
451 2798 475 2850 si
492 2795 630 2874 Halmjlt
648 2797 678 2847 in
696 2810 807 2849 armore
824 2795 867 2874 A,
885 2795 933 2850 aed
950 2809 1019 2850 cors.
1040 2813 1106 2852 mar
1124 2804 1184 2856 oA

207 2865 245 2932 lss
264 2879 386 2934 euagare
403 2865 455 2930 A1,
478 2879 532 2917 cua
553 2879 594 2916 err
611 2863 667 2941 Af}
691 2869 705 2916 2
724 2862 913 2942 adsumptuA
931 2864 943 2942 fl
961 2868 976 2918 9
995 2815 1186 2937 confleglauit

205 2933 243 2985 A*
257 2933 267 3001 ΙΙ
281 2937 313 2986 10
325 2949 376 3000 sup
399 2946 477 3009 remo
489 2881 552 2999 A¹l
565 2935 593 2983 11
614 2947 669 3010 crus
691 2951 719 3011 ².*
737 2930 795 2995 (sed
812 2931 844 2984 b:
863 2947 896 2984 m
914 2931 1016 2996 loturo)
1040 2934 1090 3003 Al
1106 2942 1138 2989 12
1152 2937 1184 2990 in

206 2999 307 3054 cadem
319 2949 483 3053 cochomo
495 3000 536 3064 A,
555 3015 602 3052 een.
614 2998 736 3067 Pcpbeoc
747 2999 758 3066 ΙΙ
772 3005 803 3052 13
816 2997 996 3067 sepulchrum
1008 2999 1047 3052 A¹
1060 3001 1070 3069 ΙΙ
1087 3009 1118 3057 17
1133 3005 1172 3058 ad

206 3083 224 3121 a
245 3068 283 3120 ud
306 3068 375 3121 Por.
398 3072 431 3121 ut
456 3082 505 3134 pp.
527 3069 573 3132 27,
595 3069 629 3119 14
653 3072 677 3120 et
699 3069 834 3130 213,17,·
866 3071 897 3120 ct
923 3082 952 3122 a.
973 3081 1002 3133 p.
1026 3070 1074 3133 44,
1101 3075 1139 3125 18

206 3085 420 3189 Thasimennum
437 3149 495 3192 oca.
517 3152 547 3192 c.
566 3135 605 3188 ad
618 3148 649 3201 p,
666 3137 710 3202 27,
730 3136 778 3198 44,
796 3133 1029 3201 thrasymennum
1042 3136 1078 3200 A,
1098 3139 1180 3194 thra.

206 3204 345 3256 simenum
368 3202 453 3268 Pan,
476 3201 701 3270 Trasymennum
718 3201 839 3322 Haloti)
860 3206 891 3256 la
909 3200 1053 3281 cecinerat
1069 3204 1143 3264 Par.
1167 3211 1182 3275 Η

206 3267 295 3324 alteris
306 3271 344 3323 A¹
357 3271 367 3338 ΙΙ
380 3271 444 3324 mai
463 3270 495 3323 ic
511 3285 568 3325 ras.
582 3270 610 3323 A
622 3285 635 3324 e
648 3270 729 3338 Pur,
748 3284 799 3323 om.
840 3274 886 3323 ett.
902 3269 1025 3338 planat
1042 3275 1072 3325 19
1092 3273 1184 3328 obuia

204 3338 232 3390 A
249 3340 320 3393 Par.
340 3343 372 3391 ut
385 3353 417 3405 p.
430 3341 473 3404 36,
486 3339 537 3403 29,
557 3337 670 3391 obuiam
688 3338 763 3400 dett,
782 3353 810 3392 u,
830 3337 869 3390 od
884 3353 913 3406 p.
926 3340 986 3400 339,
997 3339 1037 3392 22
1049 3339 1060 3406 ΙΙ
1073 3345 1108 3393 22
1120 3357 1183 3396 non

204 3419 255 3457 om.
273 3405 381 3473 4141124
399 3405 443 3463 Μ’,
462 3419 526 3471 cos,
544 3405 581 3468 rix.
599 3406 627 3458 A
644 3405 713 3459 Por.
732 3406 742 3474 ΙΙ
759 3403 903 3457 iuuentius
921 3404 985 3472 A¹ll
1002 3405 1082 3460 talne
1101 3409 1182 3476 dett,

205 3483 312 3522 *aas*
329 3469 369 3532 A,
396 3486 446 3524 om.
464 3472 534 3529 Par.
553 3471 588 3537 cf.
611 3472 640 3526 0.
658 3473 684 3529 I.
705 3473 740 3526 L.
759 3471 780 3524 1
795 3472 860 3535 fuat.
878 3489 946 3526 eom.
966 3476 1025 3531 591.
1039 3490 1072 3542 p.
1090 3479 1177 3546 53⁰l

204 3539 237 3587 26
255 3534 407 3588 decretae*
426 3539 446 3603 (i
464 3553 533 3593 eras.
550 3538 622 3606 aid.)
641 3539 854 3608 supplicationis
872 3540 900 3593 A
