2590 3948
51 1639 54 1646 «
175 1585 180 1595 ’
208 1595 244 1660 L.
267 1595 357 1663 Sulla
379 1597 491 1662 consul
514 1595 624 1661 sociali
653 1594 752 1678 bello,
783 1614 855 1660 oum
881 1616 917 1659 m
944 1617 1023 1682 agro

210 177 251 242 26
370 223 374 230 ,
638 170 705 226 ms.
723 170 744 224 1.

210 327 321 392 rabilis
343 326 522 409 uideretur,
552 326 721 408 exoptatae
744 322 896 387 uictoriae
918 323 981 388 iter
1001 326 1082 390 miro
1104 347 1182 411 pro·

210 411 299 496 digio
320 411 352 476 di
375 410 562 476 inmortales
584 408 820 558 patefecerunt:
842 408 950 472 subito
973 410 1059 474 enim
1078 412 1183 478 Alba·

210 519 271 561 nus
293 496 382 561 lacus
404 517 508 580 noque
531 493 722 560 caesetibus
746 496 857 558 auctus
884 493 1040 560 imbribus
1072 517 1183 581 neque

210 581 422 646 inundatione
437 581 534 646 ullius
553 579 659 644 amnis
676 578 803 642 adiutus
826 577 956 644 solitum
979 581 1088 663 stagni
1110 603 1182 650 mo-

183 667 287 734 sdum
303 667 447 732 excessit
487 665 577 730 cuius
599 663 646 728 rei
667 662 880 747 explorandae
894 662 1003 748 gratia
1015 663 1116 748 legati
1138 667 1180 731 ad
1283 726 1284 730 ,

212 749 403 835 Delphicum
426 749 592 815 oraculum
614 747 704 812 missi
731 747 927 812 rettulerunt
945 749 1089 833 praecipi
1111 772 1182 815 sor·

209 835 297 900 tibus
310 840 348 901 ut
362 857 477 920 uquam
500 835 569 898 eius
583 833 673 897 laeua
694 832 843 896 emissam
865 853 924 916 per
945 854 1042 918 agros
1062 834 1181 900 diffun-

209 921 336 985 derent:
365 921 412 985 sic
439 919 526 983 enim
547 917 648 984 Veios
668 922 818 983 umacus
838 919 874 982 in
902 920 1094 1001 potestatem
1122 941 1182 1004 po·

208 1005 277 1088 puli
296 1004 443 1069 Romani.
488 1005 573 1088 quod
594 1003 683 1086 prius
706 1023 803 1086 quam
824 1001 924 1087 legati
939 1006 1178 1084 renuntiarent,

171 1117 196 1156 ιο
210 1109 348 1173 aruspex
371 1088 556 1154 Veientium
583 1109 602 1154 a
624 1085 727 1154 milite
753 1090 880 1170 nostro,
907 1088 983 1170 quia
1010 1087 1181 1154 domestici

209 1174 402 1256 interpretes
426 1173 569 1252 deerant,
598 1176 707 1258 raptus
730 1174 762 1234 et
783 1172 817 1235 in
840 1174 944 1236 castra
965 1171 1108 1256 perlatus
1131 1174 1180 1239 fu-

208 1261 317 1322 turum
350 1258 484 1323 dixerat.
535 1277 610 1342 ergo
644 1258 773 1320 senatus
806 1255 926 1340 duplici
957 1257 1180 1341 praedictione

208 1341 351 1408 monitus
373 1343 483 1408 eodem
498 1363 601 1427 paene
619 1345 764 1426 tempore
786 1344 820 1405 et
841 1341 994 1426 religioni
1016 1343 1123 1430 paruit
1147 1348 1181 1409 et

209 1427 351 1491 hostium
374 1427 453 1492 urbe
475 1427 596 1512 potitus
619 1428 677 1493 est.

170 1537 195 1578 15
272 1511 303 1577 4.
333 1511 403 1578 Nec
424 1533 539 1596 parum
561 1511 705 1596 prosperi
728 1530 891 1608 successus
914 1511 999 1594 quod
1022 1513 1178 1662 selpuptur.

1079 1619 1178 1662 oeno

208 1685 283 1746 ante
298 1683 496 1766 praetorium
511 1681 701 1763 immolaret,
725 1679 831 1744 subito
847 1680 887 1744 ab
908 1680 973 1744 ime
989 1683 1079 1764 parte
1101 1703 1178 1750 arae

207 1766 389 1849 prolapsam
405 1788 544 1852 anguem
559 1765 734 1849 prospexit.
772 1786 835 1851 qua
851 1765 920 1832 uisa
936 1764 1079 1832 Postumi
1103 1787 1179 1832 aru-

168 1851 318 1999 stlte
333 1849 1179 2023 lttlttttttttttttetsttttffittt

208 2019 344 2086 uictoria
366 2018 493 2085 futurae
517 2021 585 2084 eius
614 2019 831 2103 amplissimae
858 2019 1025 2104 potentiae
1054 2020 1178 2105 gradus

208 2106 241 2168 et
261 2103 507 2170 fundamentum
528 2104 646 2170 extitit.

270 2187 300 2253 5.
334 2187 529 2276 Praecipuae
555 2187 778 2254 admirationis
807 2187 904 2254 etiam
931 2187 990 2255 illa
1014 2188 1178 2278 prodigia,

208 2293 288 2356 quae
312 2271 348 2339 (l.
372 2272 548 2339 Volumnio
570 2273 639 2340 Ser.
662 2272 803 2358 Sulpicio
827 2273 1011 2338 consulibus
1038 2273 1072 2336 in
1095 2275 1177 2340 urbe

167 2360 318 2422 anostra
350 2358 436 2423 inter
463 2358 556 2423 initia
584 2362 753 2444 motusque
785 2356 942 2422 bellorum
975 2358 1176 2426 acciderunt:

206 2440 265 2508 bos
279 2464 419 2527 namque
435 2444 560 2530 mugitu
576 2463 633 2507 suo
656 2443 691 2507 in
706 2463 885 2506 sermonem
900 2441 1076 2510 humanum
1099 2464 1178 2509 oon-

205 2546 299 2590 uerso
322 2529 469 2594 nouitate
484 2527 620 2594 monstri
642 2527 841 2592 audientium
859 2527 984 2591 animos
1007 2529 1174 2594 exterruit.

206 2611 312 2677 earnis
334 2633 458 2697 quoquo
480 2614 515 2678 in'
537 2613 667 2678 modum
681 2613 783 2678 nimbi
806 2612 978 2700 dissipatae
995 2616 1102 2697 partes
1126 2634 1176 2678 ce-

274 2819 289 2868 6
310 2813 441 2868 delficum
462 2814 499 2868 L¹
521 2815 530 2883 11
551 2813 734 2869 rettuderunt
760 2814 807 2882 L¹,
836 2812 955 2868 rettulei
982 2815 1031 2935 {azio
1048 2815 1074 2870 h.
1093 2814 1124 2879 l.)
1146 2817 1178 2869 A

208 2883 251 2952 118
268 2883 402 2937 uenturos
423 2897 474 2938 ona
498 2882 570 2944 LA,
596 2881 707 2938 futuros
727 2897 821 2952 mcrqo
838 2882 879 2946 A,
898 2886 963 2948 post
1012 2883 1106 2936 omani
1128 2883 1176 2937 in·

203 2950 292 3005 seruit
309 2952 442 3004 uenturos
460 2965 523 3004 cum
539 2949 599 3004 edd.
618 2955 685 3004 cett.
697 2949 799 3016 Halm,
819 2949 994 3018 probabilius
1006 2956 1072 3018 post
1088 2950 1176 3005 Veios

207 3017 340 3072 Foertsch
356 3017 447 3072 1113
475 3019 480 3085 1
505 3016 636 3087 Romani]
656 3017 722 3072 add.
740 3033 762 3074 s.
779 3018 797 3072 l.
820 3019 879 3099 fore
897 3018 936 3070 A¹
959 3017 970 3086 l
992 3023 1008 3072 9
1029 3017 1178 3073 renuncia·

206 3087 272 3139 rent
289 3085 315 3138 L
336 3087 346 3154 1
369 3091 400 3140 11
414 3100 465 3155 cap
481 3103 513 3138 uc
529 3086 613 3148 Par„
631 3085 680 3140 sed
697 3087 796 3166 raptus
807 3085 874 3140 Loca
891 3083 999 3152 ΠΨ
1017 3086 1030 3155 11
1052 3091 1082 3140 16
1105 3085 1179 3154 sylla

206 3153 258 3221 (sio
279 3153 395 3232 semper)
419 3153 477 3206 LA
527 3153 678 3222 proconsul
699 3153 820 3224 Paphius
844 3155 854 3222 11
877 3158 907 3208 le
933 3155 1028 3207 ortatu
1050 3153 1132 3208 L¹A¹
1162 3155 1174 3224 11

204 3226 238 3276 20
258 3219 455 3276 florenussima
484 3155 541 3279 dic.
571 3224 605 3278 de
628 3221 719 3276 dicio.
744 3223 826 3285 133,
847 3223 892 3288 72,
921 3221 1012 3276 nescio
1035 3238 1074 3276 cn
1095 3227 1176 3280 recu.

205 3286 364 3342 firmissima
376 3287 504 3358 Semper,
523 3288 708 3348 refertissima
721 3289 821 3344 Gens*
834 3290 844 3357 11
857 3288 1022 3344 samuicium
1039 3289 1075 3344 A¹
1090 3291 1100 3359 1
1113 3305 1176 3345 oas-

224 3353 248 3407 it
265 3353 302 3406 11Ι
322 3355 331 3423 11
349 3357 444 3425 eoepit
465 3357 503 3409 A¹
522 3357 532 3424 1
551 3361 582 3409 11
600 3355 738 3435 uictoriae
756 3357 807 3422 A¹,
826 3355 959 3411 uictorias
977 3356 1004 3410 L
1021 3358 1031 3426 11
1048 3363 1082 3412 21
1099 3357 1142 3478 C}

203 3373 272 3486 Ι1111,
291 3427 323 3476 ct
340 3422 369 3475 Ρ.
388 3425 420 3476 in
436 3424 519 3490 factis
535 3440 561 3477 c.
578 3426 643 3486 293,
685 3424 829 3478 arbuscula
846 3424 1022 3480 consentiunt
1039 3425 1106 3480 Liu.
1138 3374 1180 3479 Il

204 3496 247 3556 10,
260 3495 286 3555 5,
305 3489 550 3557 Diou.Hcl.X1,
570 3491 656 3550 Diod,
694 3491 729 3546 io.
742 3491 794 3546 XI
801 3494 846 3558 84,
864 3491 894 3548 L.
913 3491 986 3560 Nep.
1000 3492 1009 3560 11
1023 3498 1056 3546 26
1075 3509 1125 3546 suo
1143 3493 1175 3548 ic
1273 3541 1289 3562 ‚1

204 3574 261 3614 rue.
279 3558 307 3610 A
319 3558 329 3625 1
342 3561 375 3611 18
393 3555 543 3627 dissipate*
554 3558 582 3611 A
