2590 3948
497 167 715 226 PRAEFATIO.
1011 171 1091 228 XVII

113 323 288 403 soritium,
317 321 457 403 labsum,
485 324 560 385 cett.
590 325 624 385 et
650 323 753 403 adque
759 369 768 403 ,
797 343 863 386 non
890 327 993 405 atque.
1037 325 1088 389 his

113 407 222 492 igitur
243 406 385 489 exeeptis
407 427 533 489 semper
555 426 737 490 expressam
752 406 877 472 uidebis
892 409 1010 473 eodiois
1026 409 1087 473 Va-

114 491 222 556 ticani
245 491 445 573 scripturam.

183 575 223 639 In
252 575 316 648 hoo
350 575 461 638 eodem
489 575 598 639 codiee
624 595 681 658 per
711 596 832 639 nonum
861 575 979 647 librum
1006 577 1088 642 alius

114 659 280 725 inferioris
303 660 419 723 aetatis
446 658 611 741 librarius,
641 659 695 724 oui
715 658 840 724 Paridis
870 662 1087 744 exemplorum

119 742 313 828 compendia
323 744 397 827 plus
412 744 497 808 iusto
519 743 634 808 mutila
656 748 688 808 et
710 742 876 809 decurtata
890 745 1086 828 uiderentur,

118 833 158 894 ut
179 830 299 892 nimiae
321 828 370 891 illi
393 829 544 892 breuitati
573 832 788 908 succurreret,
817 829 928 893 multis
956 829 1087 896 adiectis

116 914 245 979 Paridis
273 913 372 978 uerba
401 913 592 996 dilatauit¹).
637 913 731 977 huius
760 912 849 992 libri,
878 913 934 997 qui
957 913 1088 979 Halmio

117 1003 170 1063 est
197 998 280 1079 Vas,
309 996 390 1062 mihi
413 1003 456 1079 H,
479 997 635 1062 lectiones
657 996 710 1060 Du
732 995 815 1061 Rieu
838 997 984 1082 collegit,
1013 1004 1089 1083 post

117 1105 190 1147 eum
214 1081 295 1146 mihi
319 1085 467 1146 accurate
483 1082 652 1165 descripsit
666 1080 812 1146 Krusius.
840 1081 965 1148 fallitur
979 1087 1088 1149 autem

118 1167 277 1247 Halmius,
301 1166 387 1249 quod
402 1167 487 1230 buno
503 1167 607 1231 bonae
622 1169 720 1230 notae
738 1166 857 1231 librum
873 1167 1087 1251 existimabat,

119 1253 210 1316 ouius
232 1249 324 1316 nulla
349 1249 418 1315 fere
439 1252 610 1315 auotoritas
634 1255 698 1315 est:
721 1251 860 1333 primum
884 1252 970 1315 enim
992 1253 1087 1317 libre-

117 1337 185 1399 rius
200 1335 255 1399 ille
271 1334 394 1401 Valerii
409 1336 509 1399 uerba
524 1337 559 1398 in
581 1357 638 1399 suo
661 1335 770 1400 oodioe
786 1335 920 1400 inuenta
936 1338 1087 1420 mutauit,

118 1423 216 1504 prout
237 1423 291 1484 aut
311 1420 408 1484 libuit
430 1424 551 1484 autres
566 1419 729 1503 postulare
744 1419 923 1499 uidebatur,
947 1425 982 1484 ut
998 1423 1085 1486 addi-

119 1508 264 1568 tamenta
290 1504 347 1568 illa
375 1505 554 1568 narrationi
577 1503 702 1567 Paridis
724 1509 798 1588 epte
821 1503 1086 1589 adiungerentur,

118 1588 235 1653 deinde
258 1589 348 1652 nulls
370 1590 504 1654 omnino
526 1588 562 1651 in
584 1609 621 1652 eo
642 1588 796 1652 notabilis
819 1588 913 1653 leutio
929 1594 987 1668 est,
1007 1611 1088 1672 quae

117 1673 243 1738 nonin
266 1674 381 1737 ceteris
404 1673 589 1738 melioribus
618 1677 675 1736 aut
701 1673 736 1736 in
767 1671 979 1737 deterioribus
1002 1674 1087 1738 eodi-

115 1759 206 1822 oibus
235 1759 422 1821 inueniatur
447 1757 736 1824 eut-coniecturae
764 1756 888 1821 librarii
915 1757 1087 1822 tribuenda

116 1842 202 1927 sit2).
247 1847 445 1925 quapropter
481 1841 576 1906 huius
605 1841 734 1925 quidem
764 1841 883 1906 eodieis
921 1842 1085 1926 lectiones,

116 1927 181 1990 nisi
210 1926 299 1989 aliud
327 1930 414 1990 certa
441 1926 597 2011 quaedam
626 1947 722 1990 eausa
751 1927 921 2009 suadebat,
955 1928 1085 1992 silentio

116 2011 330 2094 praetermisi.
1092 2058 1094 2064 -

181 2095 222 2159 In
244 2096 308 2159 alio
331 2103 458 2179 quoque
486 2115 603 2179 genere
632 2116 727 2178 saepe
756 2094 834 2157 mihi
861 2093 1086 2161 discedendum

117 2185 187 2245 erat
210 2182 250 2244 ab
275 2179 398 2243 Halmii
420 2179 575 2244 editione:
605 2201 681 2244 narn
710 2201 782 2244 oum
809 2182 895 2243 reete
917 2178 1085 2245 Paridensi

116 2266 275 2348 epitomae
313 2264 488 2348 plurimum
525 2265 727 2328 auctoritatis
763 2264 935 2341 tribueret,
977 2269 1086 2330 temen

25 2343 29 2354 ’
115 2351 223 2433 plane,
248 2353 285 2411 ut
305 2349 449 2425 uidetur,
478 2349 599 2412 oblitus
623 2348 879 2413 abbreuiatorem
901 2349 995 2413 illum
1015 2372 1086 2433 per·

25 2471 27 2476 ·
117 2434 219 2498 multa
235 2432 358 2497 Valerii
380 2434 479 2497 uerba
501 2454 558 2497 suo
582 2433 739 2498 arbitratu
762 2438 818 2497 aut
835 2433 1002 2498 breuitatis
1018 2438 1085 2498 stu·

126 2557 320 2566 -—-—-—.—-q-

184 2605 209 2666 1)
230 2600 275 2656 Sie
293 2601 330 2655 ad
347 2600 411 2658 Par.
431 2608 459 2665 9,
473 2607 525 2656 92
544 2603 589 2670 (p.¹
601 2606 660 2666 582,
679 2602 723 2669 27)
747 2604 811 2668 post
835 2600 937 2656 oceidit
960 2600 1084 2656 addidit:

116 2669 205 2723 biuios
223 2668 286 2737 (sie)
305 2683 371 2722 aare
388 2669 499 2722 rediens
520 2684 603 2736 saper
625 2683 725 2736 corpas
746 2669 863 2723 iaceatis
885 2685 913 2723 sa
934 2671 1026 2738 ipsam
1043 2685 1085 2726 oe-

27 2789 31 2805 ,
117 2737 200 2802 adin·
219 2737 255 2790 of.
267 2735 329 2792 Vel.
343 2754 368 2804 p.
383 2743 442 2803 450,
456 2742 488 2789 26
498 2753 557 2804 sqq.

183 2805 211 2871 2)
229 2804 274 2856 Ita
292 2811 316 2867 9,
327 2810 352 2857 2.
373 2804 428 2860 ext.
443 2809 472 2857 11
490 2809 554 2872 post
566 2804 705 2858 emineant
717 2805 756 2872 (p.
767 2809 827 2869 434,
840 2810 855 2858 9
869 2805 898 2857 et
910 2803 972 2859 Par.
985 2821 1014 2872 p.
1026 2810 1084 2870 577,

119 2875 160 2939 33)
194 2872 359 2940 primariam
388 2872 527 2924 bonorum
556 2871 693 2924 librorum
719 2871 888 2940 scripturam
919 2886 1025 2939 qaoque
1053 2878 1085 2926 at

26 2961 29 2980 ·
117 2939 227 2994 diutius
240 2953 348 3006 poeitae
363 2940 510 3006 &efficiunt
527 2939 585 2992 eibo
603 2945 629 2993 et
642 2939 756 3006 potione
780 2939 819 2992 sie
837 2939 1016 2992 immutatam
1035 2941 1084 2994 ad·

26 3051 27 3054 ,
119 3005 189 3060 didit
207 3007 317 3060 Paridis
336 3007 480 3076 exemplo:
499 3021 595 3074 eosque
612 3012 645 3060 at
664 3007 771 3062 diutius
784 3023 856 3075 pene
873 3007 1085 3074 sufficiaatcibo

117 3080 140 3131 et
152 3080 234 3141 pota,
247 3076 321 3127 unde
335 3089 430 3142 eosque
443 3089 498 3152 non
510 3075 585 3128 reete
598 3074 727 3128 Halmius
740 3075 855 3143 recepit.
882 3075 916 3126 cf.
935 3077 1086 3152 praeterea

117 3157 184 3209 quae
205 3158 240 3195 ex
252 3157 292 3220 'eo
310 3142 383 3196 libro
403 3143 485 3195 attuli
504 3142 540 3194 ad
558 3160 586 3210 p.
604 3149 664 3221 423,
681 3150 706 3208 4,
724 3143 773 3195 ubi
791 3143 954 3221 noneolas
972 3143 1084 3220 legitur,

115 3210 145 3262 ut
163 3209 293 3262 Halnnus
311 3210 411 3275 refert,
431 3210 480 3263 sed
499 3213 519 3279 Ἰ
538 3211 628 3264 aulas
646 3214 674 3278 (1.
694 3226 717 3268 e,
736 3215 762 3264 et
779 3211 893 3276 auleas),
916 3213 949 3262 ut
970 3227 998 3263 1n
1018 3210 1084 3276 LA;

27 3305 28 3314 κ
115 3294 140 3345 p.
153 3280 243 3342 436,6
270 3278 386 3331 letantes
403 3293 455 3346 pro
480 3278 589 3331 laetitio
606 3283 737 3343 ouantem
760 3283 846 3343 447,7
865 3278 925 3330 arie
943 3294 995 3346 pro
1013 3281 1085 3334 olto-

116 3346 206 3410 44523,-
228 3350 286 3410 448,
302 3351 316 3398 2
335 3345 433 3398 bubali
450 3361 501 3413 pro
519 3346 607 3412 abtin
625 3363 653 3414 p.
667 3352 726 3411 451,
739 3352 771 3399 23
785 3345 898 3415 popilio
909 3362 961 3414 pro
976 3349 1083 3416 pollia;

28 3411 29 3416 ’
115 3411 182 3465 ibid.
198 3415 215 3466 l.
226 3419 259 3466 25
273 3413 385 3480 popilio
402 3430 454 3482 pro
468 3414 601 3481 papirio;
619 3432 647 3482 p.
659 3419 719 3479 455,
733 3419 765 3466 27
784 3414 875 3468 uerbis
892 3416 981 3483 mopis
1000 3431 1084 3483 qaam

116 3481 189 3544 ferro
217 3481 392 3535 decernerent
418 3497 470 3550 pro
497 3482 589 3536 uerbis
616 3497 700 3550 qaum
725 3479 800 3546 ferro
826 3481 987 3538 diiudicare
1016 3484 1084 3538 mal-

27 3597 34 3624 ,
117 3547 171 3602 leat
189 3550 243 3606 etc.

163 3643 226 3682 Van.
240 3643 307 3683 Mein
912 3634 930 3685 b
