2540 3950
209 179 272 244 604
499 174 701 230 uusomsru
717 175 882 231 narseus
995 140 1018 172 ⁸

83 351 135 393 vu.
146 347 204 390 us
214 336 360 407 ficeretur,
383 335 519 394 iuuenem
534 333 621 392 bellis
636 334 791 407 abstinuit,
814 334 1082 394 armamentarium
1098 319 1201 395 edire

211 439 271 480 non
294 421 377 496 sinit,
399 421 528 496 remouit
549 419 720 494 armigeros.
748 420 800 480 sed
822 420 901 479 circa
916 418 1087 495 Olympum
1111 439 1199 496 aper

212 506 321 566 nimius
344 505 445 580 eoepit
465 506 572 563 cuneta
593 506 711 563 uastare
735 507 765 563 et
786 505 913 564 rusticos
935 509 1086 564 sternere.
1119 523 1203 564 ora·

212 591 258 650 uit
279 589 359 648 filius
381 592 416 648 ut
438 589 475 647 ad
496 587 731 647 interficiendam
754 589 872 648 beluam
886 589 1073 648 mitteretur.
1104 590 1200 665 opti-

212 677 290 734 nuit.
327 674 377 733 sed
400 674 519 747 lancea,
542 692 600 749 qua
621 672 734 748 petitus
757 693 828 750 aper
848 673 947 732 fuerat
968 673 1006 731 ab
1030 691 1089 746 eo,
1115 675 1224 733 ado-⁵

211 760 326 819 lesceus
347 757 395 818 cui
417 759 590 817 commissus
612 758 719 829 fuerat,
742 761 856 818 occisus
878 762 934 818 est.

105 853 127 910 7,
140 847 198 903 Ε.8
282 845 332 903 10.
360 842 510 902 Hamilcar
531 842 591 900 dux
613 839 902 920 Carthaginiensium
922 842 1041 902 audisse
1066 843 1135 902 sibi
1162 847 1202 902 in

213 928 328 989 somnio
350 929 432 986 uisus
455 927 603 1003 estquod
627 925 797 1002 Syracusis,
820 946 894 1003 quas
917 925 1102 998 obsidebat,
1129 928 1199 986 alio

214 1015 261 1073 die
288 1016 447 1072 cenaturus
475 1015 563 1070 esset.
607 1013 754 1087 pugnauit
781 1030 833 1088 spe
854 1011 999 1072 uictoriae
1022 1013 1054 1070 et
1078 1012 1118 1070 iu
1143 1031 1198 1070 ur-

213 1099 281 1158 bem
302 1095 525 1174 harpagonibus
547 1099 652 1171 raptus
674 1099 728 1155 est.
923 1149 932 1164 ,
1212 1109 1232 1148 ro

101 1191 125 1252 7,
139 1183 198 1238 Ee
283 1185 330 1240 11.
354 1181 522 1240 Alcibiades
545 1181 706 1250 somniauit
719 1181 810 1258 pullio
826 1201 857 1241 se
872 1183 1009 1257 opertum
1024 1199 1097 1239 esse
1114 1181 1197 1241 ami·

215 1285 265 1328 cae
288 1285 367 1326 suae.
403 1265 580 1324 interfectus
602 1283 637 1324 co
659 1269 782 1342 opertus
804 1269 861 1326 est.

409 1433 412 1438 ·
471 1387 569 1491 vnn.
608 1433 662 1491 uu
684 1433 916 1494 musculus,

147 1544 196 1604 8‚1
281 1541 309 1597 1.
348 1536 441 1595 Aulus
463 1533 636 1594 Postumius
664 1533 792 1595 dictator
814 1539 915 1595 contre
936 1534 1111 1620 Mamilium
1138 1538 1195 1596 du·

213 1642 277 1683 cem
299 1619 535 1680 Tusculanorum
563 1636 630 1678 eum
652 1619 703 1678 diu
724 1622 872 1696 pugnaret
894 1619 931 1679 ad
954 1619 1052 1680 laeum
1076 1621 1225 1699 Regil-15

208 1708 291 1782 ium,
306 1740 311 1750 ·
326 1703 430 1764 Castor
462 1707 493 1762 et
520 1702 627 1763 Pollux
654 1704 734 1764 inter
760 1705 909 1764 Romanos
938 1704 996 1764 uisi
1024 1710 1102 1763 sunt
1136 1727 1194 1783 pu·

212 1795 349 1869 guentae.

146 1883 195 1942 8‚1
280 1876 308 1939 2.
340 1875 375 1933 P.
390 1872 538 1932 Vetissus
560 1872 598 1930 ad
619 1873 723 1932 urbem
746 1873 871 1934 Romam
892 1876 978 1932 nocte
1000 1873 1118 1932 uadens
1144 1877 1190 1935 ui·

213 1961 259 2020 dit
279 1962 401 2019 iuuenes
430 1957 507 2016 albis
536 1958 618 2033 equis
641 1958 795 2036 sedentes,
827 1959 879 2034 qui
900 1959 1052 2017 iusserunt
1075 1963 1113 2017 ut
1138 1961 1189 2019 die

213 2043 349 2121 sequenti
372 2042 490 2102 senatui
511 2043 666 2101 nuntiaret
688 2043 797 2102 Persen
818 2062 919 2118 regem
941 2041 1144 2103 Macedonum
1167 2060 1222 2103 aso

213 2128 307 2188 Paulo
330 2145 393 2186 esse
416 2127 545 2201 ceptum.
583 2125 728 2186 Votienus
752 2126 872 2204 quidem
894 2127 989 2186 libens
1011 2127 1091 2186 laetu
1113 2147 1184 2188 exe·
1262 2141 1263 2222 l

215 2217 301 2272 cutus
328 2214 391 2286 est,
426 2211 477 2269 sed
504 2210 587 2270 iussu
615 2214 734 2272 senatus
763 2212 871 2272 missus
900 2211 931 2270 in
962 2229 1111 2271 carcerem
1136 2216 1184 2273 est

214 2301 369 2372 tamquam
391 2296 573 2354 incertorum
594 2296 719 2356 locutor.
747 2316 816 2356 mox
836 2297 946 2356 litteris
961 2296 1048 2355 Pauli
1071 2296 1107 2355 de
1132 2297 1182 2357 die

209 2381 396 2462 ¹uictoriaque
418 2382 497 2438 certe
519 2398 567 2439 res
590 2382 699 2456 patuit.
736 2380 882 2440 Vatieuus
905 2381 1020 2440 solutus
1043 2381 1181 2440 custodia

215 2486 322 2543 agrum
350 2465 428 2524 dono
452 2464 574 2540 accepit.
619 2468 649 2524 et
670 2464 798 2525 Votieno
821 2466 900 2524 idem
922 2465 1035 2541 gemini
1057 2465 1115 2524 uisi
1138 2467 1177 2524 ad
1191 2483 1215 2522 as

97 2621 101 2630 .
215 2553 312 2611 lacum
334 2550 475 2609 Iuturnae
504 2549 641 2624 sudorem
669 2567 756 2609 suum
772 2567 986 2626 equorumque
1014 2548 1179 2610 abluentes.

150 2642 200 2705 8,2
284 2638 311 2695 3.
348 2635 443 2694 Rome
470 2633 609 2692 laborans
631 2635 803 2710 pestilentia
824 2653 879 2710 per
901 2635 1064 2693 triennium
1085 2633 1179 2694 libros

283 2813 382 2867 2siuit
399 2813 475 2878 Mai,
503 2813 569 2866 sunt
585 2813 643 2867 cod.
664 2814 674 2881 ll
696 2819 787 2880 oque
803 2813 882 2879 Mai,
909 2828 1001 2881 eque
1018 2812 1076 2868 cod.
1115 2815 1176 2868 rin

216 2897 266 2939 om.
291 2883 301 2950 ll
324 2886 340 2935 8
359 2895 455 2934 somno
473 2880 551 2947 Mai,
569 2881 656 2934 somio
675 2881 732 2939 cod.
752 2883 777 3002 μ’,
793 2887 824 2935 10
842 2881 1029 3003 Ὓῡοιιίῢιιε
1046 2896 1060 2936 c
1097 2919 1112 2944 .,
1128 2881 1176 2936 too

215 2949 291 3004 uado
308 2953 398 3002 ortum
415 2949 452 3002 sit
469 2953 501 3002 ct
520 2948 645 3016 explicet,
662 2949 732 3007 ocni.
779 2949 848 3002 crta¹¹
897 2949 1057 3016 spetiosum
1074 2949 1105 3002 ia
1124 2947 1175 3003 Vo-

216 3017 280 3071 leric'
303 3016 424 3083 exemplo
446 3016 540 3084 lauisse
561 3016 640 3068 uncis
662 3017 862 3084 pertraxerunt
882 3029 933 3084 pro
951 3015 1048 3069 uinciri
1066 3019 1171 3084 pertuli

218 3090 247 3138 ll
268 3099 328 3138 esse
347 3083 457 3143 Germ
479 3085 508 3137 et
525 3083 582 3140 cod.
600 3083 687 3137 Halm
700 3084 710 3152 ΙΙ
724 3090 754 3136 12
772 3083 936 3138 interiectus
954 3099 987 3138 ee
1007 3083 1112 3148 Germ
1128 3086 1175 3152 qai
1262 3139 1263 3154 χ

216 3152 345 3206 meadum
368 3151 469 3205 codicis
490 3153 567 3204 teoto
591 3151 700 3204 interea
722 3150 799 3205 cidit
821 3157 911 3206 ortum
934 3166 989 3204 osae
1010 3151 1173 3218 ascriptum

219 3218 294 3272 inter
312 3233 345 3272 eo
363 3218 461 3272 addito
478 3219 527 3272 at.
538 3218 612 3283 fect,
631 3219 660 3272 et
678 3217 785 3272 amieee
803 3234 870 3273 suae
888 3218 962 3272 lecto
980 3218 1172 3287 intereacper-

216 3291 262 3339 tus
280 3285 403 3339 Hulma
425 3286 535 3338 coniect.
555 3285 685 3349 Otacili,
712 3289 742 3338 et
764 3302 818 3339 am.
837 3301 902 3340 suae
920 3287 999 3339 texto
1017 3285 1172 3340 interfectus

217 3367 262 3430 ep.
275 3351 423 3470 Eberharg
440 3352 457 3409 t.
468 3354 513 3470 cst!
528 3359 558 3472 13.
576 3352 810 3486 oosfflffism
827 3353 962 3472 ugaieu'uss
980 3358 1006 3471 {⁶
1022 3353 1062 3407 sic
1070 3369 1171 3474 &wir

216 3417 302 3544 ittig
312 3433 421 3536 etheid.
434 3433 488 3550 ff‘ll
509 3424 626 3551 tiuid'auil
636 3487 646 3552 ΙΙ
659 3501 698 3538 aa
715 3485 792 3538 laeta
809 3435 1110 3555 grauitate>tugsertffl
1120 3435 1169 3554 uem,

217 3547 332 3599 uetleuo
351 3549 418 3614 cod„
437 3551 523 3602 antea
542 3551 642 3606 Gertz*
654 3554 664 3619 l
676 3551 740 3620 uisi]
761 3552 884 3612 addend.
902 3567 971 3608 ocae.
990 3554 1057 3606 sunt
1074 3552 1167 3608 Getta*
1260 3591 1263 3622 t
