2590 3948
119 2261 128 2282 .
204 2223 333 2300 praeter
359 2219 545 2302 primariam
574 2220 698 2284 librarii
726 2242 856 2284 manum
885 2221 1021 2285 duorum
1049 2241 1174 2285 correc—
1277 2217 1278 2279 l

205 205 283 260 XXII
584 202 798 260 PRAEFATIO.

206 380 279 424 cum
302 358 451 424 auctione
474 357 651 422 coust'tuta
669 356 813 438 ueniret,
837 357 916 422 emit
937 355 1025 420 hunc
1048 355 1173 420 Valerii

205 443 348 509 codicem
371 442 601 507 Ashburnham
623 463 653 506 u.
676 441 750 523 inl,
781 445 816 505 ut
843 443 913 526 ipse
935 441 1081 505 narrauit
1102 441 1175 504 uiro

206 527 389 592 doctissimo
411 526 582 592 Francisco
604 525 701 609 Ruhl,
724 525 898 610 professori
920 525 1172 611 Regimontano‚

207 613 261 695 qui
277 612 393 676 librum
410 613 536 696 saepius
558 634 578 676 a
593 633 627 676 se
642 612 824 693 inspectum
839 610 920 675 mihi
935 611 1066 694 scripsit
1078 609 1175 674 initio

206 697 325 761 saeculi
347 698 427 762 noni
441 697 504 762 sibi
518 696 621 761 uideri
636 697 886 761 attribuendum.
922 695 1046 761 duobus
1061 695 1176 778 primis

206 785 239 846 et
261 781 397 846 totidem
421 781 572 846 extremis
588 781 656 846 eius
671 781 844 845 uoluminis
862 781 947 844 foliis
964 781 1177 845 continentur

207 869 365 931 tractatus
388 866 520 950 quidam
544 865 760 950 theologicus,
787 866 914 930 saeculo
935 864 1023 947 xla,
1045 869 1083 929 ut
1104 865 1177 948 opi-

205 955 303 1014 natur
325 950 454 1035 Stangl,
483 950 568 1014 biuis
592 950 749 1015 columnis
772 951 926 1034 scriptus,
948 951 1088 1034 'reliquis
1112 949 1176 1013 167

205 1035 293 1099 foliis
321 1035 442 1099 Valerii
471 1034 605 1098 Maximi
634 1056 751 1099 nouem
785 1035 859 1099 libri
886 1036 1062 1118 praemisso
1089 1034 1177 1117 eapi-

206 1120 347 1183 tulorum
369 1118 475 1183 indice
498 1120 582 1184 binis
598 1120 756 1184 columnis
772 1124 912 1184 exarato.
941 1120 1009 1204 ipse
1025 1118 1177 1183 Valerius

205 1204 352 1268 uersibus
372 1205 491 1288 longis,
514 1225 581 1268 11011
606 1205 765 1288 bipertitis
788 1206 926 1288 scriptus
949 1209 1007 1268 est.
1038 1203 1176 1268 illa167

205 1288 283 1351 folia
312 1289 359 1351 ita
386 1288 574 1373 cohaerent,
607 1294 643 1354 ut
674 1290 878 1374 undeuiginti
906 1288 1176 1373 quaternionibus

205 1373 268 1435 duo
289 1373 452 1437 terniones
474 1375 724 1457 interponantur
746 1378 778 1439 et
799 1375 912 1438 ultimo
928 1373 996 1439 loco
1014 1374 1078 1439 triu
1092 1372 1178 1438 folia

206 1456 437 1542 adiungantur,
467 1462 541 1522 ante
565 1480 647 1543 quae
669 1457 731 1522 duo
753 1458 833 1522 folia
855 1459 961 1523 excisa
981 1480 1050 1523 esse
1071 1458 1177 1523 refert

204 1541 338 1626 Kallias,
362 1544 416 1624 sed
438 1544 566 1628 integer
587 1544 756 1627 quaternio
780 1543 933 1608 excidisse
957 1543 1098 1609 uidetur:
1121 1543 1176 1606 in-

205 1628 363 1692 terierunt
396 1630 482 1692 enim
516 1630 579 1693 hoc
613 1627 757 1707 defectuy
788 1627 821 1692 id
856 1629 941 1712 quod
976 1649 1176 1711 magnopere

206 1712 379 1776 dolendum
402 1718 467 1793 est,
489 1711 614 1778 Valerii
634 1713 734 1776 uerba
756 1735 776 1776 a
797 1713 834 1795 9,
852 1713 921 1777 5.3
945 1714 990 1797 (p.
1013 1713 1091 1790 443,
1117 1712 1175 1798 10)

204 1795 378 1862 Hannibal
399 1803 505 1861 11111111
532 1817 634 1878 usque
657 1793 702 1859 'ad
725 1796 759 1876 9,
785 1798 833 1862 13.
854 1798 875 1860 2
898 1800 943 1883 (p.
966 1797 1045 1881 464,
1069 1799 1103 1880 8)
1125 1818 1176 1864 oe·

205 1881 321 1946 cultori
342 1901 407 1945 aaa
429 1885 573 1946 mereto.

268 1963 307 2028 In
330 1963 391 2028 hoc
413 1966 513 2049 igitur
535 1964 644 2029 codice
666 1963 807 2030 eiusdem
836 1966 903 2030 iere
932 1966 1045 2032 aetatis
1073 1970 1173 2051 atque

204 2048 389 2126 Beruensis,
413 2050 467 2114 sed
490 2052 598 2114 minus
620 2048 723 2115 nitide
746 2057 780 2115 et
794 2051 959 2136 eleganter
975 2053 1095 2135 scripto
1113 2071 1174 2117 uec

205 2140 272 2196 tam
302 2133 392 2198 facili
426 2134 466 2198 ad
499 2134 669 2219 legendum
704 2139 837 2219 propter
869 2137 1024 2220 plurimas
1059 2137 1174 2201 lituras

204 2307 310 2366 torum
326 2325 440 2368 manus
457 2307 541 2381 sunt,
566 2326 701 2388 quarum
716 2305 818 2369 altera
832 2308 910 2370 satis
926 2307 1058 2390 antiqua
1074 2306 1173 2370 simili

206 2388 375 2470 scriptura,
397 2389 453 2452 sed
475 2389 641 2472 paululum
664 2389 806 2474 nigriore
822 2393 1004 2455 atramento
1024 2390 1126 2454 multa
1141 2395 1175 2454 et
1201 2458 1206 2467 .

205 2473 240 2534 in
262 2472 340 2556 ipsis
359 2473 478 2537 Valerii
494 2474 600 2538 uerbis
623 2478 656 2538 et
676 2475 762 2539 inter
783 2474 886 2538 lineas
903 2476 1041 2540 correxit
1062 2475 1175 2539 adiuta

204 2556 343 2633 fortasse
366 2558 593 2638 eodem-libro,
617 2580 634 2622 e
657 2580 720 2643 quo
734 2559 971 2624 Laurentianus
994 2560 1174 2644 descriptus

206 2644 264 2722 est,
287 2641 389 2706 multa
411 2663 447 2706 ac
470 2643 597 2726 saepius
620 2643 762 2729 integros
778 2665 890 2708 uersus
905 2646 1049 2730 nigriore
1065 2645 1174 2710 colore

205 2724 334 2789 induxit
348 2731 380 2790 et
395 2727 580 2810 superleuit.
610 2749 740 2793 rasurae
755 2750 881 2814 quoque
896 2731 1016 2794 multae
1032 2729 1072 2794 ad
1087 2728 1174 2794 hunc

206 2810 343 2875 eundem
359 2811 525 2876 librarium
540 2812 692 2878 uidentur
708 2835 776 2878 1111
787 2814 983 2879 referendae.
1006 2817 1174 2898 praeterea

205 2895 240 2958 in
263 2897 408 2980 margine
431 2918 526 2980 saepe
554 2900 663 2961 suetae
685 2900 938 2983 corruptelarum
960 2904 1055 2965 notae
1078 2919 1175 2982 appo·
1274 2977 1276 2986 y

205 2984 329 3045 nuntur
344 2981 377 3045 R
391 2981 547 3066 (require)
570 2982 622 3046 uel
637 2990 657 3065 q
672 2983 828 3071 (quaere).
853 2985 1043 3068 superuenit
1058 2983 1174 3048 deinde

205 3064 289 3129 alter
310 3065 460 3130 librarius
482 3067 585 3150 (1113)
608 3067 697 3152 isque
720 3069 822 3134 multo
837 3069 1006 3148 recentior,
1030 3069 1084 3154 qui
1099 3089 1173 3151 per-

205 3169 309 3232 pauca
329 3149 486 3234 quaedam
509 3154 542 3216 in
565 3153 636 3236 ipso
659 3154 831 3218 uerborum
858 3157 1012 3219 contextu
1032 3153 1175 3218 mutauit

205 3238 238 3297 et
259 3234 384 3318 glossas
411 3236 529 3302 multas
552 3240 585 3301 et
605 3238 726 3303 nullius
747 3239 844 3322 prelii
866 3240 1066 3304 coniecturas
1086 3239 1174 3303 inter

205 3373 408 3384 ———

203 3453 333 3522 phiscbes
352 3453 541 3530 Wdrterbueh
559 3458 607 3512 des
625 3457 803 3512 Mittelalters
820 3474 848 3525 p.
858 3462 916 3520 647,
936 3457 1012 3512 etde
1026 3457 1173 3513 conditore

206 3520 266 3574 eius
285 3520 387 3600 Sancto
406 3523 549 3591 Remaclo,
568 3542 593 3580 a.
606 3530 741 3602 ⁶⁵0.‘⁶⁶⁷
760 3525 893 3646 episcopo
906 3525 1172 3595 Leodiensi‚Ebert,

206 3587 330 3656 Allgem.
349 3587 417 3647 11111,
437 3589 535 3649 Gesch.
554 3592 604 3647 des
622 3590 804 3648 Mittelalters
822 3591 848 3644 Il
879 3609 906 3660 p.
919 3597 969 3646 406
982 3608 1043 3660 sqq.
