<?xml version="1.0" encoding="UTF-8"?>
<!DOCTYPE html PUBLIC "-//W3C//DTD XHTML 1.0 Transitional//EN"
    "http://www.w3.org/TR/xhtml1/DTD/xhtml1-transitional.dtd">
<html xmlns="http://www.w3.org/1999/xhtml" xml:lang="en" lang="en">
 <head>
  <title>
</title>
<meta http-equiv="Content-Type" content="text/html;charset=utf-8" />
  <meta name='ocr-system' content='tesseract 3.04.00' />
  <meta name='ocr-capabilities' content='ocr_page ocr_carea ocr_par ocr_line ocrx_word'/>
</head>
<body>
  <div class='ocr_page' id='page_1' title='image "./valeriimaximifa00nepogoog_0260.png"; bbox 0 0 2604 3960; ppageno 0'>
   <div class='ocr_carea' id='block_1_1' title="bbox 481 203 1089 274">
    <p class='ocr_par' dir='ltr' id='par_1_1' title="bbox 481 203 1089 274">
     <span class='ocr_line' id='line_1_1' title="bbox 481 203 1089 274; baseline 0.003 -16"><span class='ocrx_word' id='word_1_1' title='bbox 481 203 558 258; x_wconf 77' lang='lat' dir='ltr'><strong>cas.</strong></span> <span class='ocrx_word' id='word_1_2' title='bbox 577 204 601 272; x_wconf 94' lang='lat'><strong>1,</strong></span> <span class='ocrx_word' id='word_1_3' title='bbox 620 209 634 270; x_wconf 72' lang='lat' dir='ltr'><strong>a</strong></span> <span class='ocrx_word' id='word_1_4' title='bbox 650 210 725 260; x_wconf 84' lang='lat' dir='ltr'><strong>a-a.</strong></span> <span class='ocrx_word' id='word_1_5' title='bbox 1025 207 1089 274; x_wconf 81' lang='lat'><strong>219</strong></span> 
     </span>
    </p>
   </div>
   <div class='ocr_carea' id='block_1_2' title="bbox 109 355 1123 1288">
    <p class='ocr_par' dir='ltr' id='par_1_2' title="bbox 109 355 1112 1100">
     <span class='ocr_line' id='line_1_2' title="bbox 113 355 1087 441; baseline 0.002 -18"><span class='ocrx_word' id='word_1_6' title='bbox 113 357 157 423; x_wconf 90' lang='lat' dir='ltr'><strong>ab</strong></span> <span class='ocrx_word' id='word_1_7' title='bbox 186 377 219 420; x_wconf 90' lang='lat' dir='ltr'><strong>se</strong></span> <span class='ocrx_word' id='word_1_8' title='bbox 248 355 415 441; x_wconf 83' lang='lat' dir='ltr'><strong>Syracusis</strong></span> <span class='ocrx_word' id='word_1_9' title='bbox 442 356 476 420; x_wconf 91' lang='lat' dir='ltr'><strong>in</strong></span> <span class='ocrx_word' id='word_1_10' title='bbox 505 377 576 421; x_wconf 90' lang='lat' dir='ltr'><strong>arce</strong></span> <span class='ocrx_word' id='word_1_11' title='bbox 604 377 713 422; x_wconf 89' lang='lat' dir='ltr'><strong>earum</strong></span> <span class='ocrx_word' id='word_1_12' title='bbox 741 359 904 440; x_wconf 87' lang='lat' dir='ltr'><strong>constitit,</strong></span> <span class='ocrx_word' id='word_1_13' title='bbox 935 362 971 424; x_wconf 88' lang='lat' dir='ltr'><strong>ut</strong></span> <span class='ocrx_word' id='word_1_14' title='bbox 997 361 1087 425; x_wconf 90' lang='lat' dir='ltr'><strong>urbis</strong></span> 
     </span>
     <span class='ocr_line' id='line_1_3' title="bbox 115 441 1086 526; baseline 0.003 -19"><span class='ocrx_word' id='word_1_15' title='bbox 115 441 212 508; x_wconf 91' lang='lat' dir='ltr'><strong>modo</strong></span> <span class='ocrx_word' id='word_1_16' title='bbox 237 441 510 526; x_wconf 88' lang='lat' dir='ltr'><strong>opulentissimae,</strong></span> <span class='ocrx_word' id='word_1_17' title='bbox 532 445 610 506; x_wconf 92' lang='lat' dir='ltr'><strong>tunc</strong></span> <span class='ocrx_word' id='word_1_18' title='bbox 626 441 772 506; x_wconf 89' lang='lat' dir='ltr'><strong>adflictae</strong></span> <span class='ocrx_word' id='word_1_19' title='bbox 786 443 950 508; x_wconf 86' lang='lat' dir='ltr'><strong>fortunam</strong></span> <span class='ocrx_word' id='word_1_20' title='bbox 966 465 1004 508; x_wconf 81' lang='lat' dir='ltr'><strong>ex</strong></span> <span class='ocrx_word' id='word_1_21' title='bbox 1020 445 1086 510; x_wconf 89' lang='lat' dir='ltr'><strong>alto</strong></span> 
     </span>
     <span class='ocr_line' id='line_1_4' title="bbox 112 526 1087 612; baseline 0.003 -21"><span class='ocrx_word' id='word_1_22' title='bbox 112 529 268 592; x_wconf 88' lang='lat' dir='ltr'><strong>cerneret.</strong></span> <span class='ocrx_word' id='word_1_23' title='bbox 305 530 447 591; x_wconf 89' lang='lat' dir='ltr'><strong>ceterum</strong></span> <span class='ocrx_word' id='word_1_24' title='bbox 470 547 579 590; x_wconf 89' lang='lat' dir='ltr'><strong>casum</strong></span> <span class='ocrx_word' id='word_1_25' title='bbox 601 528 669 591; x_wconf 88' lang='lat' dir='ltr'><strong>eius</strong></span> <span class='ocrx_word' id='word_1_26' title='bbox 691 526 860 612; x_wconf 81' lang='lat' dir='ltr'>lugubrem</span> <span class='ocrx_word' id='word_1_27' title='bbox 880 528 1011 592; x_wconf 90' lang='lat' dir='ltr'><strong>intuens</strong></span> <span class='ocrx_word' id='word_1_28' title='bbox 1033 529 1087 594; x_wconf 90' lang='lat' dir='ltr'><strong>fle-</strong></span> 
     </span>
     <span class='ocr_line' id='line_1_5' title="bbox 109 609 1086 696; baseline 0.002 -20"><span class='ocrx_word' id='word_1_29' title='bbox 109 617 182 676; x_wconf 91' lang='lat' dir='ltr'><strong>tum</strong></span> <span class='ocrx_word' id='word_1_30' title='bbox 206 609 353 674; x_wconf 90' lang='lat' dir='ltr'><strong>cohibere</strong></span> <span class='ocrx_word' id='word_1_31' title='bbox 376 631 439 675; x_wconf 88' lang='lat' dir='ltr'><strong>uon</strong></span> <span class='ocrx_word' id='word_1_32' title='bbox 460 611 576 695; x_wconf 87' lang='lat' dir='ltr'><strong>potuit.</strong></span> <span class='ocrx_word' id='word_1_33' title='bbox 613 632 707 694; x_wconf 91' lang='lat' dir='ltr'><strong>quem</strong></span> <span class='ocrx_word' id='word_1_34' title='bbox 731 613 757 675; x_wconf 81' lang='lat' dir='ltr'><strong>ai</strong></span> <span class='ocrx_word' id='word_1_35' title='bbox 781 612 879 696; x_wconf 91' lang='lat' dir='ltr'><strong>quisi</strong></span> <span class='ocrx_word' id='word_1_36' title='bbox 903 634 1002 677; x_wconf 81' lang='lat' dir='ltr'><strong>nurus</strong></span> <span class='ocrx_word' id='word_1_37' title='bbox 1023 614 1086 678; x_wconf 89' lang='lat' dir='ltr'><strong>uiri</strong></span> 
     </span>
     <span class='ocr_line' id='line_1_6' title="bbox 110 634 1112 780; baseline 0.001 -19"><span class='ocrx_word' id='word_1_38' title='bbox 110 694 304 780; x_wconf 74' lang='lat' dir='ltr'><strong>aspexisset,</strong></span> <span class='ocrx_word' id='word_1_39' title='bbox 334 695 466 760; x_wconf 86' lang='lat' dir='ltr'><strong>alterius</strong></span> <span class='ocrx_word' id='word_1_40' title='bbox 494 696 663 760; x_wconf 89' lang='lat' dir='ltr'><strong>uictoriam</strong></span> <span class='ocrx_word' id='word_1_41' title='bbox 686 716 755 761; x_wconf 87' lang='lat' dir='ltr'><strong>esse</strong></span> <span class='ocrx_word' id='word_1_42' title='bbox 787 634 980 762; x_wconf 73' lang='lat' dir='ltr'><strong>credidisset.</strong></span> <span class='ocrx_word' id='word_1_43' title='bbox 1024 700 1112 764; x_wconf 79' lang='lat' dir='ltr'><strong>ita-⁵</strong></span> 
     </span>
     <span class='ocr_line' id='line_1_7' title="bbox 109 779 1085 866; baseline 0.002 -22"><span class='ocrx_word' id='word_1_44' title='bbox 109 802 189 866; x_wconf 90' lang='lat' dir='ltr'><strong>que,</strong></span> <span class='ocrx_word' id='word_1_45' title='bbox 216 779 417 863; x_wconf 85' lang='lat' dir='ltr'><strong>Syracusana</strong></span> <span class='ocrx_word' id='word_1_46' title='bbox 439 779 566 860; x_wconf 87' lang='lat' dir='ltr'><strong>ciuitas,</strong></span> <span class='ocrx_word' id='word_1_47' title='bbox 595 781 736 846; x_wconf 87' lang='lat' dir='ltr'><strong>maxima</strong></span> <span class='ocrx_word' id='word_1_48' title='bbox 764 781 853 846; x_wconf 87' lang='lat' dir='ltr'><strong>clade</strong></span> <span class='ocrx_word' id='word_1_49' title='bbox 883 785 940 846; x_wconf 90' lang='lat' dir='ltr'><strong>tua</strong></span> <span class='ocrx_word' id='word_1_50' title='bbox 963 781 1085 866; x_wconf 89' lang='lat' dir='ltr'><strong>aliquid</strong></span> 
     </span>
     <span class='ocr_line' id='line_1_8' title="bbox 113 864 1084 950; baseline 0.002 -22"><span class='ocrx_word' id='word_1_51' title='bbox 113 865 293 929; x_wconf 83' lang='lat' dir='ltr'><strong>admixtum</strong></span> <span class='ocrx_word' id='word_1_52' title='bbox 316 864 542 948; x_wconf 72' lang='lat' dir='ltr'><strong>gratulationis</strong></span> <span class='ocrx_word' id='word_1_53' title='bbox 557 865 708 947; x_wconf 83' lang='lat' dir='ltr'><strong>habuisti,</strong></span> <span class='ocrx_word' id='word_1_54' title='bbox 732 866 817 950; x_wconf 89' lang='lat' dir='ltr'><strong>quia,</strong></span> <span class='ocrx_word' id='word_1_55' title='bbox 840 866 868 930; x_wconf 90' lang='lat' dir='ltr'><strong>si</strong></span> <span class='ocrx_word' id='word_1_56' title='bbox 883 866 943 930; x_wconf 89' lang='lat' dir='ltr'><strong>tibi</strong></span> <span class='ocrx_word' id='word_1_57' title='bbox 963 866 1084 931; x_wconf 91' lang='lat' dir='ltr'><strong>incolu-</strong></span> 
     </span>
     <span class='ocr_line' id='line_1_9' title="bbox 111 949 1084 1031; baseline 0.001 -17"><span class='ocrx_word' id='word_1_58' title='bbox 111 971 198 1014; x_wconf 89' lang='lat' dir='ltr'><strong>mem</strong></span> <span class='ocrx_word' id='word_1_59' title='bbox 220 952 305 1014; x_wconf 88' lang='lat' dir='ltr'><strong>stare</strong></span> <span class='ocrx_word' id='word_1_60' title='bbox 327 949 378 1013; x_wconf 75' lang='lat' dir='ltr'><strong>faa</strong></span> <span class='ocrx_word' id='word_1_61' title='bbox 399 970 468 1013; x_wconf 90' lang='lat' dir='ltr'><strong>non</strong></span> <span class='ocrx_word' id='word_1_62' title='bbox 491 951 575 1031; x_wconf 88' lang='lat' dir='ltr'><strong>erat,</strong></span> <span class='ocrx_word' id='word_1_63' title='bbox 605 949 721 1014; x_wconf 89' lang='lat' dir='ltr'><strong>leniter</strong></span> <span class='ocrx_word' id='word_1_64' title='bbox 743 950 803 1015; x_wconf 92' lang='lat' dir='ltr'><strong>sub</strong></span> <span class='ocrx_word' id='word_1_65' title='bbox 825 953 892 1014; x_wconf 93' lang='lat' dir='ltr'><strong>tam</strong></span> <span class='ocrx_word' id='word_1_66' title='bbox 914 955 1084 1016; x_wconf 89' lang='lat' dir='ltr'><strong>mansueto</strong></span> 
     </span>
     <span class='ocr_line' id='line_1_10' title="bbox 113 1032 414 1100; baseline 0.007 -2"><span class='ocrx_word' id='word_1_67' title='bbox 113 1035 239 1098; x_wconf 89' lang='lat' dir='ltr'><strong>uictore</strong></span> <span class='ocrx_word' id='word_1_68' title='bbox 261 1032 414 1100; x_wconf 80' lang='lat' dir='ltr'><strong>cecidisti.</strong></span> 
     </span>
    </p>

    <p class='ocr_par' dir='ltr' id='par_1_3' title="bbox 111 1117 1123 1288">
     <span class='ocr_line' id='line_1_11' title="bbox 174 1117 1123 1204; baseline -0.001 -21"><span class='ocrx_word' id='word_1_69' title='bbox 174 1120 206 1188; x_wconf 84' lang='lat'><strong>5.</strong></span> <span class='ocrx_word' id='word_1_70' title='bbox 244 1117 281 1193; x_wconf 80' lang='lat' dir='ltr'><strong>Q.</strong></span> <span class='ocrx_word' id='word_1_71' title='bbox 315 1139 393 1183; x_wconf 90' lang='lat' dir='ltr'><strong>uero</strong></span> <span class='ocrx_word' id='word_1_72' title='bbox 420 1117 571 1182; x_wconf 76' lang='lat' dir='ltr'><strong>Metellus</strong></span> <span class='ocrx_word' id='word_1_73' title='bbox 599 1117 828 1183; x_wconf 81' lang='lat' dir='ltr'><strong>Celtibericum</strong></span> <span class='ocrx_word' id='word_1_74' title='bbox 862 1119 894 1183; x_wconf 93' lang='lat' dir='ltr'><strong>in</strong></span> <span class='ocrx_word' id='word_1_75' title='bbox 924 1118 1123 1204; x_wconf 78' lang='lat' dir='ltr'><strong>Hispaniam</strong></span> 
     </span>
     <span class='ocr_line' id='line_1_12' title="bbox 111 1200 1084 1288; baseline 0.002 -21"><span class='ocrx_word' id='word_1_76' title='bbox 111 1223 229 1288; x_wconf 87' lang='lat' dir='ltr'><strong>gerens</strong></span> <span class='ocrx_word' id='word_1_77' title='bbox 256 1200 391 1280; x_wconf 90' lang='lat' dir='ltr'><strong>bellum,</strong></span> <span class='ocrx_word' id='word_1_78' title='bbox 421 1222 494 1266; x_wconf 91' lang='lat' dir='ltr'><strong>cum</strong></span> <span class='ocrx_word' id='word_1_79' title='bbox 521 1203 633 1266; x_wconf 88' lang='lat' dir='ltr'><strong>urbem</strong></span> <span class='ocrx_word' id='word_1_80' title='bbox 661 1202 892 1288; x_wconf 80' lang='lat' dir='ltr'><strong>Centobrigam</strong></span> <span class='ocrx_word' id='word_1_81' title='bbox 922 1205 1084 1269; x_wconf 89' lang='lat' dir='ltr'><strong>obsideret</strong></span> 
     </span>
    </p>
   </div>
   <div class='ocr_carea' id='block_1_3' title="bbox 14 1287 1084 1372">
    <p class='ocr_par' dir='ltr' id='par_1_4' title="bbox 14 1287 1084 1372">
     <span class='ocr_line' id='line_1_13' title="bbox 14 1287 1084 1372; baseline 0.007 -26"><span class='ocrx_word' id='word_1_82' title='bbox 14 1333 17 1346; x_wconf 77' lang='grc'>,</span> <span class='ocrx_word' id='word_1_83' title='bbox 111 1293 144 1353; x_wconf 88' lang='lat' dir='ltr'><strong>et</strong></span> <span class='ocrx_word' id='word_1_84' title='bbox 173 1288 238 1351; x_wconf 90' lang='lat' dir='ltr'><strong>iam</strong></span> <span class='ocrx_word' id='word_1_85' title='bbox 272 1287 401 1351; x_wconf 90' lang='lat' dir='ltr'><strong>admota</strong></span> <span class='ocrx_word' id='word_1_86' title='bbox 433 1287 583 1351; x_wconf 91' lang='lat' dir='ltr'><strong>machina</strong></span> <span class='ocrx_word' id='word_1_87' title='bbox 611 1291 737 1370; x_wconf 92' lang='lat' dir='ltr'><strong>partem</strong></span> <span class='ocrx_word' id='word_1_88' title='bbox 767 1289 866 1370; x_wconf 86' lang='lat' dir='ltr'><strong>muri,</strong></span> <span class='ocrx_word' id='word_1_89' title='bbox 900 1309 982 1372; x_wconf 89' lang='lat' dir='ltr'><strong>quae</strong></span> <span class='ocrx_word' id='word_1_90' title='bbox 1016 1289 1084 1354; x_wconf 88' lang='lat' dir='ltr'><strong>sola</strong></span> 
     </span>
    </p>
   </div>
   <div class='ocr_carea' id='block_1_4' title="bbox 107 1370 1125 2114">
    <p class='ocr_par' dir='ltr' id='par_1_5' title="bbox 107 1370 1125 2114">
     <span class='ocr_line' id='line_1_14' title="bbox 109 1370 1083 1454; baseline 0 -16"><span class='ocrx_word' id='word_1_91' title='bbox 109 1370 252 1438; x_wconf 89' lang='lat' dir='ltr'><strong>conuelli</strong></span> <span class='ocrx_word' id='word_1_92' title='bbox 274 1375 409 1454; x_wconf 89' lang='lat' dir='ltr'><strong>poterat,</strong></span> <span class='ocrx_word' id='word_1_93' title='bbox 433 1372 623 1436; x_wconf 85' lang='lat' dir='ltr'><strong>disiecturus</strong></span> <span class='ocrx_word' id='word_1_94' title='bbox 645 1371 824 1450; x_wconf 88' lang='lat' dir='ltr'><strong>uideretur,</strong></span> <span class='ocrx_word' id='word_1_95' title='bbox 846 1370 1083 1438; x_wconf 85' lang='lat' dir='ltr'><strong>humanitatem</strong></span> 
     </span>
     <span class='ocr_line' id='line_1_15' title="bbox 108 1455 1083 1542; baseline 0.001 -22"><span class='ocrx_word' id='word_1_96' title='bbox 108 1457 310 1542; x_wconf 86' lang='lat' dir='ltr'><strong>propinquae</strong></span> <span class='ocrx_word' id='word_1_97' title='bbox 333 1457 488 1522; x_wconf 90' lang='lat' dir='ltr'><strong>uictoriae</strong></span> <span class='ocrx_word' id='word_1_98' title='bbox 509 1455 679 1540; x_wconf 87' lang='lat' dir='ltr'><strong>praetulit:</strong></span> <span class='ocrx_word' id='word_1_99' title='bbox 702 1477 778 1520; x_wconf 90' lang='lat' dir='ltr'><strong>nam</strong></span> <span class='ocrx_word' id='word_1_100' title='bbox 801 1476 874 1521; x_wconf 91' lang='lat' dir='ltr'><strong>cum</strong></span> <span class='ocrx_word' id='word_1_101' title='bbox 895 1456 1083 1542; x_wconf 85' lang='lat' dir='ltr'><strong>Rhoetoge·</strong></span> 
     </span>
     <span class='ocr_line' id='line_1_16' title="bbox 107 1540 1121 1626; baseline -0.004 -20"><span class='ocrx_word' id='word_1_102' title='bbox 107 1542 161 1606; x_wconf 90' lang='lat' dir='ltr'><strong>nis</strong></span> <span class='ocrx_word' id='word_1_103' title='bbox 190 1541 289 1624; x_wconf 87' lang='lat' dir='ltr'><strong>filios,</strong></span> <span class='ocrx_word' id='word_1_104' title='bbox 323 1543 378 1622; x_wconf 91' lang='lat' dir='ltr'><strong>qui</strong></span> <span class='ocrx_word' id='word_1_105' title='bbox 411 1540 452 1605; x_wconf 88' lang='lat' dir='ltr'><strong>ad</strong></span> <span class='ocrx_word' id='word_1_106' title='bbox 485 1561 557 1604; x_wconf 91' lang='lat' dir='ltr'><strong>eum</strong></span> <span class='ocrx_word' id='word_1_107' title='bbox 589 1540 777 1619; x_wconf 73' lang='lat' dir='ltr'><strong>transierat,</strong></span> <span class='ocrx_word' id='word_1_108' title='bbox 813 1541 1081 1626; x_wconf 79' lang='lat' dir='ltr'><strong>Centrobigenses</strong></span> <span class='ocrx_word' id='word_1_109' title='bbox 1097 1563 1121 1602; x_wconf 81' lang='lat' dir='ltr'><strong>ra</strong></span> 
     </span>
     <span class='ocr_line' id='line_1_17' title="bbox 109 1624 1081 1708; baseline -0.003 -17"><span class='ocrx_word' id='word_1_110' title='bbox 109 1624 278 1691; x_wconf 87' lang='lat' dir='ltr'><strong>machinae</strong></span> <span class='ocrx_word' id='word_1_111' title='bbox 299 1625 417 1690; x_wconf 91' lang='lat' dir='ltr'><strong>ictibus</strong></span> <span class='ocrx_word' id='word_1_112' title='bbox 440 1624 648 1707; x_wconf 90' lang='lat' dir='ltr'><strong>obiecissent,</strong></span> <span class='ocrx_word' id='word_1_113' title='bbox 671 1646 713 1688; x_wconf 89' lang='lat' dir='ltr'><strong>ne</strong></span> <span class='ocrx_word' id='word_1_114' title='bbox 734 1626 827 1708; x_wconf 90' lang='lat' dir='ltr'><strong>pueri</strong></span> <span class='ocrx_word' id='word_1_115' title='bbox 849 1625 885 1688; x_wconf 91' lang='lat' dir='ltr'><strong>in</strong></span> <span class='ocrx_word' id='word_1_116' title='bbox 906 1630 1081 1708; x_wconf 87' lang='lat' dir='ltr'><strong>conspectu</strong></span> 
     </span>
     <span class='ocr_line' id='line_1_18' title="bbox 109 1709 1083 1796; baseline -0.001 -22"><span class='ocrx_word' id='word_1_117' title='bbox 109 1711 214 1796; x_wconf 91' lang='lat' dir='ltr'><strong>patris</strong></span> <span class='ocrx_word' id='word_1_118' title='bbox 242 1709 363 1774; x_wconf 89' lang='lat' dir='ltr'><strong>crudeli</strong></span> <span class='ocrx_word' id='word_1_119' title='bbox 385 1730 503 1794; x_wconf 89' lang='lat' dir='ltr'><strong>genere</strong></span> <span class='ocrx_word' id='word_1_120' title='bbox 529 1710 642 1774; x_wconf 85' lang='lat' dir='ltr'><strong>mortis</strong></span> <span class='ocrx_word' id='word_1_121' title='bbox 665 1711 944 1793; x_wconf 87' lang='lat' dir='ltr'><strong>consumerentur,</strong></span> <span class='ocrx_word' id='word_1_122' title='bbox 975 1730 1083 1793; x_wconf 89' lang='lat' dir='ltr'><strong>quam·</strong></span> 
     </span>
     <span class='ocr_line' id='line_1_19' title="bbox 110 1793 1082 1881; baseline -0.001 -22"><span class='ocrx_word' id='word_1_123' title='bbox 110 1817 209 1881; x_wconf 90' lang='lat' dir='ltr'><strong>quam</strong></span> <span class='ocrx_word' id='word_1_124' title='bbox 234 1794 303 1877; x_wconf 89' lang='lat' dir='ltr'><strong>ipse</strong></span> <span class='ocrx_word' id='word_1_125' title='bbox 333 1793 558 1880; x_wconf 86' lang='lat' dir='ltr'><strong>Rhoetogenes</strong></span> <span class='ocrx_word' id='word_1_126' title='bbox 585 1794 726 1879; x_wconf 90' lang='lat' dir='ltr'><strong>negabat</strong></span> <span class='ocrx_word' id='word_1_127' title='bbox 759 1814 827 1858; x_wconf 88' lang='lat' dir='ltr'><strong>esse</strong></span> <span class='ocrx_word' id='word_1_128' title='bbox 860 1793 1082 1879; x_wconf 90' lang='lat' dir='ltr'><strong>inpedimento</strong></span> 
     </span>
     <span class='ocr_line' id='line_1_20' title="bbox 112 1878 1083 1965; baseline -0.002 -21"><span class='ocrx_word' id='word_1_129' title='bbox 112 1879 285 1965; x_wconf 84' lang='lat' dir='ltr'><strong>quominus</strong></span> <span class='ocrx_word' id='word_1_130' title='bbox 308 1878 404 1943; x_wconf 88' lang='lat' dir='ltr'><strong>etiam</strong></span> <span class='ocrx_word' id='word_1_131' title='bbox 425 1900 484 1963; x_wconf 89' lang='lat' dir='ltr'><strong>per</strong></span> <span class='ocrx_word' id='word_1_132' title='bbox 506 1878 637 1944; x_wconf 84' lang='lat' dir='ltr'><strong>exitium</strong></span> <span class='ocrx_word' id='word_1_133' title='bbox 659 1879 826 1964; x_wconf 87' lang='lat' dir='ltr'><strong>sanguinis</strong></span> <span class='ocrx_word' id='word_1_134' title='bbox 849 1879 898 1942; x_wconf 90' lang='lat' dir='ltr'><strong>sui</strong></span> <span class='ocrx_word' id='word_1_135' title='bbox 922 1900 1083 1964; x_wconf 87' lang='lat' dir='ltr'><strong>expugna·</strong></span> 
     </span>
     <span class='ocr_line' id='line_1_21' title="bbox 111 1962 1125 2047; baseline -0.003 -17"><span class='ocrx_word' id='word_1_136' title='bbox 111 1965 237 2030; x_wconf 91' lang='lat' dir='ltr'><strong>tionem</strong></span> <span class='ocrx_word' id='word_1_137' title='bbox 258 1967 443 2047; x_wconf 85' lang='lat' dir='ltr'><strong>perageret,</strong></span> <span class='ocrx_word' id='word_1_138' title='bbox 472 1965 512 2028; x_wconf 90' lang='lat' dir='ltr'><strong>ab</strong></span> <span class='ocrx_word' id='word_1_139' title='bbox 535 1963 703 2028; x_wconf 85' lang='lat' dir='ltr'><strong>obsidione</strong></span> <span class='ocrx_word' id='word_1_140' title='bbox 725 1962 881 2028; x_wconf 85' lang='lat' dir='ltr'><strong>discessit.</strong></span> <span class='ocrx_word' id='word_1_141' title='bbox 925 1984 989 2047; x_wconf 91' lang='lat' dir='ltr'><strong>quo</strong></span> <span class='ocrx_word' id='word_1_142' title='bbox 1016 1965 1083 2047; x_wconf 89' lang='lat' dir='ltr'><strong>qui·</strong></span> <span class='ocrx_word' id='word_1_143' title='bbox 1099 1981 1125 2022; x_wconf 69' lang='grc' dir='ltr'><strong>ιο</strong></span> 
     </span>
     <span class='ocr_line' id='line_1_22' title="bbox 113 2048 1086 2114; baseline -0.002 0"><span class='ocrx_word' id='word_1_144' title='bbox 113 2051 187 2114; x_wconf 90' lang='lat' dir='ltr'><strong>dem</strong></span> <span class='ocrx_word' id='word_1_145' title='bbox 219 2052 285 2112; x_wconf 89' lang='lat' dir='ltr'><strong>tam</strong></span> <span class='ocrx_word' id='word_1_146' title='bbox 319 2048 469 2112; x_wconf 88' lang='lat' dir='ltr'><strong>clementi</strong></span> <span class='ocrx_word' id='word_1_147' title='bbox 503 2049 589 2112; x_wconf 90' lang='lat' dir='ltr'><strong>facto</strong></span> <span class='ocrx_word' id='word_1_148' title='bbox 623 2049 683 2112; x_wconf 90' lang='lat' dir='ltr'><strong>etsi</strong></span> <span class='ocrx_word' id='word_1_149' title='bbox 717 2068 785 2112; x_wconf 91' lang='lat' dir='ltr'><strong>non</strong></span> <span class='ocrx_word' id='word_1_150' title='bbox 817 2048 912 2112; x_wconf 89' lang='lat' dir='ltr'><strong>unius</strong></span> <span class='ocrx_word' id='word_1_151' title='bbox 945 2048 1086 2112; x_wconf 89' lang='lat' dir='ltr'><strong>ciuitatis</strong></span> 
     </span>
    </p>
   </div>
   <div class='ocr_carea' id='block_1_5' title="bbox 12 2132 1085 2214">
    <p class='ocr_par' dir='ltr' id='par_1_6' title="bbox 12 2132 1085 2214">
     <span class='ocr_line' id='line_1_23' title="bbox 12 2132 1085 2214; baseline -0.002 -16"><span class='ocrx_word' id='word_1_152' title='bbox 12 2171 15 2184; x_wconf 91' lang='lat'><em>·</em></span> <span class='ocrx_word' id='word_1_153' title='bbox 113 2134 258 2214; x_wconf 90' lang='lat' dir='ltr'><strong>moenia,</strong></span> <span class='ocrx_word' id='word_1_154' title='bbox 282 2133 426 2196; x_wconf 91' lang='lat' dir='ltr'><strong>omnium</strong></span> <span class='ocrx_word' id='word_1_155' title='bbox 443 2137 552 2197; x_wconf 88' lang='lat' dir='ltr'><strong>tamen</strong></span> <span class='ocrx_word' id='word_1_156' title='bbox 568 2132 802 2198; x_wconf 79' lang='lat' dir='ltr'><strong>Celtiberarum</strong></span> <span class='ocrx_word' id='word_1_157' title='bbox 817 2133 945 2197; x_wconf 90' lang='lat' dir='ltr'><strong>urbium</strong></span> <span class='ocrx_word' id='word_1_158' title='bbox 961 2134 1085 2196; x_wconf 90' lang='lat' dir='ltr'><strong>animos</strong></span> 
     </span>
    </p>
   </div>
   <div class='ocr_carea' id='block_1_6' title="bbox 112 2217 1123 2724">
    <p class='ocr_par' dir='ltr' id='par_1_7' title="bbox 112 2217 1123 2724">
     <span class='ocr_line' id='line_1_24' title="bbox 112 2217 1104 2301; baseline -0.002 -17"><span class='ocrx_word' id='word_1_159' title='bbox 112 2219 201 2301; x_wconf 92' lang='lat' dir='ltr'><strong>cepit</strong></span> <span class='ocrx_word' id='word_1_160' title='bbox 229 2217 398 2300; x_wconf 84' lang='lat' dir='ltr'><strong>effecitque</strong></span> <span class='ocrx_word' id='word_1_161' title='bbox 427 2221 463 2280; x_wconf 89' lang='lat' dir='ltr'><strong>ut</strong></span> <span class='ocrx_word' id='word_1_162' title='bbox 490 2217 529 2281; x_wconf 89' lang='lat' dir='ltr'><strong>ad</strong></span> <span class='ocrx_word' id='word_1_163' title='bbox 560 2217 753 2300; x_wconf 90' lang='lat' dir='ltr'><strong>redigendas</strong></span> <span class='ocrx_word' id='word_1_164' title='bbox 782 2237 836 2280; x_wconf 89' lang='lat' dir='ltr'><strong>eas</strong></span> <span class='ocrx_word' id='word_1_165' title='bbox 865 2218 901 2281; x_wconf 90' lang='lat' dir='ltr'><strong>in</strong></span> <span class='ocrx_word' id='word_1_166' title='bbox 927 2217 1104 2282; x_wconf 84' lang='lat' dir='ltr'><strong>dicionem¹</strong></span> 
     </span>
     <span class='ocr_line' id='line_1_25' title="bbox 112 2301 1087 2389; baseline -0.002 -22"><span class='ocrx_word' id='word_1_167' title='bbox 112 2302 227 2389; x_wconf 91' lang='lat' dir='ltr'><strong>populi</strong></span> <span class='ocrx_word' id='word_1_168' title='bbox 238 2301 376 2366; x_wconf 87' lang='lat' dir='ltr'><strong>Romani</strong></span> <span class='ocrx_word' id='word_1_169' title='bbox 390 2322 458 2365; x_wconf 91' lang='lat' dir='ltr'><strong>non</strong></span> <span class='ocrx_word' id='word_1_170' title='bbox 470 2301 581 2365; x_wconf 90' lang='lat' dir='ltr'><strong>multis</strong></span> <span class='ocrx_word' id='word_1_171' title='bbox 592 2302 654 2365; x_wconf 89' lang='lat' dir='ltr'><strong>sibi</strong></span> <span class='ocrx_word' id='word_1_172' title='bbox 666 2301 887 2367; x_wconf 86' lang='lat' dir='ltr'><strong>obsidionibus</strong></span> <span class='ocrx_word' id='word_1_173' title='bbox 900 2321 979 2385; x_wconf 92' lang='lat' dir='ltr'><strong>opus</strong></span> <span class='ocrx_word' id='word_1_174' title='bbox 991 2307 1087 2367; x_wconf 89' lang='lat' dir='ltr'><strong>esset.</strong></span> 
     </span>
     <span class='ocr_line' id='line_1_26' title="bbox 178 2384 1123 2484; baseline 0 -33"><span class='ocrx_word' id='word_1_175' title='bbox 178 2387 209 2452; x_wconf 89' lang='grc'><strong>6.</strong></span> <span class='ocrx_word' id='word_1_176' title='bbox 235 2384 379 2452; x_wconf 81' lang='lat' dir='ltr'><strong>Africani</strong></span> <span class='ocrx_word' id='word_1_177' title='bbox 395 2406 522 2470; x_wconf 87' lang='lat' dir='ltr'><strong>quoque</strong></span> <span class='ocrx_word' id='word_1_178' title='bbox 536 2386 723 2472; x_wconf 81' lang='lat' dir='ltr'><strong>posterioria</strong></span> <span class='ocrx_word' id='word_1_179' title='bbox 739 2386 925 2451; x_wconf 89' lang='lat' dir='ltr'><strong>humanitas</strong></span> <span class='ocrx_word' id='word_1_180' title='bbox 940 2388 1084 2484; x_wconf 89' lang='lat' dir='ltr'><strong>speciose</strong></span> <span class='ocrx_word' id='word_1_181' title='bbox 1097 2403 1123 2442; x_wconf 65' lang='grc' dir='ltr'><strong>ιι</strong></span> 
     </span>
     <span class='ocr_line' id='line_1_27' title="bbox 114 2469 1086 2556; baseline 0 -20"><span class='ocrx_word' id='word_1_182' title='bbox 114 2473 242 2555; x_wconf 87' lang='lat' dir='ltr'><strong>lateque</strong></span> <span class='ocrx_word' id='word_1_183' title='bbox 262 2473 380 2552; x_wconf 89' lang='lat' dir='ltr'><strong>patuit:</strong></span> <span class='ocrx_word' id='word_1_184' title='bbox 404 2474 587 2555; x_wconf 84' lang='lat' dir='ltr'><strong>expugnata</strong></span> <span class='ocrx_word' id='word_1_185' title='bbox 609 2470 695 2534; x_wconf 90' lang='lat' dir='ltr'><strong>enim</strong></span> <span class='ocrx_word' id='word_1_186' title='bbox 711 2469 913 2556; x_wconf 86' lang='lat' dir='ltr'><strong>Karthagine</strong></span> <span class='ocrx_word' id='word_1_187' title='bbox 936 2492 1021 2536; x_wconf 84' lang='lat' dir='ltr'><strong>crrca</strong></span> <span class='ocrx_word' id='word_1_188' title='bbox 1043 2474 1086 2536; x_wconf 91' lang='lat' dir='ltr'><strong>ci·</strong></span> 
     </span>
     <span class='ocr_line' id='line_1_28' title="bbox 114 2553 1088 2639; baseline 0 -19"><span class='ocrx_word' id='word_1_189' title='bbox 114 2557 232 2621; x_wconf 80' lang='lat' dir='ltr'><strong>uitales</strong></span> <span class='ocrx_word' id='word_1_190' title='bbox 255 2553 384 2621; x_wconf 85' lang='lat' dir='ltr'><strong>Siciliae</strong></span> <span class='ocrx_word' id='word_1_191' title='bbox 406 2555 529 2620; x_wconf 86' lang='lat' dir='ltr'><strong>litteras</strong></span> <span class='ocrx_word' id='word_1_192' title='bbox 551 2555 653 2638; x_wconf 89' lang='lat' dir='ltr'><strong>misit,</strong></span> <span class='ocrx_word' id='word_1_193' title='bbox 682 2559 719 2618; x_wconf 88' lang='lat' dir='ltr'><strong>ut</strong></span> <span class='ocrx_word' id='word_1_194' title='bbox 742 2558 933 2619; x_wconf 89' lang='lat' dir='ltr'><strong>ornamenta</strong></span> <span class='ocrx_word' id='word_1_195' title='bbox 954 2556 1088 2639; x_wconf 89' lang='lat' dir='ltr'><strong>templo·</strong></span> 
     </span>
     <span class='ocr_line' id='line_1_29' title="bbox 113 2638 1089 2724; baseline -0.001 -19"><span class='ocrx_word' id='word_1_196' title='bbox 113 2662 188 2705; x_wconf 91' lang='lat' dir='ltr'><strong>rum</strong></span> <span class='ocrx_word' id='word_1_197' title='bbox 209 2661 338 2705; x_wconf 87' lang='lat' dir='ltr'><strong>suorum</strong></span> <span class='ocrx_word' id='word_1_198' title='bbox 361 2639 513 2704; x_wconf 89' lang='lat' dir='ltr'><strong>aPoeuis</strong></span> <span class='ocrx_word' id='word_1_199' title='bbox 534 2643 629 2723; x_wconf 89' lang='lat' dir='ltr'><strong>rapta</strong></span> <span class='ocrx_word' id='word_1_200' title='bbox 651 2660 708 2723; x_wconf 93' lang='lat' dir='ltr'><strong>per</strong></span> <span class='ocrx_word' id='word_1_201' title='bbox 722 2638 848 2724; x_wconf 89' lang='lat' dir='ltr'><strong>legatos</strong></span> <span class='ocrx_word' id='word_1_202' title='bbox 863 2648 1089 2723; x_wconf 87' lang='lat' dir='ltr'><strong>recuperarent</strong></span> 
     </span>
    </p>
   </div>
   <div class='ocr_carea' id='block_1_7' title="bbox 114 2839 1091 3249">
    <p class='ocr_par' dir='ltr' id='par_1_8' title="bbox 114 2839 1091 3249">
     <span class='ocr_line' id='line_1_30' title="bbox 184 2839 1088 2909; baseline 0.002 -15"><span class='ocrx_word' id='word_1_203' title='bbox 184 2847 201 2894; x_wconf 87' lang='grc'>4</span> <span class='ocrx_word' id='word_1_204' title='bbox 223 2841 278 2894; x_wconf 89' lang='lat' dir='ltr'><strong>uiri</strong></span> <span class='ocrx_word' id='word_1_205' title='bbox 295 2855 345 2896; x_wconf 77' lang='lat' dir='ltr'><strong>nos</strong></span> <span class='ocrx_word' id='word_1_206' title='bbox 366 2857 428 2896; x_wconf 83' lang='lat' dir='ltr'><strong>cam</strong></span> <span class='ocrx_word' id='word_1_207' title='bbox 446 2841 559 2909; x_wconf 79' lang='lat' dir='ltr'><strong>Lipsio,</strong></span> <span class='ocrx_word' id='word_1_208' title='bbox 583 2841 627 2895; x_wconf 93' lang='lat' dir='ltr'><strong>uir</strong></span> <span class='ocrx_word' id='word_1_209' title='bbox 644 2839 717 2908; x_wconf 83' lang='lat' dir='ltr'><strong>LA,</strong></span> <span class='ocrx_word' id='word_1_210' title='bbox 739 2857 777 2896; x_wconf 81' lang='lat' dir='ltr'><strong>aa</strong></span> <span class='ocrx_word' id='word_1_211' title='bbox 799 2840 859 2894; x_wconf 78' lang='lat' dir='ltr'><strong>rai?</strong></span> <span class='ocrx_word' id='word_1_212' title='bbox 877 2839 979 2906; x_wconf 86' lang='lat' dir='ltr'><strong>Halm,</strong></span> <span class='ocrx_word' id='word_1_213' title='bbox 1003 2845 1034 2895; x_wconf 82' lang='lat' dir='ltr'><strong>ot</strong></span> <span class='ocrx_word' id='word_1_214' title='bbox 1052 2843 1088 2907; x_wconf 78' lang='lat' dir='ltr'><strong>cf.</strong></span> 
     </span>
     <span class='ocr_line' id='line_1_31' title="bbox 121 2908 1090 2978; baseline 0 -15"><span class='ocrx_word' id='word_1_215' title='bbox 121 2908 147 2963; x_wconf 87' lang='lat' dir='ltr'><strong><em>V</em></strong></span> <span class='ocrx_word' id='word_1_216' title='bbox 163 2911 181 2961; x_wconf 77' lang='lat'><strong><em>4</em></strong></span> <span class='ocrx_word' id='word_1_217' title='bbox 199 2914 253 2962; x_wconf 72' lang='lat' dir='ltr'><strong>eat,</strong></span> <span class='ocrx_word' id='word_1_218' title='bbox 272 2913 291 2962; x_wconf 89' lang='lat'><strong><em>6</em></strong></span> <span class='ocrx_word' id='word_1_219' title='bbox 307 2910 317 2976; x_wconf 73' lang='lat' dir='ltr'><strong>l</strong></span> <span class='ocrx_word' id='word_1_220' title='bbox 334 2916 349 2963; x_wconf 77' lang='lat'><strong>5</strong></span> <span class='ocrx_word' id='word_1_221' title='bbox 368 2911 509 2978; x_wconf 87' lang='lat' dir='ltr'><strong>apexisset</strong></span> <span class='ocrx_word' id='word_1_222' title='bbox 527 2909 565 2963; x_wconf 90' lang='lat' dir='ltr'><strong>L¹</strong></span> <span class='ocrx_word' id='word_1_223' title='bbox 582 2910 592 2977; x_wconf 75' lang='lat' dir='ltr'>u</span> <span class='ocrx_word' id='word_1_224' title='bbox 609 2913 625 2962; x_wconf 84' lang='grc'>6</span> <span class='ocrx_word' id='word_1_225' title='bbox 643 2925 694 2962; x_wconf 86' lang='lat' dir='ltr'><strong>sua</strong></span> <span class='ocrx_word' id='word_1_226' title='bbox 712 2909 793 2963; x_wconf 83' lang='lat' dir='ltr'><strong>L¹A¹</strong></span> <span class='ocrx_word' id='word_1_227' title='bbox 812 2909 822 2977; x_wconf 92' lang='lat' dir='ltr'><strong>l</strong></span> <span class='ocrx_word' id='word_1_228' title='bbox 843 2913 858 2962; x_wconf 85' lang='lat' dir='ltr'><strong>&#39;l</strong></span> <span class='ocrx_word' id='word_1_229' title='bbox 875 2908 1045 2962; x_wconf 88' lang='lat' dir='ltr'><strong>incolumem</strong></span> <span class='ocrx_word' id='word_1_230' title='bbox 1063 2909 1090 2963; x_wconf 92' lang='lat' dir='ltr'><strong>L</strong></span> 
     </span>
     <span class='ocr_line' id='line_1_32' title="bbox 117 2974 1091 3045; baseline -0.001 -13"><span class='ocrx_word' id='word_1_231' title='bbox 117 2981 144 3032; x_wconf 83' lang='lat' dir='ltr'><strong>et</strong></span> <span class='ocrx_word' id='word_1_232' title='bbox 161 2975 202 3030; x_wconf 82' lang='lat' dir='ltr'><strong>sic</strong></span> <span class='ocrx_word' id='word_1_233' title='bbox 213 2976 238 3032; x_wconf 79' lang='lat' dir='ltr'><strong>t.</strong></span> <span class='ocrx_word' id='word_1_234' title='bbox 252 2974 270 3028; x_wconf 86' lang='lat' dir='ltr'><strong>l.</strong></span> <span class='ocrx_word' id='word_1_235' title='bbox 283 2979 325 3040; x_wconf 78' lang='lat' dir='ltr'><strong>A,</strong></span> <span class='ocrx_word' id='word_1_236' title='bbox 342 2977 478 3030; x_wconf 92' lang='lat' dir='ltr'><strong>incolumi</strong></span> <span class='ocrx_word' id='word_1_237' title='bbox 488 2982 568 3045; x_wconf 81' lang='lat' dir='ltr'><strong>recte,</strong></span> <span class='ocrx_word' id='word_1_238' title='bbox 581 2982 614 3031; x_wconf 81' lang='lat' dir='ltr'><strong>at</strong></span> <span class='ocrx_word' id='word_1_239' title='bbox 624 2976 694 3041; x_wconf 73' lang='lat' dir='ltr'><strong>aid,</strong></span> <span class='ocrx_word' id='word_1_240' title='bbox 705 2977 872 3031; x_wconf 76' lang='lat' dir='ltr'><strong>Perizonius</strong></span> <span class='ocrx_word' id='word_1_241' title='bbox 884 2978 894 3044; x_wconf 79' lang='lat' dir='ltr'><strong>l</strong></span> <span class='ocrx_word' id='word_1_242' title='bbox 908 2982 940 3031; x_wconf 90' lang='lat'><strong>10</strong></span> <span class='ocrx_word' id='word_1_243' title='bbox 957 2975 1091 3031; x_wconf 91' lang='lat' dir='ltr'><strong>metullns</strong></span> 
     </span>
     <span class='ocr_line' id='line_1_33' title="bbox 116 3041 1090 3114; baseline 0.001 -16"><span class='ocrx_word' id='word_1_244' title='bbox 116 3043 156 3098; x_wconf 77' lang='grc' dir='ltr'><strong>Α1</strong></span> <span class='ocrx_word' id='word_1_245' title='bbox 179 3043 190 3111; x_wconf 75' lang='lat' dir='ltr'><strong>l</strong></span> <span class='ocrx_word' id='word_1_246' title='bbox 212 3041 344 3110; x_wconf 77' lang='lat' dir='ltr'><strong>hispania</strong></span> <span class='ocrx_word' id='word_1_247' title='bbox 359 3043 431 3097; x_wconf 71' lang='grc' dir='ltr'><strong>ΠΛ</strong></span> <span class='ocrx_word' id='word_1_248' title='bbox 455 3047 465 3113; x_wconf 71' lang='lat' dir='ltr'><strong>p</strong></span> <span class='ocrx_word' id='word_1_249' title='bbox 491 3051 520 3098; x_wconf 92' lang='lat'><strong>11</strong></span> <span class='ocrx_word' id='word_1_250' title='bbox 539 3043 733 3114; x_wconf 86' lang='lat' dir='ltr'><strong>centobrigam</strong></span> <span class='ocrx_word' id='word_1_251' title='bbox 750 3044 790 3098; x_wconf 72' lang='grc' dir='ltr'><strong>Α*</strong></span> <span class='ocrx_word' id='word_1_252' title='bbox 807 3049 866 3098; x_wconf 82' lang='lat' dir='ltr'><strong>eto</strong></span> <span class='ocrx_word' id='word_1_253' title='bbox 888 3045 921 3098; x_wconf 80' lang='lat' dir='ltr'><strong>ia</strong></span> <span class='ocrx_word' id='word_1_254' title='bbox 937 3059 992 3098; x_wconf 80' lang='lat' dir='ltr'><strong>ros.</strong></span> <span class='ocrx_word' id='word_1_255' title='bbox 1010 3046 1090 3109; x_wconf 79' lang='lat' dir='ltr'><strong>Par,</strong></span> 
     </span>
     <span class='ocr_line' id='line_1_34' title="bbox 114 3109 1090 3182; baseline -0.001 -16"><span class='ocrx_word' id='word_1_256' title='bbox 114 3109 308 3166; x_wconf 89' lang='lat' dir='ltr'><strong>centobrioam</strong></span> <span class='ocrx_word' id='word_1_257' title='bbox 321 3109 390 3165; x_wconf 85' lang='lat' dir='ltr'><strong>LA¹</strong></span> <span class='ocrx_word' id='word_1_258' title='bbox 404 3112 414 3180; x_wconf 75' lang='lat' dir='ltr'><strong>l}</strong></span> <span class='ocrx_word' id='word_1_259' title='bbox 429 3117 458 3164; x_wconf 79' lang='lat'><strong>12</strong></span> <span class='ocrx_word' id='word_1_260' title='bbox 478 3112 593 3166; x_wconf 77' lang='lat' dir='ltr'><strong>admoti</strong></span> <span class='ocrx_word' id='word_1_261' title='bbox 607 3111 644 3165; x_wconf 86' lang='lat' dir='ltr'><strong>L¹</strong></span> <span class='ocrx_word' id='word_1_262' title='bbox 658 3112 668 3180; x_wconf 74' lang='lat' dir='ltr'><strong>ll</strong></span> <span class='ocrx_word' id='word_1_263' title='bbox 681 3111 741 3165; x_wconf 74' lang='lat' dir='ltr'><strong>soli</strong></span> <span class='ocrx_word' id='word_1_264' title='bbox 761 3113 840 3165; x_wconf 83' lang='lat' dir='ltr'><strong>L¹A¹</strong></span> <span class='ocrx_word' id='word_1_265' title='bbox 854 3114 865 3182; x_wconf 80' lang='grc' dir='ltr'><strong>ΙΙ</strong></span> <span class='ocrx_word' id='word_1_266' title='bbox 880 3118 910 3166; x_wconf 83' lang='grc'><strong>14</strong></span> <span class='ocrx_word' id='word_1_267' title='bbox 927 3111 1090 3181; x_wconf 84' lang='lat' dir='ltr'><strong>rhetogenis</strong></span> 
     </span>
     <span class='ocr_line' id='line_1_35' title="bbox 116 3177 1088 3249; baseline -0.002 -15"><span class='ocrx_word' id='word_1_268' title='bbox 116 3178 189 3244; x_wconf 85' lang='lat' dir='ltr'><strong>LA,</strong></span> <span class='ocrx_word' id='word_1_269' title='bbox 207 3177 407 3247; x_wconf 84' lang='lat' dir='ltr'><strong>rhoethogenis</strong></span> <span class='ocrx_word' id='word_1_270' title='bbox 424 3178 494 3236; x_wconf 83' lang='lat' dir='ltr'><strong>Por.</strong></span> <span class='ocrx_word' id='word_1_271' title='bbox 518 3181 528 3249; x_wconf 75' lang='grc'><strong>11</strong></span> <span class='ocrx_word' id='word_1_272' title='bbox 554 3185 585 3235; x_wconf 89' lang='lat'><strong>15</strong></span> <span class='ocrx_word' id='word_1_273' title='bbox 603 3179 686 3234; x_wconf 77' lang='lat' dir='ltr'><strong>filiu*</strong></span> <span class='ocrx_word' id='word_1_274' title='bbox 704 3180 733 3246; x_wconf 83' lang='lat' dir='ltr'><strong>(ri</strong></span> <span class='ocrx_word' id='word_1_275' title='bbox 754 3180 786 3234; x_wconf 79' lang='lat' dir='ltr'><strong>ia</strong></span> <span class='ocrx_word' id='word_1_276' title='bbox 807 3196 861 3234; x_wconf 80' lang='lat' dir='ltr'><strong>ras.</strong></span> <span class='ocrx_word' id='word_1_277' title='bbox 880 3185 905 3234; x_wconf 86' lang='lat' dir='ltr'><strong>et</strong></span> <span class='ocrx_word' id='word_1_278' title='bbox 923 3197 935 3232; x_wconf 87' lang='lat' dir='ltr'><strong>s</strong></span> <span class='ocrx_word' id='word_1_279' title='bbox 954 3179 1034 3247; x_wconf 83' lang='lat' dir='ltr'><strong>eros.)</strong></span> <span class='ocrx_word' id='word_1_280' title='bbox 1053 3180 1088 3243; x_wconf 87' lang='lat' dir='ltr'><strong>L,</strong></span> 
     </span>
    </p>
   </div>
   <div class='ocr_carea' id='block_1_8' title="bbox 116 3245 1091 3504">
    <p class='ocr_par' dir='ltr' id='par_1_9' title="bbox 116 3245 1091 3504">
     <span class='ocr_line' id='line_1_36' title="bbox 118 3245 1091 3316; baseline 0 -16"><span class='ocrx_word' id='word_1_281' title='bbox 118 3245 194 3300; x_wconf 89' lang='lat' dir='ltr'><strong>filius</strong></span> <span class='ocrx_word' id='word_1_282' title='bbox 211 3245 250 3299; x_wconf 73' lang='grc' dir='ltr'><strong>Α1</strong></span> <span class='ocrx_word' id='word_1_283' title='bbox 263 3246 273 3314; x_wconf 77' lang='lat' dir='ltr'><strong>l</strong></span> <span class='ocrx_word' id='word_1_284' title='bbox 286 3245 497 3302; x_wconf 87' lang='lat' dir='ltr'><strong>centobricense</strong></span> <span class='ocrx_word' id='word_1_285' title='bbox 516 3248 564 3314; x_wconf 58' lang='grc' dir='ltr'><strong>Αἱ,</strong></span> <span class='ocrx_word' id='word_1_286' title='bbox 582 3247 800 3303; x_wconf 88' lang='lat' dir='ltr'><strong>centobriceusia</strong></span> <span class='ocrx_word' id='word_1_287' title='bbox 813 3248 883 3302; x_wconf 72' lang='lat' dir='ltr'><strong>LA*</strong></span> <span class='ocrx_word' id='word_1_288' title='bbox 896 3248 906 3314; x_wconf 81' lang='grc' dir='ltr'><strong>ΙΙ</strong></span> <span class='ocrx_word' id='word_1_289' title='bbox 920 3252 951 3301; x_wconf 78' lang='grc'><strong>16</strong></span> <span class='ocrx_word' id='word_1_290' title='bbox 991 3248 1053 3302; x_wconf 90' lang='lat' dir='ltr'><strong>uari</strong></span> <span class='ocrx_word' id='word_1_291' title='bbox 1071 3247 1091 3316; x_wconf 93' lang='lat' dir='ltr'><strong>(i</strong></span> 
     </span>
     <span class='ocr_line' id='line_1_37' title="bbox 118 3264 1091 3385; baseline 0 -16"><span class='ocrx_word' id='word_1_292' title='bbox 118 3315 199 3382; x_wconf 65' lang='lat' dir='ltr'><strong>aas.)</strong></span> <span class='ocrx_word' id='word_1_293' title='bbox 218 3313 258 3380; x_wconf 92' lang='lat' dir='ltr'><strong>L,</strong></span> <span class='ocrx_word' id='word_1_294' title='bbox 277 3311 342 3383; x_wconf 89' lang='lat' dir='ltr'><strong>puri</strong></span> <span class='ocrx_word' id='word_1_295' title='bbox 359 3315 466 3382; x_wconf 64' lang='grc'><strong>,111117</strong></span> <span class='ocrx_word' id='word_1_296' title='bbox 484 3331 558 3384; x_wconf 89' lang='lat' dir='ltr'><strong>quau</strong></span> <span class='ocrx_word' id='word_1_297' title='bbox 580 3331 647 3370; x_wconf 89' lang='lat' dir='ltr'><strong>uam</strong></span> <span class='ocrx_word' id='word_1_298' title='bbox 664 3316 711 3381; x_wconf 55' lang='grc' dir='ltr'><strong>Αἱ,</strong></span> <span class='ocrx_word' id='word_1_299' title='bbox 733 3332 818 3384; x_wconf 89' lang='lat' dir='ltr'><strong>quam</strong></span> <span class='ocrx_word' id='word_1_300' title='bbox 835 3316 897 3384; x_wconf 52' lang='lat' dir='ltr'><strong>All</strong></span> <span class='ocrx_word' id='word_1_301' title='bbox 911 3321 943 3370; x_wconf 85' lang='lat'><strong>18</strong></span> <span class='ocrx_word' id='word_1_302' title='bbox 960 3264 1091 3385; x_wconf 75' lang='lat' dir='ltr'><strong>rhetoge·</strong></span> 
     </span>
     <span class='ocr_line' id='line_1_38' title="bbox 116 3381 1091 3504; baseline 0.001 -69"><span class='ocrx_word' id='word_1_303' title='bbox 116 3397 167 3436; x_wconf 83' lang='lat' dir='ltr'><strong>nes</strong></span> <span class='ocrx_word' id='word_1_304' title='bbox 185 3382 244 3436; x_wconf 79' lang='lat' dir='ltr'><strong>LA</strong></span> <span class='ocrx_word' id='word_1_305' title='bbox 260 3382 271 3450; x_wconf 84' lang='grc' dir='ltr'><strong>ΙΙ</strong></span> <span class='ocrx_word' id='word_1_306' title='bbox 290 3387 321 3435; x_wconf 89' lang='grc'><strong>19</strong></span> <span class='ocrx_word' id='word_1_307' title='bbox 340 3381 457 3436; x_wconf 86' lang='lat' dir='ltr'><strong>exitium</strong></span> <span class='ocrx_word' id='word_1_308' title='bbox 476 3383 533 3438; x_wconf 77' lang='lat' dir='ltr'><strong>cod.</strong></span> <span class='ocrx_word' id='word_1_309' title='bbox 581 3383 633 3438; x_wconf 79' lang='lat' dir='ltr'><strong>eid.</strong></span> <span class='ocrx_word' id='word_1_310' title='bbox 654 3383 795 3451; x_wconf 79' lang='lat' dir='ltr'><strong>Torrenii,</strong></span> <span class='ocrx_word' id='word_1_311' title='bbox 815 3383 921 3436; x_wconf 87' lang='lat' dir='ltr'><strong>exitum</strong></span> <span class='ocrx_word' id='word_1_312' title='bbox 941 3383 1029 3504; x_wconf 66' lang='lat' dir='ltr'><strong>Md</strong></span> <span class='ocrx_word' id='word_1_313' title='bbox 1044 3399 1091 3438; x_wconf 85' lang='lat' dir='ltr'><strong>ex·</strong></span> 
     </span>
    </p>
   </div>
   <div class='ocr_carea' id='block_1_9' title="bbox 1030 3452 1094 3506">
    <p class='ocr_par' dir='ltr' id='par_1_10' title="bbox 1030 3452 1094 3506">
     <span class='ocr_line' id='line_1_39' title="bbox 1030 3452 1094 3506; baseline 0.047 -3"><span class='ocrx_word' id='word_1_314' title='bbox 1030 3452 1094 3506; x_wconf 71' lang='lat' dir='ltr'><strong>iou&#39;e</strong></span> 
     </span>
    </p>
   </div>
   <div class='ocr_carea' id='block_1_10' title="bbox 139 3449 1087 3588">
    <p class='ocr_par' dir='ltr' id='par_1_11' title="bbox 139 3449 1087 3588">
     <span class='ocr_line' id='line_1_40' title="bbox 139 3449 1010 3528; baseline 0.001 -26"><span class='ocrx_word' id='word_1_315' title='bbox 139 3450 293 3516; x_wconf 83' lang='lat' dir='ltr'><strong>agnatione</strong></span> <span class='ocrx_word' id='word_1_316' title='bbox 316 3449 353 3503; x_wconf 88' lang='lat' dir='ltr'><strong>L¹</strong></span> <span class='ocrx_word' id='word_1_317' title='bbox 378 3451 388 3528; x_wconf 75' lang='lat' dir='ltr'>ss</span> <span class='ocrx_word' id='word_1_318' title='bbox 412 3455 445 3504; x_wconf 74' lang='lat'><strong>20</strong></span> <span class='ocrx_word' id='word_1_319' title='bbox 472 3450 508 3505; x_wconf 91' lang='lat' dir='ltr'><strong>ab</strong></span> <span class='ocrx_word' id='word_1_320' title='bbox 533 3451 678 3505; x_wconf 88' lang='lat' dir='ltr'><strong>obsidione</strong></span> <span class='ocrx_word' id='word_1_321' title='bbox 700 3451 740 3505; x_wconf 78' lang='lat' dir='ltr'><strong>A²</strong></span> <span class='ocrx_word' id='word_1_322' title='bbox 762 3467 776 3505; x_wconf 86' lang='lat' dir='ltr'><strong>e</strong></span> <span class='ocrx_word' id='word_1_323' title='bbox 797 3452 881 3516; x_wconf 75' lang='lat' dir='ltr'><strong>Paa,</strong></span> <span class='ocrx_word' id='word_1_324' title='bbox 949 3451 1010 3506; x_wconf 92' lang='lat' dir='ltr'><strong>obsi</strong></span> 
     </span>
     <span class='ocr_line' id='line_1_41' title="bbox 150 3517 1087 3588; baseline 0.004 -18"><span class='ocrx_word' id='word_1_325' title='bbox 150 3519 189 3570; x_wconf 78' lang='lat' dir='ltr'><strong>A¹</strong></span> <span class='ocrx_word' id='word_1_326' title='bbox 215 3519 225 3586; x_wconf 82' lang='grc' dir='ltr'><strong>ΙΙ</strong></span> <span class='ocrx_word' id='word_1_327' title='bbox 252 3517 487 3586; x_wconf 65' lang='lat' dir='ltr'><strong>incoeptam</strong></span> <span class='ocrx_word' id='word_1_328' title='bbox 511 3520 521 3588; x_wconf 87' lang='lat' dir='ltr'><strong>l</strong></span> <span class='ocrx_word' id='word_1_329' title='bbox 546 3525 578 3573; x_wconf 76' lang='lat'><strong>25</strong></span> <span class='ocrx_word' id='word_1_330' title='bbox 597 3519 724 3588; x_wconf 90' lang='lat' dir='ltr'><strong>speciosa</strong></span> <span class='ocrx_word' id='word_1_331' title='bbox 742 3521 786 3588; x_wconf 85' lang='lat' dir='ltr'><strong>(sc.</strong></span> <span class='ocrx_word' id='word_1_332' title='bbox 804 3518 873 3586; x_wconf 75' lang='lat' dir='ltr'><strong>fait)</strong></span> <span class='ocrx_word' id='word_1_333' title='bbox 924 3520 1061 3574; x_wconf 56' lang='lat' dir='ltr'><strong>aaronica</strong></span> <span class='ocrx_word' id='word_1_334' title='bbox 1077 3521 1087 3588; x_wconf 84' lang='grc' dir='ltr'><strong>ΙΙ</strong></span> 
     </span>
    </p>
   </div>
   <div class='ocr_carea' id='block_1_11' title="bbox 12 3581 931 3656">
    <p class='ocr_par' dir='ltr' id='par_1_12' title="bbox 12 3581 931 3656">
     <span class='ocr_line' id='line_1_42' title="bbox 12 3581 931 3656; baseline 0.004 -17"><span class='ocrx_word' id='word_1_335' title='bbox 12 3581 19 3596; x_wconf 77' lang='lat'>&#39;</span> <span class='ocrx_word' id='word_1_336' title='bbox 118 3590 152 3639; x_wconf 77' lang='lat'><strong>28</strong></span> <span class='ocrx_word' id='word_1_337' title='bbox 169 3585 250 3654; x_wconf 86' lang='lat' dir='ltr'><strong>penis</strong></span> <span class='ocrx_word' id='word_1_338' title='bbox 269 3585 308 3639; x_wconf 91' lang='lat' dir='ltr'><strong>L¹</strong></span> <span class='ocrx_word' id='word_1_339' title='bbox 328 3586 338 3654; x_wconf 78' lang='lat' dir='ltr'><strong>ll</strong></span> <span class='ocrx_word' id='word_1_340' title='bbox 359 3585 554 3655; x_wconf 87' lang='lat' dir='ltr'><strong>reciperarent</strong></span> <span class='ocrx_word' id='word_1_341' title='bbox 569 3602 664 3656; x_wconf 67' lang='lat' dir='ltr'><strong>marco</strong></span> <span class='ocrx_word' id='word_1_342' title='bbox 681 3588 708 3639; x_wconf 81' lang='lat' dir='ltr'><strong><em>A</em></strong></span> <span class='ocrx_word' id='word_1_343' title='bbox 727 3589 826 3642; x_wconf 82' lang='lat' dir='ltr'><strong>cPar.</strong></span> <span class='ocrx_word' id='word_1_344' title='bbox 844 3587 931 3643; x_wconf 84' lang='lat' dir='ltr'><strong>Halm</strong></span> 
     </span>
    </p>
   </div>
   <div class='ocr_carea' id='block_1_12' title="bbox 0 0 1314 3960">
    <p class='ocr_par' dir='ltr' id='par_1_13' title="bbox 0 0 1314 3960">
     <span class='ocr_line' id='line_1_43' title="bbox 0 0 1314 3960; baseline 0 0"><span class='ocrx_word' id='word_1_345' title='bbox 0 0 1314 3960; x_wconf 95' lang='lat' dir='ltr'><strong> </strong></span> 
     </span>
    </p>
   </div>
  </div>
 </body>
</html>
