2590 3948
195 125 290 180 xvm
570 122 785 177 PRAEFATIO.

197 279 324 342 diosum
346 279 401 341 aut
423 276 486 340 alia
515 297 609 340 ceusu
638 280 833 346 commotum
854 279 1009 358 mutasse,
1032 277 1084 342 uir
1106 277 1162 343 ille

195 361 399 427 doctissimus
421 380 650 444 saepenumero
672 361 725 424 uel
747 382 794 439 ea,
819 381 900 444 quse
922 382 963 424 ne
992 362 1161 426 minimam

196 446 325 530 quidem
358 444 481 510 habent
509 445 719 509 offensionem
747 449 802 508 aut
831 466 913 528 quae
940 445 1018 510 ferri
1046 446 1162 517 saltem

194 534 359 615 poterant,
394 530 560 594 damnauit
576 533 626 596 ,et
656 528 780 594 Paridis
812 529 951 594 lectione
987 531 1163 596 substituta

195 615 325 680 Valerio
348 615 486 679 obtrusit
507 623 594 698 quae
611 635 678 678 non
692 617 759 678 tam
775 615 906 698 antiquo
925 615 1050 679 auctori
1065 637 1162 699 quam

194 699 427 765 abbreuiotoris
449 699 598 764 licentiae
620 698 792 763 tribuenda
814 703 898 764 runt.
929 703 1026 782 atque
1048 699 1083 763 in
1098 700 1159 765 hac

194 785 323 869 quidem
345 805 380 848 re
403 805 476 848 eum
498 784 667 848 nonsatis
694 786 786 848 caute
815 787 848 848 et
876 783 1076 848 considerate
1105 785 1162 848 illa

195 871 335 967 eitome
368 890 462 965 usum
492 889 561 966 esse
588 867 630 932 ad
646 868 899 967 ‘emendandum
927 867 1098 968 Valerium·
1125 870 1161 934 in

147 1078 148 1081 κ
194 953 575 1120 ,clettistete
591 952 1054 1121 restitueritis
1074 954 1162 1104 tte

195 1122 278 1187 1866
311 1121 431 1205 publici
458 1121 536 1185 iuris
564 1122 641 1204 feci,
671 1145 703 1206 p.
729 1123 767 1185 11
784 1143 852 1206 sqq.
880 1123 952 1189 luce
980 1122 1097 1188 clarius
1118 1145 1163 1189 ne

197 1206 327 1272 Halmio
351 1207 480 1290 quidem
502 1208 697 1271 reclamante
720 1207 830 1271 multis
852 1207 1006 1290 exemplis
1029 1207 1175 1272 demon-‘

193 1295 311 1356 strasse
332 1289 413 1354 mihi
435 1290 555 1356 uideor.
600 1295 794 1376 quapropter
826 1293 906 1357 haec
933 1293 995 1356 hoc
1016 1291 1088 1357 loco
1109 1314 1162 1356 re-

192 1379 303 1460 petere
324 1376 425 1440 nolui.

257 1460 382 1525 Paridis
397 1460 497 1545 igitur
511 1459 611 1526 codex
622 1458 801 1525 Vaticanus
816 1459 1008 1526 nitidissime
1020 1461 1162 1544 scriptus

191 1567 253 1610 nec
274 1548 325 1610 tot
346 1545 553 1610 librariorum
580 1544 742 1608 erroribus
770 1545 973 1628 inquinatus,
1000 1550 1080 1630 quot
1105 1546 1162 1610 uel
1236 1611 1237 1616 ,

193 1630 465 1714 praestantissimi
487 1630 587 1713 ipsius
608 1628 733 1695 Valerii
754 1628 838 1712 libri,
860 1651 982 1714 paucos
1005 1629 1163 1714 quosdam

191 1717 218 1778 si
242 1715 405 1798 exceperis
426 1715 525 1795 locos,
549 1715 681 1777 omnino
704 1734 860 1796 quaenam
888 1715 976 1778 illius
998 1714 1162 1798 epitomae

191 1800 326 1946 pntiqua
342 1798 501 1881 scriptura
515 1797 612 1861 fuerit
626 1798 843 1880 cognoscendi
860 1803 1054 1881 potestatem
1065 1799 1162 1864 nobis

208 1883 280 1948 ecit.

256 1967 368 2052 Longe
380 1966 444 2030 alia
458 1967 541 2032 ratio
557 1969 606 2031 est
620 1966 752 2030 alterius
768 1967 999 2050 epitomatoris,
1016 1967 1161 2034 hominis

190 2053 288 2136 plane
317 2051 432 2116 insulsi
461 2055 495 2116 et
522 2052 658 2131 indocti,
686 2053 776 2116 cuius
806 2052 888 2116 liber
909 2052 1088 2118 Vaticanus
1110 2057 1162 2119 tot

192 2142 225 2202 et
253 2137 353 2200 tantis
387 2137 511 2201 scribae
544 2136 704 2201 erroribus
737 2138 989 2202 commaculatus
1024 2141 1088 2219 est,
1122 2143 1161 2203 ut

191 2221 485 2370 {estimet
500 2221 639 2389 ,titt
659 2221 849 2370 tritt:
876 2222 1032 2371 tritt?
1044 2222 1160 2390 ptest*

190 2392 279 2455 hunc
312 2390 431 2454 librum
460 2395 533 2473 post
566 2392 653 2474 Aug.
677 2389 800 2453 Maium
826 2391 943 2454 iterum
977 2391 1159 2474 inspectum

191 2479 374 2539 excusserat
396 2475 448 2538 Du
470 2474 551 2539 Rieu
573 2481 607 2539 et
628 2477 758 2559 rogatus
781 2475 821 2539 ab
844 2474 975 2540 Halmio
991 2474 1160 2560 Augustus

191 2559 387 2637 Wilmanns,
412 2560 502 2623 cuius
525 2560 588 2624 uiri
610 2559 791 2623 doctissimi
812 2559 1060 2643 diligentissima
1082 2581 1159 2625 cura

193 2665 266 2709 cum
299 2645 474 2708 remisisset
504 2643 583 2708 mihi
614 2643 839 2708 necessitatem
872 2645 978 2727 ipsum
1014 2643 1159 2709 codicem

193 2730 299 2795 denuo
329 2729 550 2812 examinandi,
585 2728 663 2792 satis
691 2727 789 2792 habui
817 2727 938 2793 Halmii
969 2728 1158 2793 uarietatem

191 2815 368 2898 scripturae
391 2814 551 2898 integram
575 2814 762 2878 describere.
801 2813 1028 2878 constitueram
1052 2817 1159 2878 autem

192 2899 286 2963 initio
314 2897 474 2962 misellum
500 2919 576 2962 sane
603 2897 696 2961 illum
729 2898 918 2982 scriptorem
952 2897 1085 2963 omnino
1117 2898 1159 2962 ab

189 2985 251 3048 hac
277 3005 348 3047 mea
376 2983 516 3048 editione
539 2983 715 3061 secludere,
749 2983 937 3066 praesertim
967 3004 1039 3046 cum
1077 2983 1158 3047 duos

189 3073 317 3133 tantum
339 3067 461 3152 priores
477 3065 597 3132 Valerii
623 3067 722 3131 libros
744 3089 782 3130 ac
804 3067 893 3131 tertii
915 3067 1065 3150 exiguam
1087 3089 1158 3150 par-

192 3153 323 3218 ticulam
339 3152 571 3236 complectatur
585 3173 645 3216 nec
661 3174 815 3236 maguum
828 3153 946 3216 habeat
956 3156 1158 3216 momentum

192 3238 232 3301 ad
254 3238 487 3302 restituendum
503 3235 679 3302 Valerium.
708 3237 793 3321 quod
808 3259 849 3301 ne
863 3236 1003 3301 facerem
1020 3257 1159 3301 commo-

190 3325 308 3386 uerunt
336 3343 386 3386 me
414 3343 487 3387 cum
515 3342 626 3408 preces
654 3324 831 3388 amicorum
859 3320 1060 3410 quorundam
1088 3324 1158 3385 tum

190 3406 447 3472 doctissimorum
462 3407 640 3489 hominum,
654 3406 784 3487 Gertzii,
802 3405 991 3490 Eberhardi,
1003 3405 1033 3470 N
1037 3403 1157 3487 ovakii,

191 3492 327 3556 aliorum
357 3489 462 3555 studia
492 3513 595 3574 nuper
623 3492 657 3554 in
687 3490 886 3554 emendando
913 3491 975 3554 hoc
1004 3488 1158 3573 opusculo
