2606 3958
353 156 430 211 cnr.
449 155 516 223 1111,
536 155 599 210 axe.
617 159 632 220 s
652 162 675 210 a.
701 155 736 222 v,
755 156 769 216 s
789 161 862 210 1-4.
1028 159 1089 224 351

186 309 217 374 2.
254 307 292 372 P.
322 311 431 373 antem
465 306 573 392 Scipio
605 305 725 372 Nasica
755 311 887 392 togatae
924 310 1091 392 potentiae

11 411 24 430 ¹
122 393 335 458 clarissimum
368 393 494 474 lumen,
528 393 583 541 qui
616 392 729 457 consul
760 392 936 478 Iugurthae
969 393 1090 460 bellum

120 477 254 561 indixit,
283 478 339 560 qui
367 481 503 542 matrem
548 476 659 542 daeam
682 499 699 542 e
722 477 875 562 Phrygiis
898 477 1026 543 sedibus
1049 483 1089 544 ad

121 566 247 628 nostras
270 584 340 627 aras
362 563 516 646 focosque
538 563 732 646 migrantem
754 562 964 627 sanctissimis
986 565 1089 627 mani-

115 648 181 713 bus
218 650 357 731 excepit,
397 647 453 731 qui
494 646 613 711 multas
652 651 684 712 et
715 647 884 730 pestiferas
917 646 1116 713 seditioness

122 732 324 797 auctoritatis
345 753 422 796 suae
445 731 558 796 robore
581 734 756 815 oppressit,
783 753 845 816 quo
876 731 1022 815 principe
1044 754 1090 798 se·

11 855 14 872 .
121 820 218 885 natus
239 838 298 900 per
320 816 443 899 aliquot
465 837 567 880 annos
589 817 743 901 gloriatus
766 820 830 898 est,
854 837 926 880 cum
948 816 1090 881 aedilita-

121 906 188 966 tem
223 901 365 966 curulem
394 899 580 965 adulescens
612 904 736 984 peteret
765 921 961 985 manumque
988 903 1090 966 cuius·

122 985 196 1050 dam
239 987 358 1050 rustico
396 1007 492 1070 opere
535 985 682 1050 duratam
718 1008 808 1051 more
844 985 1089 1050 candidatorum

119 1070 265 1136 tenacius
287 1070 564 1154 adprehendisset,
586 1071 649 1134 ioci
663 1071 768 1154 gratia
790 1071 1002 1156 interrogauit
1017 1093 1088 1134 eum
1103 1093 1128 1132 10

121 1175 199 1220 num
223 1156 371 1220 manibus
400 1156 513 1220 solitus
536 1159 620 1220 esset
642 1155 816 1220 ambulare.
860 1156 946 1239 quod
969 1155 1090 1220 dictum

122 1261 141 1304 a
171 1239 453 1305 circumstantibus
489 1243 657 1323 exceptum
689 1239 730 1304 ad
763 1240 918 1324 populum
946 1242 1091 1306 manauit

11 1343 13 1352 ’
121 1345 312 1406 causamque
334 1325 481 1408 repulsae
505 1322 647 1407 Scipioni
670 1324 795 1390 attulit:
818 1346 928 1389 omnes
950 1346 1089 1408 namque

120 1411 260 1473 rusticae
282 1408 386 1472 tribus
408 1411 630 1492 paupertatem
653 1409 713 1474 sibi
736 1409 776 1473 ab
800 1430 836 1473 eo
865 1410 1089 1492 exprobratam

120 1493 301 1559 iudicantes
330 1493 412 1556 iram
441 1498 530 1557 suam
559 1493 710 1557 aduersus
733 1494 1000 1558 contumeliosam
1022 1495 1089 1557 eius
1104 1511 1129 1552 15

120 1578 343 1642 urbanitatem
377 1578 628 1642 destrinxerunt.
687 1577 789 1662 igitur
827 1578 940 1642 ciuitas
978 1581 1089 1643 nostra

120 1661 279 1728 nobilium
301 1663 455 1726 iuuenum
482 1663 615 1746 ingenia
643 1663 683 1727 ab
713 1662 887 1727 insolentia
908 1662 1089 1727 reuocando

11 1757 14 1784 ⁵
119 1767 256 1845 magnos
302 1751 335 1811 et
380 1747 474 1812 utiles
508 1747 594 1812 ciues
625 1747 706 1811 fecit
744 1747 983 1830 honoribusque
1021 1767 1089 1811 non

118 1830 273 1917 patendo
305 1853 358 1896 eos
399 1853 418 1896 a
449 1833 566 1897 scurris
596 1832 665 1916 peti
708 1831 850 1896 debitum
889 1831 1089 1896 auctoritatis

118 1916 244 2002 pondus
266 1917 391 1982 adiecit.
1102 1934 1128 1973 ec

183 2002 213 2066 3.
249 2001 367 2066 Nullus
396 2022 484 2066 error
511 2000 586 2066 talis
614 2000 649 2065 in
670 2001 707 2066 L.
730 2000 869 2065 Aemilio
892 1999 993 2065 Paulo
1015 2021 1088 2064 con-

119 2089 248 2170 spectus
271 2091 334 2166 est,
364 2087 420 2150 sed
448 2090 558 2150 tamen
587 2085 779 2169 aliquotiens
801 2086 921 2150 frustra
944 2086 1090 2151 consula-

119 2175 189 2237 tum
211 2171 323 2254 petiit,
346 2171 510 2256 idemque,
533 2192 605 2236 cum
628 2171 691 2235 iam
708 2192 857 2254 campum
871 2171 1008 2254 repulsis
1024 2171 1089 2235 suis

119 2255 310 2340 fatigasset,
334 2257 383 2320 bis
406 2256 517 2320 consul
540 2260 573 2320 et
595 2276 708 2320 censor
728 2256 834 2320 factus
857 2255 1089 2339 amplissimum

120 2342 218 2406 etiam
247 2341 417 2425 dignitatis
444 2340 582 2425 gradum
617 2340 767 2406 obtinuit.
818 2341 908 2404 cuius
935 2341 1087 2405 uirtutem
1102 2362 1128 2400 rs

28 2465 30 2470 ,
120 2425 257 2490 iniuriae
279 2448 346 2491 non
367 2425 550 2511 fregerunt,
573 2424 629 2490 aed
651 2429 821 2508 acuerunt,
845 2425 998 2508 quoniam
1021 2427 1088 2508 qui-

120 2511 193 2575 dem
214 2510 286 2594 ipsa
307 2514 386 2575 nota
408 2531 574 2576 accensam
590 2509 797 2592 cupiditatem
819 2511 934 2574 summi
957 2508 1089 2574 honoris

11 2651 13 2664 .
120 2595 336 2660 ardentiorem
366 2595 406 2659 ad
435 2595 564 2660 comitia
592 2594 724 2674 detulit,
752 2598 788 2657 ut
816 2593 985 2678 populum,
1015 2593 1089 2676 quia

119 2680 302 2746 nobilitatis
324 2678 493 2764 splendore
510 2683 541 2744 et
563 2679 664 2743 animi
686 2679 781 2743 bonis
796 2699 924 2743 mouere
946 2691 1012 2742 non
1034 2699 1089 2763 po·

119 2768 241 2848 tuerat,
263 2765 441 2849 pertinacia
463 2765 618 2829 uinceret.
1101 2785 1127 2824 ac

184 2850 216 2914 4.
246 2849 283 2925 Q.
300 2854 409 2914 autem
432 2848 607 2915 Caecilium
622 2846 789 2912 Metellum
811 2847 905 2932 pauci
928 2850 961 2912 et
974 2847 1089 2910 maesti

188 3007 203 3054 2
222 3000 272 3068 qui
288 3001 336 3067 A¹‚
356 3000 379 3054 is
398 3001 447 3069 qui
458 3002 498 3053 A²
507 3001 575 3056 Por.
590 3001 628 3069 l⁸
646 3000 741 3054 ideam
752 3000 812 3054 LA
824 3001 835 3123 q
847 2999 990 3068 phrygiois
1002 2998 1071 3052 LA¹
1080 3000 1090 3078 fl

120 3077 135 3127 7
155 3068 269 3138 aliquod
286 3070 324 3121 A¹
339 3070 377 3138 119
394 3085 472 3124 mere
490 3068 760 3138 A¹ll10tenacuius
778 3071 823 3138 (ue

120 3155 205 3194 causa
221 3137 290 3193 Por.
305 3138 315 3206 ΙΙ
330 3143 360 3190 11
380 3155 447 3190 num
466 3138 533 3203 LA,
553 3154 589 3191 an
606 3137 677 3191 Par.
696 3138 706 3206 Ι]
725 3143 755 3190 12
775 3067 1090 3197 circuiriuiiiitaiiitibioGL1

11 3247 15 3260 .
118 3209 147 3261 A
159 3209 169 3276 ΙΙ
177 3213 214 3286 ,14
233 3205 403 3275 exprobratu
423 3205 461 3259 L¹
482 3207 492 3275 ss
515 3211 546 3260 16
565 3205 762 3259 destinxerunt
778 3205 818 3257 A¹
831 3205 841 3273 ss
862 3209 893 3257 19
911 3203 1011 3256 scurris
1031 3203 1089 3256 Oli·

119 3290 216 3329 aeraue
234 3279 258 3328 et
278 3274 361 3330 Gertz
374 3289 406 3341 p.
418 3275 483 3342 288,
508 3272 609 3327 securis
628 3272 686 3325 LA
704 3271 791 3326 Halm
812 3273 822 3340 l
843 3276 876 3324 22
895 3270 1044 3340 aliquoties
1062 3271 1089 3324 L

119 3341 167 3402 A¹‚
186 3347 218 3396 at
235 3356 286 3396 noa
302 3343 374 3396 Par.
389 3343 399 3410 ll
412 3348 445 3396 23
462 3342 537 3410 petit
555 3341 695 3409 LA11124
714 3355 812 3394 censor
829 3340 868 3392 Α2
879 3339 960 3405 Par,
979 3353 1090 3392 consors

119 3409 191 3462 LA¹
204 3409 214 3478 ΙΙ
226 3409 316 3464 factus
336 3411 405 3464 (ΞΑ2
417 3411 427 3478 ΙΙ
449 3415 481 3464 25
500 3410 636 3463 uirtutem
648 3407 829 3476 -quoniam
847 3421 899 3462 om.
918 3407 945 3461 L
967 3408 977 3476 ΙΙ
998 3413 1030 3461 28
1049 3423 1092 3461 ar·

120 3476 219 3530 dentisi
231 3478 261 3531 re
275 3477 335 3556 11111
349 3485 381 3556 29
400 3478 501 3531 animis
520 3481 543 3545 (s
561 3479 624 3531 na2
641 3477 821 3545 ampsanctum)
840 3477 921 3532 bonis
933 3475 971 3546 L,
990 3475 1090 3529 animis

14 3605 24 3619 μ
119 3543 189 3598 boni
205 3546 254 3612 A¹,
274 3561 361 3599 ammi
380 3546 424 3600 sui
441 3545 508 3601 boni
526 3546 565 3599 A²
