2562 3950
160 176 230 235 LIB.
240 177 302 236 1111.
322 177 398 235 CAP.
407 182 433 247 8,
443 183 468 232 4.
476 183 500 234 5.
519 177 648 242 Exim.
673 177 782 234 LIB.V.
802 179 880 236 CAP.
890 186 945 245 1,1.
988 180 1049 246 521

66 335 281 414 quinquagies
304 336 476 397 sestertium
503 336 535 397 in
562 337 682 396 faenore
704 336 840 414 haberet,
866 337 947 416 exigi
973 336 1005 397 id
1034 357 1052 398 a

68 420 269 482 debitoribus
291 422 398 482 uetuit.
628 425 632 432 '
1022 489 1025 492 .

143 504 281 580 Populus
299 505 450 566 Romanus
472 504 577 566 Asiam
604 505 685 566 bello
713 507 831 582 captam
853 504 956 567 Attalo
984 508 1050 584 regi
1068 516 1085 565 4

71 590 218 649 muneris
239 591 305 650 loco
326 590 539 666 possidendam
562 590 653 650 dedit
1124 608 1132 626 ·

35 691 54 731 5
145 673 288 751 Philippo
303 675 500 736 Macedonum
522 693 592 753 rege
615 677 768 751 superato,
791 693 858 734 cum
877 674 916 735 ad
931 674 1085 735 Isthmi-5

69 776 148 818 oum
184 760 388 834 spectaculum
420 761 486 820 tota
516 758 640 822 Graecia
674 760 877 837 conuenisset,
912 759 1051 832 Quintius

71 842 271 903 Flamininus
293 844 457 919 imperator
477 863 531 920 per
552 863 729 919 praeconem
750 843 870 904 silentio
886 844 965 904 facto
980 843 1052 903 haec

70 926 175 988 uerba
196 928 316 988 recitari
337 929 442 989 iussit:
467 928 516 988 (Β.
539 929 574 987 Ρ.
598 928 633 1000 Q.
655 929 692 989 R.
716 932 747 988 et
769 929 805 987 T.
822 928 960 999 Quintius
981 929 1051 986 Fla·

71 1011 216 1072 mininus
237 1013 399 1088 imperator
421 1031 524 1073 omnes
536 1011 677 1076 Graeciae
698 1013 797 1086 arbee,
821 1031 897 1089 quae
920 1012 975 1072 sub
996 1013 1049 1071 im·

18 1115 60 1157 no
75 1096 165 1173 perio
188 1096 322 1173 Philippi
343 1100 445 1175 erant,
473 1113 537 1158 esse
560 1099 708 1158 immunes
730 1097 815 1157 iubet
823 1099 843 1158 ’.
887 1097 1051 1174 posthaec

18 1175 20 1180 ’
73 1183 184 1242 tantus
207 1184 253 1242 est
274 1182 385 1242 clamor
406 1181 513 1254 factus,
537 1186 572 1241 ut
593 1201 674 1256 aues,
698 1200 774 1258 quae
789 1182 867 1243 forte
882 1181 1051 1260 superuola-

74 1265 172 1337 bant,
195 1268 340 1341 pauentes
362 1265 507 1326 decidisse
530 1266 676 1328 dicantur.

18 1405 20 1414 ,
144 1349 238 1410 Hiero
261 1350 464 1427 Syracusanus
487 1350 589 1411 audita
610 1351 702 1428 clade,
725 1369 786 1427 qua
806 1350 934 1411 Romam
955 1350 1037 1424 apud
1045 1355 1102 1396 1⁶¹²·

18 1433 20 1440 '
77 1433 344 1512 Thrasymennum
358 1439 445 1496 erant
467 1435 596 1507 adflicti,
620 1437 674 1494 οἷο
695 1435 830 1494 modium
852 1434 946 1495 tritici
967 1434 1051 1494 misit

19 1521 112 1578 ,15111
127 1518 271 1578 ducenta
300 1518 403 1579 hordei
432 1524 458 1580 et
480 1519 647 1580 Victoriam
669 1536 790 1578 auream
812 1518 968 1596 expendo
992 1534 1050 1580 cca

18 1603 20 1678 g
79 1602 202 1662 iactam.
537 1648 540 1653 -

18 1687 20 1766 ζ
98 1753 102 1762 ,
132 1685 258 1758 ,Callias
272 1686 491 1765 Agrigentinus
513 1690 575 1747 tam
597 1687 733 1748 liberalis
756 1687 823 1760 fnit,
845 1689 882 1746 ut
902 1687 1050 1762 populum
1068 1694 1084 1744 2

18 1771 19 1782 ¹
81 1770 165 1831 domi
187 1790 257 1832 suae
278 1772 451 1848 frequenter
472 1775 625 1848 pasceret,
648 1772 745 1832 multa
760 1771 895 1846 donaret,
917 1771 1051 1830 uolentes

18 1855 20 1932 ᾗ
82 1855 115 1916 in
137 1856 252 1933 regiam
274 1874 358 1916 suem
381 1856 570 1929 admitteret,
598 1856 699 1916 itaut
722 1856 803 1933 quod
826 1855 935 1916 Callias
956 1855 1052 1931 possi-

18 1941 71 2001 ‘ao
84 1940 169 2001 deret
191 1942 323 2001 omnium
346 1959 502 2003 commune
524 1942 736 2018 patrimonium
759 1944 848 2002 esset.

463 2176 668 2186 ..----

393 2337 524 2404 LIBER
546 2338 746 2416 QVINTVS.

222 2478 276 2539 DE
299 2477 574 2540 HVMANITATE
597 2479 648 2538 ET
671 2477 916 2540 CLEMENTIA.

151 2580 369 2658 Sentinatem
385 2579 677 2659 Carthaginiensium
692 2580 785 2658 legati
800 2579 837 2639 ad
851 2579 1040 2640 redimendos
1059 2583 1102 2651 1,1

88 2666 218 2742 captiuos
240 2666 271 2732 in
294 2664 398 2724 urbem
420 2666 584 2739 uenissent,
606 2664 744 2741 protinus
766 2665 809 2724 eis
830 2664 914 2723 nulla
928 2664 1053 2740 pecunia

51 2769 79 2812 aa
92 2752 207 2826 accepta
221 2749 353 2810 reddidit
366 2767 527 2808 numerum·
537 2766 576 2809 00
588 2765 627 2808 00
638 2766 768 2810 nooxnrr
784 2748 940 2825 explentis.
972 2747 1052 2807 idem

91 2837 206 2896 senatus
229 2833 397 2912 Syphacem
430 2833 589 2910 Numidiae
621 2852 723 2911 regem
756 2832 910 2908 captiuum
939 2832 972 2891 in
1005 2851 1053 2893 cu·

90 2918 183 2979 stodia
211 2921 364 2978 mortuum
386 2916 492 2977 Tiburi
514 2918 635 2994 publico
658 2917 762 2977 funere
785 2917 902 2977 censuit
923 2917 1052 2977 ecferen-

91 3002 166 3062 dum.
209 3002 302 3076 idem,
326 3021 394 3062 cum
415 3001 522 3063 Perses
544 3022 597 3063 rex
617 3005 721 3078 eaptus
743 3001 840 3062 Albae
861 3001 893 3062 in
915 3001 1053 3062 custodia

92 3085 270 3162 decessisset,
293 3088 462 3163 praetorem
482 3087 573 3161 misit,
598 3087 651 3163 qui
672 3085 825 3163 publicum
847 3086 874 3145 ei
896 3085 986 3146 funus
1001 3104 1052 3161 pa

52 3175 172 3237 conaret.
197 3203 236 3214 -
265 3170 408 3232 Confecto
431 3170 620 3233 Macedonico
650 3171 730 3231 bello
751 3169 950 3247 Musophanes
971 3169 1052 3230 filius

153 3357 168 3406 1
188 3351 352 3406 Isthmicum
374 3363 426 3405 noe
443 3355 469 3408 et
488 3350 593 3408 Gertz*
616 3367 631 3406 e
651 3350 720 3417 Vct,
746 3349 777 3404 id
794 3350 854 3404 tam
871 3349 975 3403 mirum
992 3348 1051 3404 cod.

91 3419 192 3542 Halm?
205 3425 240 3474 14
255 3418 393 3487 modium]
412 3412 442 3471 rh
457 3421 467 3489 1
481 3425 513 3476 15
529 3418 631 3474 hordei
648 3418 798 3474 uictoriam
811 3419 822 3486 1
833 3417 939 3488 pondo]
959 3417 1002 3487 pt!
1021 3421 1053 3472 18

93 3504 178 3542 oomu
189 3488 225 3543 tis
236 3487 344 3542 multa?
357 3487 367 3556 ΙΙ
380 3487 518 3558 uolentes]
530 3487 595 3552 fort.
605 3485 752 3542 uenientes
763 3485 864 3541 Gens*
877 3487 887 3556 ΙΙ
900 3490 933 3540 16
946 3503 1053 3542 nccxav

93 3554 170 3625 1111111
182 3561 217 3613 19
235 3557 317 3612 immo
336 3557 516 3624 quaestorem
535 3570 596 3611 eum
617 3554 678 3610 Vct.
693 3556 704 3624 ΙΙ
716 3557 835 3624 pareret
851 3559 915 3613 m.1
