2550 3958
338 168 406 223 Lis.
425 169 474 223 111.
510 169 586 223 OAP.
605 175 632 236 a,
653 176 760 224 re-es.
970 171 1033 235 503

133 327 164 390 C.
200 325 317 397 Caesar,
355 346 422 387 cum
455 325 650 387 multitudine
681 328 861 387 Neruiorum
894 327 1032 388 inclinari
1053 336 1084 386 19

65 414 158 472 aciem
188 431 271 473 suam
299 412 429 488 uideret,
464 411 553 471 militi
582 412 717 471 timidius
745 411 893 489 pugnanti
916 418 1032 473 scutum

66 497 170 573 rapuit
192 499 223 556 et
246 497 363 556 fortiter
384 496 546 571 proeliatus
569 496 662 556 aciem
684 497 827 556 restituit.
870 496 949 556 idem
973 499 1032 557 alio

66 582 180 657 proelio
212 581 339 658 legionis
372 580 498 640 Martiae
531 580 722 656 aquiliferum
759 581 905 641 ineundae
943 582 1033 659 fugae

24 681 50 738 ¹a
67 666 166 741 gratia
194 666 253 724 iam
281 682 456 725 conuersum
483 665 618 726 faucibus
646 665 879 740 conprehensum
907 666 939 724 in
962 683 1031 726 ocn-

24 759 25 828 ζ
68 751 189 809 tretium
212 751 327 826 partem
351 749 481 810 retorsit.

24 829 25 852 *
131 832 206 894 Cum
232 834 383 894 Hannibal
407 832 551 908 Capuam,
587 853 676 910 quam
704 833 854 894 Romanus
885 836 1032 895 exercitus
1051 841 1085 890 20

67 917 233 994 obsederat
258 918 438 995 defenderet,
451 916 558 976 Vibius
573 919 704 990 Accaus,
727 918 887 995 Paelignae
902 919 1032 979 cohortis

66 1002 252 1078 praefectus,
276 1002 419 1062 uexillum
441 1006 523 1062 trans
539 1002 685 1062 Punicum
707 1003 820 1062 uallum
842 1004 976 1080 proiecit,
1000 1023 1031 1065 se

26 1105 49 1141 ro
65 1089 166 1161 ipsum
194 1087 476 1162 conmilitoneaque,
510 1087 535 1146 si
563 1088 653 1162 potiti
680 1091 781 1148 essent
809 1086 909 1147 hostes
936 1089 1031 1164 signo,

65 1174 245 1231 exsecratus.
289 1172 368 1247 quod
397 1175 431 1229 ut
452 1170 589 1230 Valerius
616 1172 741 1231 Flaccos
771 1173 877 1232 tertiae
904 1172 1031 1248 legionis

24 1249 25 1284 ³
64 1255 205 1317 tribunus
227 1255 320 1324 uidit,
344 1255 481 1314 imitatus
503 1256 670 1330 exemplum
692 1259 748 1319 est.
782 1256 862 1315 idem
883 1255 1032 1316 Pedanius

64 1340 201 1399 centurio
230 1339 313 1398 iacit.
356 1339 493 1415 protinus
521 1339 615 1416 igitur
637 1343 733 1399 castra
754 1340 921 1399 Poenorum
945 1346 1032 1416 capta

24 1427 25 1454 ³
64 1424 145 1482 sunt.

24 1503 50 1562 rs
132 1505 166 1575 Q.
184 1505 299 1580 Oooius,
322 1507 373 1583 qui
394 1510 517 1583 propter
539 1507 745 1567 fortitudinem
769 1507 899 1567 Achilles
922 1527 1030 1585 eogno-
1050 1515 1080 1563 21

24 1585 26 1622 ἶ
64 1591 198 1651 minatus
227 1593 287 1664 est,
317 1591 371 1651 sub
395 1590 430 1660 Q.
454 1591 575 1650 Metello
604 1609 664 1651 eos.
687 1590 805 1667 legatus
831 1593 863 1650 in
885 1592 1033 1668 Hispania

24 1697 25 1704 ¹
64 1675 217 1753 militans,
251 1694 317 1734 oum
341 1676 531 1751 cognouisset
554 1694 584 1735 se
607 1694 624 1734 a
645 1675 773 1751 quodam
796 1675 942 1736 Celtibero
963 1695 1031 1754 pro·

24 1757 26 1794 ¹
64 1762 221 1833 uocatum,
237 1760 343 1819 relicta
358 1777 459 1820 mensa
473 1792 516 1802 —
530 1759 606 1819 forte
622 1760 701 1818 enim
716 1760 883 1835 prandebat
900 1793 937 1804 -
954 1763 1032 1822 clam

25 1845 26 1876 ³
65 1844 187 1904 Metello
221 1845 443 1920 obequitantem
478 1842 661 1903 celtiberum
695 1849 881 1905 consectatus
914 1846 1031 1907 occidit.

27 1931 174 1988 scitorum
205 1947 222 1987 a
250 1929 379 2005 quodam
406 1931 601 2006 prouocatus,
636 1947 703 1989 cum
733 1947 800 1988 eum
822 1930 948 2007 genibus
970 1931 1031 1991 suis

24 2013 27 2050 ¹
65 2011 250 2087 subiecisset,
274 2015 373 2091 coegit
395 2014 532 2090 sagulum
555 2015 585 2072 et
607 2014 742 2090 gladium
764 2013 821 2074 sibi
843 2017 969 2090 utroque
984 2035 1031 2076 ex·

25 2097 26 2134 ³
65 2097 160 2156 ercitu
184 2099 336 2173 spectante
358 2098 485 2157 tradere.

25 2189 26 2210 ³
128 2179 246 2241 Acilius
268 2180 398 2241 decimae
419 2182 546 2259 legionis
568 2183 654 2242 miles
683 2201 738 2257 pro
761 2181 794 2242 O.
810 2181 944 2243 Caesaris
966 2202 1031 2259 pcr-
1049 2193 1081 2242 22

25 2297 26 2300 =
67 2263 152 2323 tibus
174 2283 312 2342 pugnans
334 2266 485 2325 maritimo
506 2266 620 2342 proelio
642 2267 757 2326 abscisa
779 2267 912 2344 dextera,
941 2286 1031 2343 quam

25 2351 51 2404 'ss
68 2349 301 2408 Massiliensium
323 2351 393 2409 naui
415 2350 570 2426 iniecerat,
592 2351 678 2410 laeua
693 2351 820 2426 puppim
835 2351 1032 2426 adprehendit

25 2437 26 2468 ³
63 2450 120 2494 nee
142 2435 211 2492 ante
227 2433 368 2492 dimicare
383 2433 500 2493 destitit
515 2453 604 2509 quam
620 2439 736 2511 captam
752 2434 900 2510 profundo
916 2438 1030 2496 mersit.

25 2523 26 2532 ’
131 2514 252 2577 Caesius
274 2516 388 2576 Scaeua
415 2517 546 2576 eiusdem
571 2518 762 2594 imperatoris
785 2517 934 2592 centurio,
964 2540 1031 2579 eum
1049 2530 1082 2578 23

25 2607 26 2640 ³
64 2620 121 2678 pro
145 2619 179 2659 eo
203 2601 338 2678 castello,
362 2602 409 2661 eui
431 2603 619 2677 praepositus
634 2606 713 2675 erat,
737 2602 905 2675 dimicaret,
930 2606 960 2662 et
975 2602 1030 2663 Cn.

65 2686 189 2761 Pompei
217 2685 385 2761 praefectus
407 2685 571 2745 Iustuleius
598 2705 715 2746 summo
740 2687 840 2746 studio
863 2688 899 2745 ad
921 2692 940 2759 †
962 2707 1029 2747 eum

25 2775 50 2826 ao
64 2771 241 2846 capiendum
256 2771 411 2843 niteretur,
436 2770 582 2842 omnibus,
598 2771 649 2845 qui
664 2789 756 2847 prope
772 2775 964 2850 accesserant,
986 2773 1029 2830 in-

64 2855 221 2930 teremptis
248 2855 374 2914 conruit.
419 2857 536 2914 scutum
563 2855 627 2913 eius
649 2873 711 2915 cxx
732 2856 842 2916 ictibus
863 2856 1029 2931 perfossum

25 2943 26 2946 ’
63 2939 219 3014 apparuit,
253 2940 316 3014 ipse
346 2939 519 2999 interuentu
546 2940 785 3000 commilitonum
812 2944 957 3000 seruatus.
987 2971 1028 2984 -

25 3057 26 3060 =
63 3025 157 3096 Idem,
186 3041 253 3082 cum
276 3021 309 3083 O.
333 3022 457 3083 (laesere
478 3023 666 3082 Britanniam
695 3027 889 3102 oppugnante
911 3029 975 3085 rate
998 3026 1030 3084 in

135 3209 146 3255 1
167 3201 269 3257 Caesar
287 3218 337 3257 om.
356 3203 366 3272 11
383 3205 551 3271 seruoruml
568 3210 584 3259 8
602 3204 752 3258 obsederat
770 3203 937 3258 defenderat
953 3221 990 3262 m.
1003 3209 1029 3272 1,

63 3271 159 3325 arsendi
183 3276 251 3324 uoto
273 3272 436 3339 praeposito
461 3272 543 3324 tmrno
565 3270 749 3336 defendebat,
773 3271 916 3325 obsideret
934 3272 1029 3327 Halm.

63 3357 92 3392 o.
113 3338 152 3393 od
172 3337 233 3392 Vol.
259 3339 269 3406 11
294 3344 308 3392 9
327 3338 446 3408 uallum]
467 3338 573 3392 bellum
586 3340 596 3407 11
617 3345 644 3390 11
666 3343 825 3393 exsecratus
845 3340 938 3407 (prior
955 3357 967 3394 s
984 3341 1029 3394 ia-

62 3406 174 3474 (11111111
190 3412 219 3458 19
238 3405 463 3474 obsequitentem
478 3407 533 3475 119
550 3406 699 3460 iustuletua
716 3407 773 3464 cod.
782 3427 792 3474 ;
810 3413 840 3461 at
852 3424 879 3462 u.
894 3407 1003 3464 udVal.
1016 3409 1026 3478 11

64 3489 128 3526 eum
146 3474 187 3527 etc
208 3472 270 3528 Vol.
288 3489 407 3543 quoque,
431 3475 521 3528 locum
540 3473 673 3529 Foertsct
690 3475 712 3528 Ι
725 3477 745 3528 2
762 3475 848 3530 Halm
861 3477 870 3546 1
883 3482 916 3532 33
934 3493 1030 3533 caesar

65 3543 91 3611 (r
107 3557 128 3595 s.
150 3541 180 3609 l.)
192 3571 221 3580 -
233 3557 398 3612 oppugnans
417 3541 484 3609 cod,
505 3558 553 3596 cm.
572 3541 637 3596 Mat
