2540 3950
490 154 528 209 VI
546 162 561 211 3
574 185 604 196 -
615 154 669 211 V11
687 161 711 210 6.
1019 156 1082 221 599

115 312 190 386 †sit
212 313 307 390 capite
329 331 404 388 apex
426 313 561 372 flammae
584 331 699 372 summo
723 313 852 375 emicuit.
881 316 986 388 postea
1009 313 1081 373 ceci·
1095 325 1209 368 reuma

116 399 163 457 dit
184 398 315 457 bostium
337 398 419 456 milia
441 414 551 458 xxxvu
566 397 770 474 plurimosque
786 399 872 473 oepit.
902 397 1009 457 dehinc
1022 399 1080 457 Pu·

116 481 192 543 nicis
214 483 319 542 eastris
340 483 455 557 potitus
478 484 532 542 est.
1019 520 1023 528 ι

182 568 212 625 3.
247 565 357 641 Scipio,
380 569 415 625 ut
437 567 469 626 in
490 565 663 626 Africanam
685 571 796 626 terram
819 565 981 638 descendit,
1005 567 1079 626 ceci·
1094 578 1199 619 orn-Val-

88 651 171 711 odit
206 651 261 711 hoc
283 651 396 710 factum
417 656 545 726 pauente
567 653 697 712 exercitu
720 651 896 711 exclamauit
919 653 1017 710 ‘teneo
1041 655 1080 724 te,

117 739 199 794 terra
219 734 344 808 Africa’‚
367 738 398 794 et
420 737 501 795 uicit.

182 821 212 879 4:
242 819 326 878 Sulla
347 822 451 879 contra
466 819 615 880 Samnites
637 839 743 897 gerens
766 821 876 880 bellum
899 819 978 878 inter
993 821 1079 879 sacri·
1099 828 1151 890 6,4

118 904 268 964 ficaudum
289 905 326 963 ad
349 904 502 963 sinistram
525 910 694 981 serpentem
712 905 798 969 uidit.
821 922 890 963 mox
906 904 1082 963 adhortante

117 989 274 1049 Postumio
297 990 433 1063 aruspice
456 990 598 1065 produxit
620 991 781 1049 exereitum
804 992 834 1048 et
855 989 937 1048 uicit.

76 1089 105 1128 io
184 1075 213 1132 5.
251 1073 310 1132 Bos
336 1073 439 1133 locuta
465 1075 575 1133 Romee
602 1077 649 1134 est
676 1073 708 1136 0.
731 1073 890 1132 Volumnio
919 1076 950 1133 et
977 1071 1081 1132 Seruio
1100 1081 1150 1140 6‚5
1200 1081 1205 1090 '

119 1157 253 1234 Sulpicio
277 1175 373 1217 conss.
398 1177 500 1218 earnes
522 1159 612 1218 etiam
634 1159 714 1218 caelo
737 1158 839 1233 lapsae
854 1161 932 1231 sunt,
957 1176 1083 1234 querum

119 1261 188 1319 pars
211 1243 248 1300 ab
264 1242 370 1302 auibus
385 1243 553 1319 intercepta
567 1245 622 1318 est,
645 1261 713 1319 pars
727 1243 900 1318 incorrupta
915 1243 967 1301 diu
981 1242 1081 1301 iacuit.

117 1346 177 1402 quo
200 1345 278 1386 anno
300 1328 404 1404 grauia
425 1327 508 1386 fuere
530 1328 618 1388 bella.

184 1413 212 1470 6.
249 1411 327 1469 Item
355 1413 492 1487 sequenti
519 1412 652 1471 tumultu
679 1412 777 1471 infans
806 1430 856 1471 sex
883 1411 1029 1470 meusium
1052 1412 1083 1470 in
1101 1419 1152 1479 do

80 1497 224 1556 rubuario
247 1496 312 1555 foro
335 1496 520 1572 triumphum
542 1497 684 1556 clamauit
698 1501 716 1568 †
731 1496 911 1572 quieuitque.
955 1499 1020 1555 tum
1041 1497 1085 1556 in-

119 1582 185 1641 fans
208 1581 283 1639 ulter
304 1584 393 1640 natus
416 1582 462 1641 est
484 1582 580 1658 capite
602 1582 803 1657 elephantino.
848 1581 942 1639 imbre
965 1581 1083 1640 saxatili

118 1666 227 1724 Picena
254 1666 337 1741 regio
367 1664 532 1729 uerberato.
575 1666 607 1725 in
635 1665 733 1724 Gallia
761 1664 872 1725 eisdem
898 1665 1083 1741 temporibus

118 1749 207 1826 lupus
231 1768 247 1808 e
269 1750 379 1827 uagina
400 1750 534 1827 gladium
557 1751 681 1810 sustulit
701 1751 798 1826 uigili.
827 1753 899 1809 tunc
921 1752 951 1809 et
966 1751 1084 1827 sangui-

119 1853 188 1894 nem
220 1835 279 1893 duo
314 1838 396 1894 scuta
427 1834 458 1892 in
487 1834 626 1894 Sardinia
654 1834 807 1897 sudarunt.
853 1834 942 1910 apud·
960 1834 1085 1893 Antium

79 1939 106 1978 ao
120 1937 238 1995 quoque
259 1937 404 1979 messores
428 1920 665 1996 sanguinolentis
688 1919 777 1995 spicis
798 1918 960 1994 impleuere
983 1917 1084 1980 corbes

121 2008 151 2064 ct
172 2003 292 2080 pluuias
315 2004 491 2064 deciderunt
506 2008 654 2064 cruentae.
688 2003 780 2066 Gnaei
795 2003 922 2062 Domitii
936 2002 989 2063 bos
1006 2003 1084 2063 bollo

120 2088 233 2148 Punico
256 2089 384 2148 secundo
407 2089 521 2148 sonuit:
546 2091 628 2149 ‘caue
650 2089 715 2162 tibi,
738 2088 854 2147 Roma'.

186 2175 215 2232 7.
253 2171 288 2235 G.
311 2172 477 2232 Flaminius
505 2175 609 2234 consul
631 2174 694 2233 sine
717 2173 856 2248 auspiciis
879 2174 995 2232 creatus
1018 2191 1085 2232 oon·
1103 2181 1153 2238 6,6

120 2257 314 2332 dicturusque
343 2275 409 2315 oum
431 2256 582 2316 Annibale
610 2258 645 2316 ad
669 2260 766 2317 lacum
788 2258 993 2316 Trasimenum
1017 2277 1084 2317 cum

79 2359 195 2418 scoquo
224 2359 278 2401 suo
307 2342 421 2400 cecidit.
467 2345 497 2400 et
524 2361 590 2401 oum
618 2345 687 2418 post
714 2342 770 2402 hoc
799 2361 885 2401 omen
913 2342 978 2417 rapi
1000 2343 1086 2418 signa

121 2427 266 2504 iussisset,
282 2426 410 2485 conuelli
423 2445 608 2502 nequaquam
624 2430 796 2501 potueruut.
820 2427 946 2501 denique
958 2426 1084 2485 effodere

119 2529 154 2570 ea
176 2509 346 2587 imperauit.
380 2529 413 2570 eo
435 2512 548 2587 proelio
571 2529 654 2570 caasa
676 2515 747 2570 sunt
761 2510 964 2569 Romanorum
979 2530 1084 2583 mxv,

120 2598 206 2671 capta
229 2613 295 2672 sex,
325 2595 432 2670 reliqui
456 2595 598 2672 fugerunt
624 2616 664 2654 m.
687 2612 717 2654 x.
761 2596 825 2671 ipse
848 2595 950 2653 consul
973 2595 1085 2654 occisus

120 2683 175 2742 est.
204 2698 292 2755 quern
307 2698 373 2738 oum
384 2679 517 2739 Annibal
531 2680 649 2739 humari
663 2680 808 2751 iussisset,
825 2698 885 2738 non
899 2682 1083 2756 repererunt.

81 2779 107 2819 ao
185 2765 213 2824 8.
237 2764 393 2824 Mancinus
416 2765 519 2824 consul
542 2765 579 2823 ad
603 2764 780 2841 Hispaniam
802 2765 932 2824 directus
955 2769 1001 2823 est
1022 2764 1084 2823 bel·
1102 2771 1152 2832 qr

119 2849 181 2908 lum
205 2852 310 2909 contra
331 2849 535 2910 Numantinos
558 2852 688 2909 aeturus.
718 2869 785 2910 cum
800 2849 920 2909 Lauinii
942 2847 1085 2908 sacrifica-

189 3002 201 3048 1
221 2995 274 3065 ait]
294 2995 372 3048 cuius
390 2996 462 3058 Mul,
482 2998 512 3050 et
522 2997 592 3061 (abi
603 2997 686 3052 malis
698 2997 727 3050 et
739 2997 765 3064 e)
777 2995 871 3058 Halm,
882 2994 974 3047 subito
985 2993 1084 3048 Eberb.

120 3063 138 3120 l.
156 3077 188 3129 c,
205 3064 267 3116 tum
287 3062 391 3118 Gertz*
404 3067 414 3133 11
427 3081 551 3118 summus
569 3065 627 3122 cod.
641 3064 737 3129 Halm,
755 3080 804 3118 em.
824 3061 925 3115 Gertz*
939 3062 977 3128 12
996 3061 1084 3131 milia]

121 3136 168 3189 j.
183 3133 222 3199 113
240 3133 346 3200 pontus
363 3133 406 3186 est
418 3133 456 3202 117
475 3131 616 3187 contraria
633 3132 739 3186 aamtus
756 3132 766 3199 11
784 3138 799 3186 8
817 3130 893 3195 mox]
914 3135 942 3180 ffi
955 3129 993 3196 119
1012 3131 1087 3198 post-

119 3198 204 3252 homo
234 3198 356 3266 aruspioi
384 3202 394 3267 1
426 3207 456 3256 10
486 3199 516 3254 C.
543 3215 605 3263 uos,
635 3198 664 3257 L.
693 3198 750 3252 cod.
779 3197 866 3252 Halm
890 3197 899 3262 11
926 3202 957 3250 15
984 3196 1087 3250 elama-

120 3265 212 3319 mauit
234 3267 244 3333 1
269 3266 446 3344 quieuitque]
475 3267 508 3321 id
531 3283 581 3321 rico
597 3267 665 3320 Liu.
682 3265 829 3342 hebetum
850 3263 919 3342 Vol,
938 3264 1017 3386 ‘quid
1034 3265 1088 3319 sabi

120 3332 188 3388 uelit
199 3347 256 3386 noa
267 3335 397 3403 intellego
409 3337 419 3402 1
434 3341 465 3388 19
478 3334 591 3387 sardine
604 3337 613 3400 11
626 3339 659 3387 20
672 3332 895 3402 sanguinolentis
907 3346 937 3385 eo
959 3332 1062 3390 ,Halm
1075 3333 1084 3400 11

120 3401 229 3454 coruies
246 3401 256 3467 1
274 3406 304 3452 21
325 3401 403 3455 Clusi
421 3402 516 3455 domni
533 3402 543 3469 11
560 3407 593 3454 22
611 3400 723 3469 punicio
737 3402 746 3470 11
765 3416 843 3455 romo
856 3401 866 3467 11
879 3404 911 3452 26
930 3399 1087 3454 effoderent

119 3467 267 3522 Eberhard
285 3467 302 3525 l.
322 3485 345 3523 c.
363 3471 372 3536 11
390 3476 421 3522 27
441 3484 523 3523 caesa
540 3469 604 3522 Mai
622 3485 636 3522 e
657 3467 729 3536 Vae,
752 3468 813 3522 fusa
831 3467 889 3523 cod.
907 3469 917 3534 11
934 3484 970 3522 m.
989 3467 1086 3535 Hatra,

119 3537 198 3590 milia
215 3536 289 3605 Mat,
310 3555 353 3594 .n.
372 3538 430 3597 cod.
444 3540 498 3608 1128
516 3536 662 3606 fugierunt
683 3543 724 3596 nd.
738 3556 760 3596 x
