<?xml version="1.0" encoding="UTF-8"?>
<!DOCTYPE html PUBLIC "-//W3C//DTD XHTML 1.0 Transitional//EN"
    "http://www.w3.org/TR/xhtml1/DTD/xhtml1-transitional.dtd">
<html xmlns="http://www.w3.org/1999/xhtml" xml:lang="en" lang="en">
 <head>
  <title>
</title>
<meta http-equiv="Content-Type" content="text/html;charset=utf-8" />
  <meta name='ocr-system' content='tesseract 3.04.00' />
  <meta name='ocr-capabilities' content='ocr_page ocr_carea ocr_par ocr_line ocrx_word'/>
</head>
<body>
  <div class='ocr_page' id='page_1' title='image "./valeriimaximifa00nepogoog_0554.png"; bbox 0 0 2562 3950; ppageno 0'>
   <div class='ocr_carea' id='block_1_1' title="bbox 201 153 1043 237">
    <p class='ocr_par' dir='ltr' id='par_1_1' title="bbox 201 153 1043 237">
     <span class='ocr_line' id='line_1_1' title="bbox 201 153 1043 237; baseline 0.005 -15"><span class='ocrx_word' id='word_1_1' title='bbox 201 167 270 225; x_wconf 81' lang='lat' dir='ltr'><strong>nm.</strong></span> <span class='ocrx_word' id='word_1_2' title='bbox 287 168 348 229; x_wconf 85' lang='lat'><strong>1111.</strong></span> <span class='ocrx_word' id='word_1_3' title='bbox 378 169 457 226; x_wconf 79' lang='lat' dir='ltr'><strong>cns.</strong></span> <span class='ocrx_word' id='word_1_4' title='bbox 472 175 496 236; x_wconf 90' lang='lat'><strong>1,</strong></span> <span class='ocrx_word' id='word_1_5' title='bbox 516 168 667 228; x_wconf 63' lang='lat' dir='ltr'><strong>natu-e.</strong></span> <span class='ocrx_word' id='word_1_6' title='bbox 703 153 819 237; x_wconf 74' lang='lat' dir='ltr'><strong>clas,</strong></span> <span class='ocrx_word' id='word_1_7' title='bbox 834 175 908 228; x_wconf 82' lang='lat'><strong>1-4.</strong></span> <span class='ocrx_word' id='word_1_8' title='bbox 980 171 1043 236; x_wconf 83' lang='lat'><strong>513</strong></span> 
     </span>
    </p>
   </div>
   <div class='ocr_carea' id='block_1_2' title="bbox 31 325 1110 1924">
    <p class='ocr_par' dir='ltr' id='par_1_2' title="bbox 49 325 1079 573">
     <span class='ocr_line' id='line_1_2' title="bbox 111 325 1079 419; baseline 0.003 -34"><span class='ocrx_word' id='word_1_9' title='bbox 111 325 342 404; x_wconf 73' lang='lat' dir='ltr'><strong>‚Thrasybulus</strong></span> <span class='ocrx_word' id='word_1_10' title='bbox 358 325 560 402; x_wconf 79' lang='lat' dir='ltr'>Atheniensis,</span> <span class='ocrx_word' id='word_1_11' title='bbox 585 346 652 388; x_wconf 92' lang='lat' dir='ltr'><strong>cnm</strong></span> <span class='ocrx_word' id='word_1_12' title='bbox 675 327 805 404; x_wconf 83' lang='lat' dir='ltr'><strong>expulsis</strong></span> <span class='ocrx_word' id='word_1_13' title='bbox 827 343 889 386; x_wconf 84' lang='lat' dir='ltr'><strong>xxx</strong></span> <span class='ocrx_word' id='word_1_14' title='bbox 906 328 1042 398; x_wconf 85' lang='lat' dir='ltr'><strong>tyrannis</strong></span> <span class='ocrx_word' id='word_1_15' title='bbox 1061 371 1079 419; x_wconf 86' lang='lat'>4</span> 
     </span>
     <span class='ocr_line' id='line_1_3' title="bbox 49 411 1044 490; baseline 0 -17"><span class='ocrx_word' id='word_1_16' title='bbox 49 411 146 473; x_wconf 85' lang='lat' dir='ltr'><strong>ciues</strong></span> <span class='ocrx_word' id='word_1_17' title='bbox 172 412 207 471; x_wconf 90' lang='lat' dir='ltr'><strong>in</strong></span> <span class='ocrx_word' id='word_1_18' title='bbox 229 412 359 487; x_wconf 88' lang='lat' dir='ltr'><strong>patriam</strong></span> <span class='ocrx_word' id='word_1_19' title='bbox 380 411 560 488; x_wconf 88' lang='lat' dir='ltr'><strong>reduxisset,</strong></span> <span class='ocrx_word' id='word_1_20' title='bbox 587 411 780 488; x_wconf 78' lang='lat' dir='ltr'><strong>plebiscitum</strong></span> <span class='ocrx_word' id='word_1_21' title='bbox 800 413 975 490; x_wconf 78' lang='lat' dir='ltr'>proposuit,</span> <span class='ocrx_word' id='word_1_22' title='bbox 1006 431 1044 473; x_wconf 92' lang='lat' dir='ltr'><strong>ne</strong></span> 
     </span>
     <span class='ocr_line' id='line_1_4' title="bbox 54 496 974 573; baseline 0 -17"><span class='ocrx_word' id='word_1_23' title='bbox 54 515 125 573; x_wconf 89' lang='lat' dir='ltr'><strong>qua</strong></span> <span class='ocrx_word' id='word_1_24' title='bbox 150 497 388 570; x_wconf 86' lang='lat' dir='ltr'><strong>praeteritarum</strong></span> <span class='ocrx_word' id='word_1_25' title='bbox 409 514 510 556; x_wconf 91' lang='lat' dir='ltr'><strong>rerum</strong></span> <span class='ocrx_word' id='word_1_26' title='bbox 532 497 644 557; x_wconf 93' lang='lat' dir='ltr'><strong>mentio</strong></span> <span class='ocrx_word' id='word_1_27' title='bbox 666 496 760 556; x_wconf 87' lang='lat' dir='ltr'><strong>fieret.</strong></span> <span class='ocrx_word' id='word_1_28' title='bbox 971 497 974 502; x_wconf 78' lang='grc'>’</span> 
     </span>
    </p>

    <p class='ocr_par' dir='ltr' id='par_1_3' title="bbox 130 579 1110 658">
     <span class='ocr_line' id='line_1_5' title="bbox 130 579 1110 658; baseline 0.004 -18"><span class='ocrx_word' id='word_1_29' title='bbox 130 579 296 656; x_wconf 75' lang='lat' dir='ltr'><strong>Stasippus</strong></span> <span class='ocrx_word' id='word_1_30' title='bbox 325 580 469 657; x_wconf 79' lang='lat' dir='ltr'><strong>Tegeates</strong></span> <span class='ocrx_word' id='word_1_31' title='bbox 498 581 687 642; x_wconf 80' lang='lat' dir='ltr'><strong>hortantibus</strong></span> <span class='ocrx_word' id='word_1_32' title='bbox 721 580 824 641; x_wconf 89' lang='lat' dir='ltr'><strong>amicis</strong></span> <span class='ocrx_word' id='word_1_33' title='bbox 850 584 899 641; x_wconf 59' lang='lat' dir='ltr'><strong>ut*</strong></span> <span class='ocrx_word' id='word_1_34' title='bbox 917 589 1110 658; x_wconf 79' lang='lat' dir='ltr'><strong>grausmt.</strong></span> 
     </span>
    </p>

    <p class='ocr_par' dir='ltr' id='par_1_4' title="bbox 31 664 1069 912">
     <span class='ocr_line' id='line_1_6' title="bbox 31 664 1043 743; baseline 0.006 -23"><span class='ocrx_word' id='word_1_35' title='bbox 31 664 125 726; x_wconf 76' lang='lat' dir='ltr'><strong>ssibi</strong></span> <span class='ocrx_word' id='word_1_36' title='bbox 158 664 193 724; x_wconf 93' lang='lat' dir='ltr'><strong>in</strong></span> <span class='ocrx_word' id='word_1_37' title='bbox 222 664 480 726; x_wconf 76' lang='lat' dir='ltr'><strong>administratione</strong></span> <span class='ocrx_word' id='word_1_38' title='bbox 510 667 554 725; x_wconf 86' lang='lat' dir='ltr'><strong>rei</strong></span> <span class='ocrx_word' id='word_1_39' title='bbox 580 665 720 743; x_wconf 89' lang='lat' dir='ltr'><strong>publicae</strong></span> <span class='ocrx_word' id='word_1_40' title='bbox 747 665 896 726; x_wconf 90' lang='lat' dir='ltr'><strong>aemulum</strong></span> <span class='ocrx_word' id='word_1_41' title='bbox 924 665 1043 725; x_wconf 90' lang='lat' dir='ltr'><strong>tolleret</strong></span> 
     </span>
     <span class='ocr_line' id='line_1_7' title="bbox 55 748 1069 828; baseline 0 -19"><span class='ocrx_word' id='word_1_42' title='bbox 55 749 197 828; x_wconf 87' lang='lat' dir='ltr'><strong>negauit</strong></span> <span class='ocrx_word' id='word_1_43' title='bbox 219 768 251 810; x_wconf 90' lang='lat' dir='ltr'><strong>se</strong></span> <span class='ocrx_word' id='word_1_44' title='bbox 272 749 431 824; x_wconf 84' lang='lat' dir='ltr'><strong>facturum,</strong></span> <span class='ocrx_word' id='word_1_45' title='bbox 454 769 501 825; x_wconf 93' lang='lat' dir='ltr'><strong>ne,</strong></span> <span class='ocrx_word' id='word_1_46' title='bbox 525 769 615 826; x_wconf 91' lang='lat' dir='ltr'><strong>quem</strong></span> <span class='ocrx_word' id='word_1_47' title='bbox 638 750 770 826; x_wconf 87' lang='lat' dir='ltr'><strong>optimus</strong></span> <span class='ocrx_word' id='word_1_48' title='bbox 790 749 864 811; x_wconf 90' lang='lat' dir='ltr'><strong>cinis</strong></span> <span class='ocrx_word' id='word_1_49' title='bbox 879 748 978 809; x_wconf 91' lang='lat' dir='ltr'><strong>locum</strong></span> <span class='ocrx_word' id='word_1_50' title='bbox 993 750 1043 809; x_wconf 91' lang='lat' dir='ltr'><strong>cb·</strong></span> <span class='ocrx_word' id='word_1_51' title='bbox 1067 793 1069 798; x_wconf 86' lang='lat'>-</span> 
     </span>
     <span class='ocr_line' id='line_1_8' title="bbox 56 834 614 912; baseline 0.004 -19"><span class='ocrx_word' id='word_1_52' title='bbox 56 834 194 912; x_wconf 70' lang='lat' dir='ltr'><strong>‘cineret</strong></span> <span class='ocrx_word' id='word_1_53' title='bbox 217 853 286 894; x_wconf 92' lang='lat' dir='ltr'><strong>eum</strong></span> <span class='ocrx_word' id='word_1_54' title='bbox 307 834 404 893; x_wconf 90' lang='lat' dir='ltr'><strong>malus</strong></span> <span class='ocrx_word' id='word_1_55' title='bbox 427 838 614 910; x_wconf 86' lang='lat' dir='ltr'><strong>occuparet·</strong></span> 
     </span>
    </p>

    <p class='ocr_par' dir='ltr' id='par_1_5' title="bbox 131 917 1077 996">
     <span class='ocr_line' id='line_1_9' title="bbox 131 917 1077 996; baseline 0.001 -19"><span class='ocrx_word' id='word_1_56' title='bbox 131 917 270 978; x_wconf 88' lang='lat' dir='ltr'><strong>Pittacus</strong></span> <span class='ocrx_word' id='word_1_57' title='bbox 296 917 547 994; x_wconf 82' lang='lat' dir='ltr'><strong>Mitylenaeomm</strong></span> <span class='ocrx_word' id='word_1_58' title='bbox 574 923 720 996; x_wconf 85' lang='lat' dir='ltr'><strong>tyrannus</strong></span> <span class='ocrx_word' id='word_1_59' title='bbox 743 918 887 980; x_wconf 80' lang='lat' dir='ltr'><strong>Alcaeum</strong></span> <span class='ocrx_word' id='word_1_60' title='bbox 913 920 1077 994; x_wconf 75' lang='lat' dir='ltr'><strong>postumo</strong></span> 
     </span>
    </p>

    <p class='ocr_par' dir='ltr' id='par_1_6' title="bbox 31 1002 1042 1164">
     <span class='ocr_line' id='line_1_10' title="bbox 61 1002 1042 1082; baseline 0 -20"><span class='ocrx_word' id='word_1_61' title='bbox 61 1021 136 1062; x_wconf 90' lang='lat' dir='ltr'><strong>cnm</strong></span> <span class='ocrx_word' id='word_1_62' title='bbox 161 1004 244 1062; x_wconf 89' lang='lat' dir='ltr'><strong>esset</strong></span> <span class='ocrx_word' id='word_1_63' title='bbox 264 1002 389 1078; x_wconf 89' lang='lat' dir='ltr'><strong>adeptus</strong></span> <span class='ocrx_word' id='word_1_64' title='bbox 411 1003 617 1079; x_wconf 84' lang='lat' dir='ltr'><strong>tyrannidem,</strong></span> <span class='ocrx_word' id='word_1_65' title='bbox 639 1003 710 1082; x_wconf 90' lang='lat' dir='ltr'><strong>quid</strong></span> <span class='ocrx_word' id='word_1_66' title='bbox 734 1003 766 1063; x_wconf 93' lang='lat' dir='ltr'><strong>in</strong></span> <span class='ocrx_word' id='word_1_67' title='bbox 788 1005 822 1064; x_wconf 86' lang='lat' dir='ltr'><strong>eo</strong></span> <span class='ocrx_word' id='word_1_68' title='bbox 846 1004 1042 1081; x_wconf 87' lang='lat' dir='ltr'><strong>opprimendo</strong></span> 
     </span>
     <span class='ocr_line' id='line_1_11' title="bbox 31 1087 365 1164; baseline 0.012 -22"><span class='ocrx_word' id='word_1_69' title='bbox 31 1102 46 1142; x_wconf 91' lang='lat' dir='ltr'><strong>o</strong></span> <span class='ocrx_word' id='word_1_70' title='bbox 63 1088 177 1164; x_wconf 90' lang='lat' dir='ltr'><strong>posset</strong></span> <span class='ocrx_word' id='word_1_71' title='bbox 199 1087 365 1147; x_wconf 89' lang='lat' dir='ltr'><strong>admonuit.</strong></span> 
     </span>
    </p>

    <p class='ocr_par' dir='ltr' id='par_1_7' title="bbox 64 1170 1076 1502">
     <span class='ocr_line' id='line_1_12' title="bbox 132 1170 1076 1255; baseline 0.003 -25"><span class='ocrx_word' id='word_1_72' title='bbox 132 1170 304 1232; x_wconf 78' lang='lat' dir='ltr'><strong>Piscatores</strong></span> <span class='ocrx_word' id='word_1_73' title='bbox 326 1171 502 1247; x_wconf 84' lang='lat' dir='ltr'><strong>Mitylenaei</strong></span> <span class='ocrx_word' id='word_1_74' title='bbox 530 1171 562 1255; x_wconf 83' lang='lat' dir='ltr'><strong>in</strong></span> <span class='ocrx_word' id='word_1_75' title='bbox 592 1172 756 1233; x_wconf 89' lang='lat' dir='ltr'><strong>euerriculo</strong></span> <span class='ocrx_word' id='word_1_76' title='bbox 779 1173 901 1233; x_wconf 90' lang='lat' dir='ltr'><strong>ductam</strong></span> <span class='ocrx_word' id='word_1_77' title='bbox 923 1185 1076 1234; x_wconf 67' lang='lat' dir='ltr'><strong>auream?</strong></span> 
     </span>
     <span class='ocr_line' id='line_1_13' title="bbox 64 1255 1042 1332; baseline 0.001 -17"><span class='ocrx_word' id='word_1_78' title='bbox 64 1275 222 1332; x_wconf 88' lang='lat' dir='ltr'><strong>mensam,</strong></span> <span class='ocrx_word' id='word_1_79' title='bbox 251 1257 388 1316; x_wconf 88' lang='lat' dir='ltr'><strong>consulto</strong></span> <span class='ocrx_word' id='word_1_80' title='bbox 410 1255 551 1332; x_wconf 87' lang='lat' dir='ltr'><strong>Apolline</strong></span> <span class='ocrx_word' id='word_1_81' title='bbox 579 1275 646 1317; x_wconf 92' lang='lat' dir='ltr'><strong>cnm</strong></span> <span class='ocrx_word' id='word_1_82' title='bbox 668 1257 741 1316; x_wconf 89' lang='lat' dir='ltr'><strong>iussi</strong></span> <span class='ocrx_word' id='word_1_83' title='bbox 764 1261 863 1318; x_wconf 88' lang='lat' dir='ltr'><strong>essent</strong></span> <span class='ocrx_word' id='word_1_84' title='bbox 885 1258 955 1318; x_wconf 88' lang='lat' dir='ltr'><strong>dare</strong></span> <span class='ocrx_word' id='word_1_85' title='bbox 977 1276 1042 1317; x_wconf 89' lang='lat' dir='ltr'><strong>eam</strong></span> 
     </span>
     <span class='ocr_line' id='line_1_14' title="bbox 66 1340 1041 1415; baseline 0 -14"><span class='ocrx_word' id='word_1_86' title='bbox 66 1340 306 1415; x_wconf 83' lang='lat' dir='ltr'><strong>sapientissimo,</strong></span> <span class='ocrx_word' id='word_1_87' title='bbox 332 1340 480 1400; x_wconf 83' lang='lat' dir='ltr'><strong>dedemmt</strong></span> <span class='ocrx_word' id='word_1_88' title='bbox 500 1341 626 1402; x_wconf 82' lang='lat' dir='ltr'><strong>Thaleti.</strong></span> <span class='ocrx_word' id='word_1_89' title='bbox 660 1341 712 1401; x_wconf 91' lang='lat' dir='ltr'><strong>ille</strong></span> <span class='ocrx_word' id='word_1_90' title='bbox 726 1343 825 1401; x_wconf 56' lang='lat' dir='ltr'><strong>‘cessit</strong></span> <span class='ocrx_word' id='word_1_91' title='bbox 845 1360 912 1401; x_wconf 91' lang='lat' dir='ltr'><strong>eam</strong></span> <span class='ocrx_word' id='word_1_92' title='bbox 933 1343 1041 1414; x_wconf 89' lang='lat' dir='ltr'><strong>Bianti,</strong></span> 
     </span>
     <span class='ocr_line' id='line_1_15' title="bbox 66 1424 1044 1502; baseline 0.002 -19"><span class='ocrx_word' id='word_1_93' title='bbox 66 1425 120 1484; x_wconf 93' lang='lat' dir='ltr'><strong>hic</strong></span> <span class='ocrx_word' id='word_1_94' title='bbox 135 1424 266 1501; x_wconf 79' lang='lat' dir='ltr'><strong>Pittaco,</strong></span> <span class='ocrx_word' id='word_1_95' title='bbox 290 1424 383 1484; x_wconf 90' lang='lat' dir='ltr'><strong>donec</strong></span> <span class='ocrx_word' id='word_1_96' title='bbox 406 1424 443 1484; x_wconf 89' lang='lat' dir='ltr'><strong>ad</strong></span> <span class='ocrx_word' id='word_1_97' title='bbox 459 1424 782 1500; x_wconf 86' lang='lat' dir='ltr'><strong>Solonemueniretnr,</strong></span> <span class='ocrx_word' id='word_1_98' title='bbox 805 1425 857 1502; x_wconf 90' lang='lat' dir='ltr'><strong>qui</strong></span> <span class='ocrx_word' id='word_1_99' title='bbox 873 1444 937 1486; x_wconf 88' lang='lat' dir='ltr'><strong>eam</strong></span> <span class='ocrx_word' id='word_1_100' title='bbox 953 1425 1044 1501; x_wconf 83' lang='lat' dir='ltr'><strong>Apol·</strong></span> 
     </span>
    </p>

    <p class='ocr_par' dir='ltr' id='par_1_8' title="bbox 31 1508 657 1569">
     <span class='ocr_line' id='line_1_16' title="bbox 31 1508 657 1569; baseline 0.01 -7"><span class='ocrx_word' id='word_1_101' title='bbox 31 1521 55 1562; x_wconf 81' lang='lat' dir='ltr'><strong>ro</strong></span> <span class='ocrx_word' id='word_1_102' title='bbox 70 1509 127 1569; x_wconf 91' lang='lat' dir='ltr'><strong>lini</strong></span> <span class='ocrx_word' id='word_1_103' title='bbox 151 1508 310 1569; x_wconf 88' lang='lat' dir='ltr'><strong>dedicauit.</strong></span> <span class='ocrx_word' id='word_1_104' title='bbox 655 1563 657 1568; x_wconf 91' lang='lat'><strong>.</strong></span> 
     </span>
    </p>

    <p class='ocr_par' dir='ltr' id='par_1_9' title="bbox 136 1592 1077 1670">
     <span class='ocr_line' id='line_1_17' title="bbox 136 1592 1077 1670; baseline 0.002 -18"><span class='ocrx_word' id='word_1_105' title='bbox 136 1593 303 1654; x_wconf 78' lang='lat' dir='ltr'><strong>Antiochus</strong></span> <span class='ocrx_word' id='word_1_106' title='bbox 325 1612 343 1653; x_wconf 88' lang='lat' dir='ltr'><strong>a</strong></span> <span class='ocrx_word' id='word_1_107' title='bbox 365 1593 401 1652; x_wconf 87' lang='lat' dir='ltr'><strong>L.</strong></span> <span class='ocrx_word' id='word_1_108' title='bbox 417 1592 555 1670; x_wconf 86' lang='lat' dir='ltr'><strong>Scipione</strong></span> <span class='ocrx_word' id='word_1_109' title='bbox 577 1594 658 1653; x_wconf 88' lang='lat' dir='ltr'><strong>ultra</strong></span> <span class='ocrx_word' id='word_1_110' title='bbox 680 1594 812 1653; x_wconf 82' lang='lat' dir='ltr'><strong>Taurum</strong></span> <span class='ocrx_word' id='word_1_111' title='bbox 833 1596 966 1658; x_wconf 90' lang='lat' dir='ltr'><strong>montem</strong></span> <span class='ocrx_word' id='word_1_112' title='bbox 988 1594 1042 1653; x_wconf 92' lang='lat' dir='ltr'><strong>im·</strong></span> <span class='ocrx_word' id='word_1_113' title='bbox 1061 1605 1077 1654; x_wconf 78' lang='lat' dir='ltr'><strong>a</strong></span> 
     </span>
    </p>

    <p class='ocr_par' dir='ltr' id='par_1_10' title="bbox 31 1677 1043 1924">
     <span class='ocr_line' id='line_1_18' title="bbox 69 1677 1042 1756; baseline 0 -19"><span class='ocrx_word' id='word_1_114' title='bbox 69 1678 149 1755; x_wconf 88' lang='lat' dir='ltr'><strong>perii</strong></span> <span class='ocrx_word' id='word_1_115' title='bbox 184 1678 294 1748; x_wconf 89' lang='lat' dir='ltr'><strong>finibus</strong></span> <span class='ocrx_word' id='word_1_116' title='bbox 328 1678 473 1738; x_wconf 85' lang='lat' dir='ltr'><strong>submotis</strong></span> <span class='ocrx_word' id='word_1_117' title='bbox 507 1679 620 1756; x_wconf 83' lang='lat' dir='ltr'><strong>gratias</strong></span> <span class='ocrx_word' id='word_1_118' title='bbox 647 1696 734 1756; x_wconf 87' lang='lat' dir='ltr'><strong>agere</strong></span> <span class='ocrx_word' id='word_1_119' title='bbox 764 1677 906 1738; x_wconf 87' lang='lat' dir='ltr'><strong>Romanis</strong></span> <span class='ocrx_word' id='word_1_120' title='bbox 934 1679 1042 1753; x_wconf 87' lang='lat' dir='ltr'><strong>coepit,</strong></span> 
     </span>
     <span class='ocr_line' id='line_1_19' title="bbox 31 1761 1043 1840; baseline 0.002 -20"><span class='ocrx_word' id='word_1_121' title='bbox 31 1823 32 1830; x_wconf 46' lang='lat'><strong>,</strong></span> <span class='ocrx_word' id='word_1_122' title='bbox 71 1763 154 1840; x_wconf 88' lang='lat' dir='ltr'><strong>quod</strong></span> <span class='ocrx_word' id='word_1_123' title='bbox 182 1782 222 1832; x_wconf 55' lang='lat' dir='ltr'><strong>se,</strong></span> <span class='ocrx_word' id='word_1_124' title='bbox 235 1762 332 1823; x_wconf 87' lang='lat' dir='ltr'><strong>nimis</strong></span> <span class='ocrx_word' id='word_1_125' title='bbox 360 1781 468 1838; x_wconf 89' lang='lat' dir='ltr'><strong>magna</strong></span> <span class='ocrx_word' id='word_1_126' title='bbox 496 1762 703 1840; x_wconf 85' lang='lat' dir='ltr'><strong>procuratione</strong></span> <span class='ocrx_word' id='word_1_127' title='bbox 730 1762 890 1822; x_wconf 88' lang='lat' dir='ltr'><strong>liberatum</strong></span> <span class='ocrx_word' id='word_1_128' title='bbox 918 1761 1043 1822; x_wconf 86' lang='lat' dir='ltr'><strong>modicis</strong></span> 
     </span>
     <span class='ocr_line' id='line_1_20' title="bbox 31 1847 587 1924; baseline 0.004 -18"><span class='ocrx_word' id='word_1_129' title='bbox 31 1849 32 1916; x_wconf 69' lang='grc' dir='ltr'>ζ</span> <span class='ocrx_word' id='word_1_130' title='bbox 71 1848 160 1924; x_wconf 84' lang='lat' dir='ltr'><strong>regni</strong></span> <span class='ocrx_word' id='word_1_131' title='bbox 183 1847 320 1908; x_wconf 89' lang='lat' dir='ltr'><strong>terminis</strong></span> <span class='ocrx_word' id='word_1_132' title='bbox 341 1849 387 1908; x_wconf 81' lang='lat' dir='ltr'><strong>uti</strong></span> <span class='ocrx_word' id='word_1_133' title='bbox 408 1848 587 1924; x_wconf 89' lang='lat' dir='ltr'><strong>coegissent.</strong></span> 
     </span>
    </p>
   </div>
   <div class='ocr_carea' id='block_1_3' title="bbox 35 2047 900 2121">
    <p class='ocr_par' dir='ltr' id='par_1_11' title="bbox 35 2047 900 2121">
     <span class='ocr_line' id='line_1_21' title="bbox 35 2047 900 2121; baseline 0.006 -19"><span class='ocrx_word' id='word_1_134' title='bbox 35 2063 60 2103; x_wconf 83' lang='lat' dir='ltr'><strong>cc</strong></span> <span class='ocrx_word' id='word_1_135' title='bbox 217 2048 288 2121; x_wconf 86' lang='lat' dir='ltr'><strong>QVI</strong></span> <span class='ocrx_word' id='word_1_136' title='bbox 309 2049 363 2110; x_wconf 82' lang='lat' dir='ltr'><strong>EX</strong></span> <span class='ocrx_word' id='word_1_137' title='bbox 384 2048 613 2112; x_wconf 76' lang='lat' dir='ltr'><strong>Innsscrlns</strong></span> <span class='ocrx_word' id='word_1_138' title='bbox 635 2048 777 2110; x_wconf 81' lang='lat' dir='ltr'>IVNCTI</span> <span class='ocrx_word' id='word_1_139' title='bbox 799 2047 900 2110; x_wconf 79' lang='lat' dir='ltr'><strong>SINT.</strong></span> 
     </span>
    </p>
   </div>
   <div class='ocr_carea' id='block_1_4' title="bbox 32 2150 1115 3242">
    <p class='ocr_par' dir='ltr' id='par_1_12' title="bbox 32 2150 1115 3242">
     <span class='ocr_line' id='line_1_22' title="bbox 139 2150 1093 2227; baseline -0.002 -15"><span class='ocrx_word' id='word_1_140' title='bbox 139 2153 180 2212; x_wconf 82' lang='lat' dir='ltr'><strong>M.</strong></span> <span class='ocrx_word' id='word_1_141' title='bbox 200 2151 346 2213; x_wconf 90' lang='lat' dir='ltr'><strong>Aemilius</strong></span> <span class='ocrx_word' id='word_1_142' title='bbox 368 2151 414 2212; x_wconf 89' lang='lat' dir='ltr'><strong>bis</strong></span> <span class='ocrx_word' id='word_1_143' title='bbox 436 2169 496 2212; x_wconf 90' lang='lat' dir='ltr'><strong>cos.</strong></span> <span class='ocrx_word' id='word_1_144' title='bbox 519 2154 551 2212; x_wconf 91' lang='lat' dir='ltr'><strong>et</strong></span> <span class='ocrx_word' id='word_1_145' title='bbox 572 2171 601 2227; x_wconf 91' lang='lat' dir='ltr'><strong>p.</strong></span> <span class='ocrx_word' id='word_1_146' title='bbox 617 2170 657 2210; x_wconf 94' lang='lat' dir='ltr'><strong>m.</strong></span> <span class='ocrx_word' id='word_1_147' title='bbox 686 2151 877 2212; x_wconf 88' lang='lat' dir='ltr'><strong>uehementes</strong></span> <span class='ocrx_word' id='word_1_148' title='bbox 905 2150 1093 2223; x_wconf 58' lang='lat' dir='ltr'><strong>inimici-21</strong></span> 
     </span>
     <span class='ocr_line' id='line_1_23' title="bbox 32 2234 1042 2312; baseline -0.001 -16"><span class='ocrx_word' id='word_1_149' title='bbox 32 2251 33 2282; x_wconf 55' lang='lat'>³</span> <span class='ocrx_word' id='word_1_150' title='bbox 77 2237 133 2296; x_wconf 89' lang='lat' dir='ltr'><strong>tias</strong></span> <span class='ocrx_word' id='word_1_151' title='bbox 163 2254 231 2295; x_wconf 91' lang='lat' dir='ltr'><strong>cum</strong></span> <span class='ocrx_word' id='word_1_152' title='bbox 259 2236 369 2296; x_wconf 85' lang='lat' dir='ltr'><strong>Fuluio</strong></span> <span class='ocrx_word' id='word_1_153' title='bbox 398 2236 503 2296; x_wconf 80' lang='lat' dir='ltr'><strong>Flacco</strong></span> <span class='ocrx_word' id='word_1_154' title='bbox 535 2235 668 2296; x_wconf 90' lang='lat' dir='ltr'><strong>eiusdem</strong></span> <span class='ocrx_word' id='word_1_155' title='bbox 701 2235 815 2296; x_wconf 88' lang='lat' dir='ltr'><strong>ordinis</strong></span> <span class='ocrx_word' id='word_1_156' title='bbox 842 2234 908 2295; x_wconf 88' lang='lat' dir='ltr'><strong>niro</strong></span> <span class='ocrx_word' id='word_1_157' title='bbox 938 2235 1042 2312; x_wconf 80' lang='lat' dir='ltr'><strong>gessit,</strong></span> 
     </span>
     <span class='ocr_line' id='line_1_24' title="bbox 79 2319 1043 2397; baseline 0.001 -19"><span class='ocrx_word' id='word_1_158' title='bbox 79 2339 166 2397; x_wconf 90' lang='lat' dir='ltr'><strong>quas,</strong></span> <span class='ocrx_word' id='word_1_159' title='bbox 189 2322 224 2380; x_wconf 90' lang='lat' dir='ltr'><strong>ut</strong></span> <span class='ocrx_word' id='word_1_160' title='bbox 243 2319 335 2392; x_wconf 81' lang='lat' dir='ltr'><strong>simul</strong></span> <span class='ocrx_word' id='word_1_161' title='bbox 355 2338 492 2381; x_wconf 90' lang='lat' dir='ltr'><strong>censores</strong></span> <span class='ocrx_word' id='word_1_162' title='bbox 514 2321 678 2381; x_wconf 84' lang='lat' dir='ltr'><strong>renuntiati</strong></span> <span class='ocrx_word' id='word_1_163' title='bbox 700 2323 785 2394; x_wconf 87' lang='lat' dir='ltr'><strong>sunt,</strong></span> <span class='ocrx_word' id='word_1_164' title='bbox 810 2320 842 2380; x_wconf 93' lang='lat' dir='ltr'><strong>in</strong></span> <span class='ocrx_word' id='word_1_165' title='bbox 863 2338 968 2397; x_wconf 87' lang='lat' dir='ltr'><strong>campo</strong></span> <span class='ocrx_word' id='word_1_166' title='bbox 992 2320 1043 2379; x_wconf 89' lang='lat' dir='ltr'><strong>de·</strong></span> 
     </span>
     <span class='ocr_line' id='line_1_25' title="bbox 80 2405 187 2481; baseline -0.009 -16"><span class='ocrx_word' id='word_1_167' title='bbox 80 2405 187 2481; x_wconf 86' lang='lat' dir='ltr'><strong>posuit.</strong></span> 
     </span>
     <span class='ocr_line' id='line_1_26' title="bbox 42 2485 1077 2565; baseline 0 -17"><span class='ocrx_word' id='word_1_168' title='bbox 42 2499 68 2542; x_wconf 77' lang='lat'><strong>25</strong></span> <span class='ocrx_word' id='word_1_169' title='bbox 142 2489 245 2549; x_wconf 85' lang='lat' dir='ltr'><strong>Liuius</strong></span> <span class='ocrx_word' id='word_1_170' title='bbox 261 2488 412 2549; x_wconf 86' lang='lat' dir='ltr'><strong>Salinator</strong></span> <span class='ocrx_word' id='word_1_171' title='bbox 426 2488 554 2550; x_wconf 85' lang='lat' dir='ltr'><strong>Neronis</strong></span> <span class='ocrx_word' id='word_1_172' title='bbox 576 2485 646 2547; x_wconf 89' lang='lat' dir='ltr'><strong>odio</strong></span> <span class='ocrx_word' id='word_1_173' title='bbox 669 2488 786 2565; x_wconf 88' lang='lat' dir='ltr'><strong>ardens,</strong></span> <span class='ocrx_word' id='word_1_174' title='bbox 808 2491 933 2564; x_wconf 87' lang='lat' dir='ltr'><strong>propter</strong></span> <span class='ocrx_word' id='word_1_175' title='bbox 954 2500 1077 2564; x_wconf 70' lang='lat' dir='ltr'><strong>quemn</strong></span> 
     </span>
     <span class='ocr_line' id='line_1_27' title="bbox 83 2565 1070 2650; baseline -0.004 -16"><span class='ocrx_word' id='word_1_176' title='bbox 83 2574 258 2646; x_wconf 86' lang='lat' dir='ltr'><strong>exuleuerat,</strong></span> <span class='ocrx_word' id='word_1_177' title='bbox 280 2573 392 2650; x_wconf 87' lang='lat' dir='ltr'><strong>pariter</strong></span> <span class='ocrx_word' id='word_1_178' title='bbox 414 2591 473 2634; x_wconf 90' lang='lat' dir='ltr'><strong>cos.</strong></span> <span class='ocrx_word' id='word_1_179' title='bbox 497 2575 613 2633; x_wconf 86' lang='lat' dir='ltr'><strong>creatus</strong></span> <span class='ocrx_word' id='word_1_180' title='bbox 635 2573 773 2648; x_wconf 89' lang='lat' dir='ltr'><strong>deposuit</strong></span> <span class='ocrx_word' id='word_1_181' title='bbox 794 2572 972 2633; x_wconf 85' lang='lat' dir='ltr'><strong>simultates.</strong></span> <span class='ocrx_word' id='word_1_182' title='bbox 1058 2565 1070 2588; x_wconf 87' lang='lat'><em>⁰</em></span> 
     </span>
     <span class='ocr_line' id='line_1_28' title="bbox 144 2655 1115 2734; baseline -0.002 -16"><span class='ocrx_word' id='word_1_183' title='bbox 144 2655 251 2734; x_wconf 80' lang='lat' dir='ltr'><strong>Scipio,</strong></span> <span class='ocrx_word' id='word_1_184' title='bbox 274 2660 308 2716; x_wconf 92' lang='lat' dir='ltr'><strong>ut</strong></span> <span class='ocrx_word' id='word_1_185' title='bbox 330 2658 566 2734; x_wconf 75' lang='lat' dir='ltr'><strong>diximus,gcst</strong></span> <span class='ocrx_word' id='word_1_186' title='bbox 587 2657 832 2718; x_wconf 88' lang='lat' dir='ltr'><strong>intercessionem</strong></span> <span class='ocrx_word' id='word_1_187' title='bbox 853 2656 901 2716; x_wconf 81' lang='lat' dir='ltr'><strong>Ti.</strong></span> <span class='ocrx_word' id='word_1_188' title='bbox 917 2655 1076 2716; x_wconf 71' lang='lat' dir='ltr'><strong>Gracchis</strong></span> <span class='ocrx_word' id='word_1_189' title='bbox 1113 2682 1115 2686; x_wconf 96' lang='lat'>·</span> 
     </span>
     <span class='ocr_line' id='line_1_29' title="bbox 84 2739 1042 2819; baseline -0.002 -17"><span class='ocrx_word' id='word_1_190' title='bbox 84 2743 222 2819; x_wconf 85' lang='lat' dir='ltr'><strong>depositis</strong></span> <span class='ocrx_word' id='word_1_191' title='bbox 242 2742 415 2803; x_wconf 86' lang='lat' dir='ltr'><strong>inimicitiis</strong></span> <span class='ocrx_word' id='word_1_192' title='bbox 437 2742 576 2818; x_wconf 87' lang='lat' dir='ltr'><strong>protinus</strong></span> <span class='ocrx_word' id='word_1_193' title='bbox 597 2741 692 2801; x_wconf 88' lang='lat' dir='ltr'><strong>filiam</strong></span> <span class='ocrx_word' id='word_1_194' title='bbox 714 2741 741 2801; x_wconf 92' lang='lat' dir='ltr'><strong>ei</strong></span> <span class='ocrx_word' id='word_1_195' title='bbox 764 2760 848 2802; x_wconf 88' lang='lat' dir='ltr'><strong>snam</strong></span> <span class='ocrx_word' id='word_1_196' title='bbox 871 2739 1042 2801; x_wconf 81' lang='lat' dir='ltr'><strong>Corneliam</strong></span> 
     </span>
     <span class='ocr_line' id='line_1_30' title="bbox 86 2827 930 2904; baseline -0.008 -16"><span class='ocrx_word' id='word_1_197' title='bbox 86 2827 248 2904; x_wconf 84' lang='lat' dir='ltr'><strong>despondit.</strong></span> <span class='ocrx_word' id='word_1_198' title='bbox 928 2887 930 2894; x_wconf 49' lang='grc'>,</span> 
     </span>
     <span class='ocr_line' id='line_1_31' title="bbox 51 2908 1077 2988; baseline -0.004 -16"><span class='ocrx_word' id='word_1_199' title='bbox 51 2917 74 2958; x_wconf 77' lang='lat'><strong>³⁰</strong></span> <span class='ocrx_word' id='word_1_200' title='bbox 145 2913 184 2971; x_wconf 87' lang='lat' dir='ltr'><strong>M.</strong></span> <span class='ocrx_word' id='word_1_201' title='bbox 206 2909 309 2981; x_wconf 83' lang='lat' dir='ltr'><strong>Cicero</strong></span> <span class='ocrx_word' id='word_1_202' title='bbox 330 2911 368 2970; x_wconf 90' lang='lat' dir='ltr'><strong>A.</strong></span> <span class='ocrx_word' id='word_1_203' title='bbox 385 2908 546 2972; x_wconf 81' lang='lat' dir='ltr'><strong>Gabinium</strong></span> <span class='ocrx_word' id='word_1_204' title='bbox 566 2911 797 2988; x_wconf 86' lang='lat' dir='ltr'><strong>repetundarum</strong></span> <span class='ocrx_word' id='word_1_205' title='bbox 818 2928 903 2970; x_wconf 90' lang='lat' dir='ltr'><strong>reum</strong></span> <span class='ocrx_word' id='word_1_206' title='bbox 925 2920 1077 2970; x_wconf 69' lang='lat' dir='ltr'><strong>summos</strong></span> 
     </span>
     <span class='ocr_line' id='line_1_32' title="bbox 80 2994 1044 3073; baseline -0.004 -16"><span class='ocrx_word' id='word_1_207' title='bbox 80 2997 179 3057; x_wconf 88' lang='lat' dir='ltr'><strong>studio</strong></span> <span class='ocrx_word' id='word_1_208' title='bbox 201 2995 350 3073; x_wconf 82' lang='lat' dir='ltr'><strong>defendit,</strong></span> <span class='ocrx_word' id='word_1_209' title='bbox 377 2996 429 3072; x_wconf 91' lang='lat' dir='ltr'><strong>qui</strong></span> <span class='ocrx_word' id='word_1_210' title='bbox 456 3014 524 3056; x_wconf 90' lang='lat' dir='ltr'><strong>eum</strong></span> <span class='ocrx_word' id='word_1_211' title='bbox 546 2996 577 3056; x_wconf 91' lang='lat' dir='ltr'><strong>in</strong></span> <span class='ocrx_word' id='word_1_212' title='bbox 600 2995 759 3057; x_wconf 86' lang='lat' dir='ltr'><strong>consulatu</strong></span> <span class='ocrx_word' id='word_1_213' title='bbox 780 3013 833 3055; x_wconf 91' lang='lat' dir='ltr'><strong>suo</strong></span> <span class='ocrx_word' id='word_1_214' title='bbox 856 2994 930 3054; x_wconf 89' lang='lat' dir='ltr'><strong>urbe</strong></span> <span class='ocrx_word' id='word_1_215' title='bbox 952 3013 1044 3069; x_wconf 83' lang='lat' dir='ltr'><strong>expu-</strong></span> 
     </span>
     <span class='ocr_line' id='line_1_33' title="bbox 88 3079 1042 3159; baseline -0.001 -19"><span class='ocrx_word' id='word_1_216' title='bbox 88 3083 166 3140; x_wconf 90' lang='lat' dir='ltr'><strong>lerat.</strong></span> <span class='ocrx_word' id='word_1_217' title='bbox 206 3080 285 3140; x_wconf 88' lang='lat' dir='ltr'><strong>idem</strong></span> <span class='ocrx_word' id='word_1_218' title='bbox 313 3081 348 3150; x_wconf 87' lang='lat' dir='ltr'><strong>P.</strong></span> <span class='ocrx_word' id='word_1_219' title='bbox 370 3079 527 3140; x_wconf 84' lang='lat' dir='ltr'><strong>Vatinium</strong></span> <span class='ocrx_word' id='word_1_220' title='bbox 557 3080 700 3159; x_wconf 89' lang='lat' dir='ltr'><strong>dignitati</strong></span> <span class='ocrx_word' id='word_1_221' title='bbox 727 3098 799 3140; x_wconf 91' lang='lat' dir='ltr'><strong>snae</strong></span> <span class='ocrx_word' id='word_1_222' title='bbox 828 3097 944 3155; x_wconf 86' lang='lat' dir='ltr'><strong>semper</strong></span> <span class='ocrx_word' id='word_1_223' title='bbox 965 3079 1042 3139; x_wconf 84' lang='lat' dir='ltr'><strong>infe·</strong></span> 
     </span>
     <span class='ocr_line' id='line_1_34' title="bbox 90 3165 804 3242; baseline 0.003 -15"><span class='ocrx_word' id='word_1_224' title='bbox 90 3169 163 3228; x_wconf 89' lang='lat' dir='ltr'><strong>stum</strong></span> <span class='ocrx_word' id='word_1_225' title='bbox 182 3165 297 3225; x_wconf 87' lang='lat' dir='ltr'><strong>dnobus</strong></span> <span class='ocrx_word' id='word_1_226' title='bbox 318 3165 447 3242; x_wconf 87' lang='lat' dir='ltr'><strong>publicis</strong></span> <span class='ocrx_word' id='word_1_227' title='bbox 469 3165 587 3226; x_wconf 89' lang='lat' dir='ltr'><strong>iudiciis</strong></span> <span class='ocrx_word' id='word_1_228' title='bbox 608 3167 725 3225; x_wconf 86' lang='lat' dir='ltr'><strong>tutatus</strong></span> <span class='ocrx_word' id='word_1_229' title='bbox 748 3166 804 3229; x_wconf 89' lang='lat' dir='ltr'><strong>est.</strong></span> 
     </span>
    </p>
   </div>
   <div class='ocr_carea' id='block_1_5' title="bbox 93 3344 1043 3620">
    <p class='ocr_par' dir='ltr' id='par_1_13' title="bbox 93 3344 1043 3620">
     <span class='ocr_line' id='line_1_35' title="bbox 152 3344 1041 3422; baseline -0.004 -20"><span class='ocrx_word' id='word_1_230' title='bbox 152 3352 166 3402; x_wconf 83' lang='grc'><strong>8</strong></span> <span class='ocrx_word' id='word_1_231' title='bbox 185 3345 417 3415; x_wconf 81' lang='lat' dir='ltr'><strong>mityleneorum,</strong></span> <span class='ocrx_word' id='word_1_232' title='bbox 440 3345 488 3400; x_wconf 84' lang='lat' dir='ltr'><strong>scd</strong></span> <span class='ocrx_word' id='word_1_233' title='bbox 507 3350 537 3399; x_wconf 87' lang='lat'><strong>11</strong></span> <span class='ocrx_word' id='word_1_234' title='bbox 561 3344 745 3414; x_wconf 83' lang='lat' dir='ltr'><strong>mytilaenaei</strong></span> <span class='ocrx_word' id='word_1_235' title='bbox 766 3349 778 3412; x_wconf 90' lang='grc'>1</span> <span class='ocrx_word' id='word_1_236' title='bbox 802 3344 937 3399; x_wconf 88' lang='lat' dir='ltr'><strong>achaeum</strong></span> <span class='ocrx_word' id='word_1_237' title='bbox 963 3345 1041 3422; x_wconf 60' lang='lat' dir='ltr'><strong>(cors.</strong></span> 
     </span>
     <span class='ocr_line' id='line_1_36' title="bbox 93 3411 1043 3483; baseline -0.006 -13"><span class='ocrx_word' id='word_1_238' title='bbox 93 3415 236 3480; x_wconf 67' lang='lat' dir='ltr'><strong>alchaenmt</strong></span> <span class='ocrx_word' id='word_1_239' title='bbox 250 3415 260 3483; x_wconf 97' lang='grc'><strong>11</strong></span> <span class='ocrx_word' id='word_1_240' title='bbox 279 3420 311 3469; x_wconf 85' lang='grc'>13</span> <span class='ocrx_word' id='word_1_241' title='bbox 328 3431 359 3468; x_wconf 86' lang='lat' dir='ltr'><strong>sa</strong></span> <span class='ocrx_word' id='word_1_242' title='bbox 380 3413 533 3478; x_wconf 68' lang='lat' dir='ltr'><strong>iendissimo</strong></span> <span class='ocrx_word' id='word_1_243' title='bbox 551 3428 601 3468; x_wconf 84' lang='lat' dir='ltr'><strong>aas</strong></span> <span class='ocrx_word' id='word_1_244' title='bbox 618 3417 644 3467; x_wconf 81' lang='lat' dir='ltr'><strong>ct</strong></span> <span class='ocrx_word' id='word_1_245' title='bbox 662 3411 787 3481; x_wconf 59' lang='lat' dir='ltr'><strong>Galim!</strong></span> <span class='ocrx_word' id='word_1_246' title='bbox 801 3417 833 3466; x_wconf 89' lang='grc'><strong>14</strong></span> <span class='ocrx_word' id='word_1_247' title='bbox 850 3412 945 3466; x_wconf 83' lang='lat' dir='ltr'><strong>malim</strong></span> <span class='ocrx_word' id='word_1_248' title='bbox 963 3428 1043 3465; x_wconf 91' lang='lat' dir='ltr'><strong>uem-</strong></span> 
     </span>
     <span class='ocr_line' id='line_1_37' title="bbox 95 3478 1042 3552; baseline -0.003 -17"><span class='ocrx_word' id='word_1_249' title='bbox 95 3484 152 3552; x_wconf 73' lang='lat' dir='ltr'><strong>rett</strong></span> <span class='ocrx_word' id='word_1_250' title='bbox 164 3488 191 3536; x_wconf 85' lang='grc'><strong>11</strong></span> <span class='ocrx_word' id='word_1_251' title='bbox 209 3482 353 3537; x_wconf 88' lang='lat' dir='ltr'><strong>submotus</strong></span> <span class='ocrx_word' id='word_1_252' title='bbox 396 3487 426 3535; x_wconf 83' lang='lat'><strong>19</strong></span> <span class='ocrx_word' id='word_1_253' title='bbox 444 3481 485 3535; x_wconf 93' lang='lat' dir='ltr'><strong>uti</strong></span> <span class='ocrx_word' id='word_1_254' title='bbox 504 3496 564 3544; x_wconf 80' lang='lat' dir='ltr'><strong>om..</strong></span> <span class='ocrx_word' id='word_1_255' title='bbox 582 3480 649 3539; x_wconf 84' lang='lat' dir='ltr'><strong>add.</strong></span> <span class='ocrx_word' id='word_1_256' title='bbox 669 3480 752 3535; x_wconf 74' lang='lat' dir='ltr'><strong>Gesta</strong></span> <span class='ocrx_word' id='word_1_257' title='bbox 766 3482 930 3549; x_wconf 71' lang='grc'>11278111)</span> <span class='ocrx_word' id='word_1_258' title='bbox 948 3478 1042 3548; x_wconf 80' lang='lat' dir='ltr'><strong>SINT]</strong></span> 
     </span>
     <span class='ocr_line' id='line_1_38' title="bbox 95 3548 1011 3620; baseline -0.001 -15"><span class='ocrx_word' id='word_1_259' title='bbox 95 3566 128 3605; x_wconf 83' lang='lat' dir='ltr'><strong>aa</strong></span> <span class='ocrx_word' id='word_1_260' title='bbox 143 3550 255 3606; x_wconf 79' lang='lat' dir='ltr'><strong>addend.</strong></span> <span class='ocrx_word' id='word_1_261' title='bbox 274 3548 362 3605; x_wconf 83' lang='lat' dir='ltr'><strong>AMIC</strong></span> <span class='ocrx_word' id='word_1_262' title='bbox 377 3548 457 3604; x_wconf 81' lang='lat' dir='ltr'><strong>TIA?</strong></span> <span class='ocrx_word' id='word_1_263' title='bbox 471 3551 526 3618; x_wconf 79' lang='grc'><strong>121</strong></span> <span class='ocrx_word' id='word_1_264' title='bbox 545 3549 577 3603; x_wconf 92' lang='lat' dir='ltr'><strong>ut</strong></span> <span class='ocrx_word' id='word_1_265' title='bbox 594 3548 728 3620; x_wconf 84' lang='lat' dir='ltr'><strong>diximus]</strong></span> <span class='ocrx_word' id='word_1_266' title='bbox 748 3565 771 3604; x_wconf 91' lang='lat' dir='ltr'><strong>c.</strong></span> <span class='ocrx_word' id='word_1_267' title='bbox 786 3554 799 3603; x_wconf 91' lang='grc'>1</span> <span class='ocrx_word' id='word_1_268' title='bbox 818 3553 833 3614; x_wconf 65' lang='grc' dir='ltr'><strong>ξ</strong></span> <span class='ocrx_word' id='word_1_269' title='bbox 846 3553 862 3604; x_wconf 90' lang='grc'>8</span> <span class='ocrx_word' id='word_1_270' title='bbox 1007 3565 1011 3572; x_wconf 89' lang='lat'>·</span> 
     </span>
    </p>
   </div>
   <div class='ocr_carea' id='block_1_6' title="bbox 142 3639 882 3690">
    <p class='ocr_par' dir='ltr' id='par_1_14' title="bbox 142 3639 882 3690">
     <span class='ocr_line' id='line_1_39' title="bbox 142 3639 882 3690; baseline 0.001 -1"><span class='ocrx_word' id='word_1_271' title='bbox 142 3647 194 3689; x_wconf 79' lang='lat' dir='ltr'><strong>lm.</strong></span> <span class='ocrx_word' id='word_1_272' title='bbox 207 3646 274 3690; x_wconf 80' lang='lat' dir='ltr'><strong>Mnx.</strong></span> <span class='ocrx_word' id='word_1_273' title='bbox 848 3639 882 3690; x_wconf 81' lang='lat'><strong>33</strong></span> 
     </span>
    </p>
   </div>
   <div class='ocr_carea' id='block_1_7' title="bbox 0 0 1286 3950">
    <p class='ocr_par' dir='ltr' id='par_1_15' title="bbox 0 0 1286 3950">
     <span class='ocr_line' id='line_1_40' title="bbox 0 0 1286 3950; baseline 0 3"><span class='ocrx_word' id='word_1_274' title='bbox 0 0 1286 3950; x_wconf 95' lang='lat' dir='ltr'><strong> </strong></span> 
     </span>
    </p>
   </div>
  </div>
 </body>
</html>
