2604 3960
216 179 277 244 146
635 175 701 231 uua.
719 178 768 233 111.

214 332 300 416 quit:
335 333 419 415 ‘plus
448 351 509 478 ego
537 331 623 394 enim
650 350 747 414 quam
774 351 832 395 uos
858 331 933 414 quid
961 331 1008 394 rei
1035 330 1185 414 publicae

216 415 365 500 expediat
389 416 469 480 intel
484 421 573 500 ego’.
618 436 682 497 qua
707 435 785 479 uoce
812 415 922 479 audita
948 436 1059 479 omnes
1085 415 1183 498 pleno
1288 409 1289 502 J

215 501 433 566 uenerationis
455 500 584 564 silentio
606 500 759 564 maiorem
782 500 980 565 auctoritatis
1001 500 1069 564 eius
1086 521 1183 584 quam

215 606 346 651 suorum
370 585 597 649 alimentorum
619 587 798 667 respectum
821 588 966 669 egerunt.
1288 631 1289 640 r

189 689 203 729 s
280 670 310 735 4.
332 668 406 734 Liui
420 690 547 754 quoque
562 668 755 734 Salinatoris
770 672 920 733 aeternae
934 669 1106 734 memoriae
1121 672 1204 733 tra·
1288 675 1289 732 ἴ

217 754 340 820 dendus
362 755 497 821 animus.
531 754 681 837 quicum
696 752 931 818 Hasdrubalem
947 755 1185 838 exercitumque
1288 749 1289 768 J

216 841 397 905 Poenorum
420 840 455 903 in
480 837 612 902 Vmbria
634 837 769 902 delesset
791 842 824 902 et
845 839 875 902 ei
897 837 1056 903 diceretur
1071 838 1184 903 Gallos

216 946 254 990 ac
268 924 408 1008 Ligures
431 945 473 987 ex
494 924 562 987 acie
585 923 654 987 sine
676 922 810 987 ducibus
833 926 866 986 et
880 923 982 1008 signis
997 943 1124 1006 sparsos
1147 943 1185 988 ac
1275 973 1278 980 ,

216 1009 362 1094 palantes
391 1028 493 1091 parua
520 1029 618 1072 manu
646 1007 784 1091 opprimi
811 1028 922 1091 posse,
955 1007 1123 1092 respondit
1149 1009 1185 1072 in

178 1113 203 1152 ιο
217 1100 279 1159 hoc
307 1092 352 1156 eis
380 1096 528 1176 oportere
557 1092 664 1176 parci,
697 1112 738 1155 ne
770 1089 918 1156 hostibus
945 1098 1058 1157 tantae
1085 1091 1185 1156 cladis

218 1176 386 1243 domestici
408 1175 515 1242 nuntii
537 1175 693 1241 deessent.

279 1262 311 1326 5.
336 1260 457 1325 bellica
471 1259 550 1325 haec
563 1261 763 1345 praestantia
778 1260 889 1342 animi,
911 1265 1024 1346 togata
1037 1260 1103 1342 illa,
1127 1261 1183 1325 sed

216 1367 282 1412 acu
304 1346 409 1410 minus
431 1345 620 1427 laudabilis,
643 1367 737 1430 quam
754 1345 790 1409 P.
808 1346 920 1410 Furius
937 1344 1047 1410 Philus
1069 1347 1183 1410 consul

216 1431 251 1496 in
280 1434 393 1496 senatu
418 1429 577 1510 exhibuit:
611 1429 647 1506 Q.
671 1431 756 1495 enim
780 1429 946 1494 Metellum
968 1429 1184 1514 Quintumque

179 1536 204 1576 ιε»
216 1516 405 1600 Pompeium
438 1515 621 1580 consulares
651 1515 755 1596 uiros,
792 1514 1000 1580 uehementes
1036 1515 1184 1580 inimicos

216 1623 302 1682 suos,
319 1599 467 1684 cupidam
483 1600 544 1664 sibi
559 1598 794 1683 profectionem
809 1599 844 1663 in
855 1599 1056 1682 prouinciam
1069 1597 1185 1683 Hispa·

213 1687 318 1768 niam,
348 1705 445 1769 quem
474 1686 606 1749 sortitus
634 1687 716 1762 erat,
746 1683 921 1749 identidem
950 1683 1184 1768 exprobrantis,

214 1772 339 1858 legatos
361 1791 468 1834 secum
490 1768 567 1833 illuc
587 1769 634 1832 ire
659 1768 781 1853 coegit:
810 1767 960 1832 fiduciam
987 1789 1054 1832 non
1080 1768 1184 1832 solum

214 1857 349 1936 fortem,
377 1854 432 1918 sed
458 1873 560 1936 paene
583 1853 680 1918 etiam
702 1853 922 1935 temerariam,
943 1869 1033 1936 'quae
1061 1852 1184 1917 duobus

177 1959 203 1999 ao
216 1938 378 2005 acerrimis
409 1936 490 2002 odiis
518 1937 619 2001 latera
647 1958 705 2001 sua
736 1937 866 2022 cingere
899 1959 974 2003 ausa
1001 1939 1051 2002 est
1077 1959 1185 2002 usum·

216 2045 276 2109 que
298 2021 471 2087 ministerii
493 2021 548 2085 uix
569 2025 676 2086 tutum
698 2022 734 2086 in
756 2022 866 2087 amicis
893 2042 910 2085 e
939 2022 1012 2086 sinu
1038 2021 1183 2087 inimico-

217 2131 289 2173 rum
311 2111 420 2191 petere
439 2105 611 2188 sustinuit!

280 2193 308 2257 6.
332 2191 429 2257 Cuius
444 2191 564 2255 factum
581 2191 607 2256 si
622 2191 674 2256 cui
689 2191 803 2274 placet,
823 2211 954 2256 necesse
969 2194 1019 2256 est
1033 2190 1070 2256 L.
1087 2191 1185 2264 etiam

217 2276 334 2359 Crassi,
357 2276 413 2360 qui
435 2275 521 2360 apud
543 2276 680 2340 maiores
702 2275 887 2360 eloquentia
901 2275 1094 2340 clarissimus
1109 2275 1181 2359 fuit,

178 2379 203 2421 rs
216 2361 416 2447 propositum
439 2381 506 2425 non
534 2360 717 2445 displiceatz
752 2382 828 2424 nam
856 2381 929 2425 cum
952 2382 990 2424 ex
1014 2360 1183 2426 consulatu

216 2447 417 2532 prouinciam
434 2445 572 2510 Galliam
587 2446 749 2509 obtineret
765 2448 860 2530 atque
875 2446 911 2509 in
926 2467 996 2509 eam
1012 2445 1048 2510 O.
1065 2445 1183 2527 Gerbo,

216 2532 306 2597 ouius
333 2533 457 2614 patrem
486 2530 707 2607 damnauerat,
737 2529 775 2592 ad
804 2528 1001 2612 speculanda
1028 2533 1100 2595 aeta
1126 2552 1184 2595 sua

216 2615 374 2698 uenisset,
396 2636 464 2679 non
479 2615 581 2679 solum
597 2635 670 2678 eum
686 2614 761 2678 inde
776 2635 841 2678 non
857 2615 1042 2695 summouit,
1064 2614 1119 2679 sed
1134 2615 1184 2680 in-

220 2722 315 2785 super
335 2699 443 2764 locum
465 2701 494 2764 ei
516 2699 551 2763 in
566 2681 721 2763 tubunali
736 2698 921 2784 adsignauit
935 2720 995 2763 nec
1013 2699 1080 2763 ulla
1094 2699 1133 2762 de
1147 2720 1183 2764 re

180 2787 282 2852 conisi
305 2806 343 2850 eo
364 2785 399 2848 in
424 2783 592 2848 consilium
614 2783 759 2848 adhibito
782 2784 944 2869 cognouit.
981 2784 1089 2868 itaque
1111 2805 1185 2848 acer

264 2995 270 3004 .
286 2962 298 3008 1
316 2952 393 3022 plus]
413 2953 600 3031 meliusnPor.
619 2953 712 3021 lenim
730 2969 784 3032 ego
802 2951 841 3006 A*
853 2953 923 3007 Por.
935 2952 945 3021 ΙΙ
959 2958 1013 3021 qffi
1031 2955 1095 3022 (pro
1112 2955 1186 3021 quffc'

215 3047 249 3070 a
267 3023 332 3092 quis)
350 3020 378 3074 L
398 3021 408 3088 l
429 3018 535 3074 5L1u11
553 3021 591 3074 L²
606 3088 612 3099 ‚
625 3022 696 3142 ‘pt
715 3033 921 3076 ammonites*
938 3023 988 3088 qui
1006 3021 1125 3090 (animus
1143 3023 1186 3076 bis

214 3091 308 3159 script.
321 3087 409 3154 fuisse
425 3089 496 3153 uid.)
509 3088 536 3141 A
547 3090 558 3156 ΙΙ
571 3094 587 3142 9
603 3106 633 3142 m

216 3164 245 3212 at
264 3157 377 3223 u.V4,
397 3159 429 3222 3;
459 3155 618 3221 VII3,'1;
644 3157 682 3211 N.
704 3157 779 3228 ρῳ.
798 3159 835 3211 23
859 3158 868 3225 ΙΙ
897 3163 924 3210 12
946 3157 1107 3222 praesentia
1125 3155 1185 3210 LA

215 3226 317 3292 Halm,
335 3240 384 3284 cm.
405 3223 518 3282 Gertr*.
548 3222 1149 3294 Cf·§7l13110110m·1u⁴1¹lphlliu⁸11¹
1170 3227 1183 3292 ll

217 3299 249 3346 14
267 3294 395 3347 senatum
412 3291 472 3346 LA
489 3292 499 3359 ll
518 3297 548 3345 Π
567 3292 669 3345 eortius
686 3293 722 3346 L*
737 3294 747 3361 n
762 3299 793 3347 19
830 3307 900 3346 cene
917 3292 954 3345 A·
968 3293 978 3360 11
995 3296 1026 3345 21
1046 3291 1185 3346 amisisse

216 3362 242 3425 (e
261 3361 293 3412 in
309 3363 376 3420 rae.)
395 3361 435 3414 A·
451 3360 534 3422 Pac,
561 3358 688 3414 amisisse
706 3361 788 3414 L¹A¹
810 3309 828 3428 l

216 3426 298 3479 classi
316 3427 375 3480 LA
399 3431 408 3495 ΙΙ
433 3434 465 3481 24
488 3428 555 3495 quia
577 3429 606 3494 (a
623 3431 761 3496 espectet.)
780 3428 807 3481 L
830 3430 840 3496 ΙΙ
864 3433 897 3481 25
915 3427 1061 3481 consulatu
1079 3426 1183 3492 ΕΒΓ,
1288 3489 1289 3498 J

216 3493 332 3546 consul*
354 3495 396 3560 A,
420 3495 535 3548 consule
553 3495 617 3552 dett.
643 3498 652 3564 ΙΙ
677 3501 709 3550 26
731 3495 903 3566 prouintiam
924 3496 983 3549 LA
1007 3496 1016 3562 ΙΙ
1041 3495 1187 3563 optineret
1288 3511 1289 3556 ἦ

214 3559 303 3614 Halm
316 3561 326 3628 l
339 3566 372 3615 29
390 3561 449 3614 ulla
467 3562 534 3616 dare
552 3562 580 3615 A
1288 3583 1289 3590 ¹

691 3095 716 3144 et
734 3089 797 3144 dett.
815 3089 968 3158 maioma,
987 3105 1037 3146 om.
1050 3088 1077 3141 A
1088 3088 1184 3154 Halm,
1286 3135 1289 3156 Α

818 3359 906 3428 ione
924 3360 951 3413 L
975 3364 984 3428 ιι
1009 3366 1041 3414 re
1059 3360 1078 3412 1.
1096 3360 1185 3414 etiam
1288 3347 1289 3406 ἵ
