2590 3948
362 201 683 266 cnP.V111‚sro-1a.
718 202 781 258 uxo.
796 209 870 258 1—3.
1058 208 1098 272 51

130 356 181 420 sui
199 392 239 406 -
256 375 331 420 nam
353 354 388 418 in
405 353 493 418 solus
509 353 555 418 ibi
571 358 822 420 remanserat-
840 356 1021 442 inuocauit,
1045 359 1100 425 sed

126 440 193 505 iam
213 439 352 504 flammis
371 439 586 504 circumdatus
606 439 674 504 fato
697 440 842 506 subtrahi
862 462 929 507 non
950 442 1068 527 potuit.

194 525 229 588 h.
256 545 383 609 quoque
408 522 538 589 Lamiae
566 524 728 622 praetorio
755 526 826 592 uiro
861 547 960 610 aeque
987 549 1100 593 uocem
1150 591 1154 602 ,

126 609 227 675 fuisse
249 631 344 694 super
367 630 483 692 rogum
505 609 662 674 constitit.

192 693 267 760 Est.
292 695 320 758 1.
355 692 443 769 Quae
464 693 572 758 minus
594 692 797 759 admirabilia
817 695 885 759 fera
907 695 981 760 Eris
1003 695 1125 765 Pam-s

125 778 221 864 phyli
246 799 337 843 casus
359 778 450 860 facit,
474 799 569 862 quem
585 777 679 844 Plato
702 779 814 844 scribit
835 780 920 844 iuter
942 801 1013 860 eos,
1043 782 1099 866 qui

130 865 167 928 in
190 865 258 928 aoie
283 863 479 945 ceciderant,
503 861 535 927 X
549 862 662 930 diebus
677 864 827 948 iacuisse,
849 863 1010 949 biduoque
1025 869 1100 947 post

129 970 227 1032 quam
249 949 325 1013 inde
346 947 491 1013 sublatus
514 952 615 1030 osset,
644 949 818 1033 inpositurn
841 970 920 1035 rogo
943 949 1099 1016 reuixisse

127 1055 166 1098 ²⁰
188 1033 1088 1204 t¹fflstuttstalmt<t¹21tltt⁵sltttttlltss
1124 1151 1137 1191 0

215 1168 221 1182 .
982 1150 989 1175 ἶ
1113 1152 1123 1190 1

129 1203 259 1288 quidam
275 1202 415 1268 Athonis
437 1203 488 1266 uir
503 1202 754 1285 eruditissimus,
779 1225 852 1268 cum
866 1205 967 1269 ictum
981 1170 1099 1289 lapidii

128 1289 235 1372 capite
257 1289 445 1372 excepisset,
468 1289 575 1353 cetera
597 1289 706 1353 omnia
720 1289 926 1355 tenacissima
945 1290 1101 1355 memoria

127 1373 273 1438 retinens
295 1372 477 1438 litterarum
499 1375 625 1437 tantum
648 1374 760 1452 modo,
789 1373 906 1458 quibus
928 1375 1099 1460 praecipue

128 1459 335 1536 inservierat,
359 1457 478 1522 oblitus
502 1460 561 1522 est.
599 1458 704 1523 dirum
718 1458 958 1542 malignumque
980 1459 1099 1524 uulnus

129 1544 166 1607 in
188 1543 297 1608 animo
318 1542 462 1626 percussi
484 1541 575 1626 quasi
598 1543 636 1607 de
651 1542 811 1607 industria
832 1543 984 1608 scrutatis
999 1544 1138 1614 sensi-1⁵

128 1629 189 1693 bus
212 1628 247 1692 in
262 1649 335 1692 eum
349 1627 570 1712 potissimum,
594 1648 657 1712 quo
672 1628 811 1692 maximo
826 1626 1018 1711 laetabatur,
1036 1630 1096 1776 Rpt]

127 1713 304 1778 acerbitate
326 1711 466 1777 nocendi
488 1712 611 1796 erupit,
634 1713 684 1776 sin
731 1712 831 1776 larem
847 1712 1027 1778 doctrinam
1065 1733 1098 1777 o·

7 1785 8 1812 ¹
112 1797 225 1882 ¹minis
247 1797 345 1882 pleno
367 1797 509 1861 inuidiae
531 1797 678 1861 funereo
703 1795 830 1862 orendo.
866 1797 916 1862 oui
935 1797 963 1861 si
977 1796 1098 1862 talibus

127 1883 243 1948 studiis
265 1881 388 1966 perfrui
410 1881 461 1946 fas
475 1902 543 1945 non
559 1884 641 1967 erat,
664 1881 775 1948 utilius
791 1880 963 1967 aliquando
977 1883 1043 1947 fuit
1057 1882 1099 1946 ad

124 1967 182 2033 illa
203 1966 326 2032 aditum
340 1989 408 2032 non
424 1966 614 2051 impetrasse
629 1987 725 2051 quam
739 1967 804 2032 iam
818 1970 971 2052 percepta
987 1988 1097 2032 eorum
1111 1999 1137 2039 »ο

126 2052 296 2118 dulcedine
318 2052 469 2117 caruisse.

189 2138 219 2202 3.
263 2136 479 2202 Miserabilior
500 2137 610 2200 tamen
632 2135 796 2220 sequentis
822 2156 914 2202 casus
935 2136 1094 2202 narmtio:

125 2221 332 2288 Nausimenis
356 2222 441 2287 enirn
457 2220 667 2285 Atheniensis
690 2242 780 2298 uxor,
806 2241 878 2286 cum
898 2221 946 2286 fili
961 2243 999 2286 ac
1012 2221 1098 2285 filiae

126 2329 204 2373 suae
226 2312 339 2391 stupro
362 2303 599 2386 interuenisset,
622 2305 782 2392 inopinati
796 2307 935 2371 monstri
949 2305 1098 2390 perculsa

125 2395 300 2478 conspectu
328 2395 361 2456 et
388 2392 423 2455 in
451 2411 603 2537 praesens
630 2393 758 2474 tempus
786 2391 827 2454 ad
861 2390 1096 2476 indignandum
1110 2423 1135 2464 25

126 2482 159 2543 et
173 2478 208 2542 in
222 2482 383 2562 posterum
401 2475 441 2540 ad
469 2473 652 2558 oquendum
667 2475 840 2540 obmutuit.
875 2474 923 2540 illi
938 2475 1096 2540 nefarium

127 2562 337 2628 concubitum
359 2560 543 2625 uoluntaria
564 2563 668 2624 morte
689 2563 877 2644 penserunt.

194 2788 209 2835 2
228 2781 344 2835 flamma
360 2780 430 2834 Por.
452 2779 530 2848 1131.
551 2793 635 2846 quoq.
654 2779 739 2834 lamia
759 2779 796 2833 L¹
818 2781 829 2848 ΙΙ
849 2779 1041 2850 psreleetiorio
1059 2778 1097 2844 L,

123 2846 763 2975 surr⁰ulairere-lelium
780 2848 915 2970 useel
929 2847 1021 2968 ils
1034 2845 1097 2966 tu

123 2992 205 3042 uocat
223 2935 307 3054 hoii,
330 2935 478 3056 pherbtem
490 2932 580 3051 ’Nebrq
601 2979 687 3052 Ἠρὸς
705 2955 757 3038 rob
766 2933 939 3053 RAppsvtoii,
963 2932 995 3036 ri
1014 2931 1098 3058 divos

124 3052 292 3125 Παμφύλου
316 3059 355 3108 est
379 3070 425 3122 ap.
442 3053 520 3108 Plat.
543 3051 585 3127 de·
598 3065 654 3119 rep.
672 3050 704 3104 X
721 3067 752 3119 p.
772 3054 825 3105 614
841 3051 877 3109 B.
902 3051 911 3118 l
935 3045 1044 3120 pamfih
1061 3048 1097 3113 L,

122 3123 263 3194 pamphili
279 3121 307 3175 A
324 3123 334 3192 ll
352 3128 366 3177 7
385 3121 466 3176 acie*
482 3123 523 3188 A,
543 3132 634 3174 aciem
652 3119 679 3172 L
695 3119 705 3187 ll
723 3119 903 3173 caeciderunt
914 3119 950 3172 L¹
965 3119 1004 3186 118
1021 3115 1096 3170 unda

122 3194 162 3246 Α1
175 3192 184 3261 ΙΙ
197 3191 325 3246 sublatus
344 3191 387 3244 est
398 3192 467 3245 Pur.
486 3192 496 3261 ΙΙ
515 3195 546 3243 11
565 3185 610 3241 uir
628 3186 800 3242 atheniensis
817 3188 887 3243 Por.
904 3187 914 3255 11
931 3185 1039 3239 hictum
1058 3183 1098 3238 L¹

124 3267 156 3315 1⁸2
179 3261 295 3315 caetera
313 3259 339 3312 L
361 3261 371 3328 ll
395 3263 426 3313 15
448 3257 589 3328 percussit
607 3255 645 3307 A*
666 3256 676 3324 ΙΙ
698 3260 729 3308 16
752 3253 943 3324 potissimum]
966 3253 1033 3311 add.
1056 3250 1097 3306 lo·

123 3345 188 3383 cum
206 3329 270 3394 ΑἸ
298 3328 327 3380 et
345 3327 384 3385 L.
413 3343 482 3382 aas.
506 3327 539 3382 irs
557 3325 597 3387 A,
625 3339 660 3376 ex
683 3323 748 3377 deo.
768 3323 868 3390 possm,
897 3323 926 3376 et
947 3335 1004 3376 nors
1026 3325 1097 3376 recte

124 3395 232 3474 defend.
256 3329 389 3449 ioertsch
410 3395 451 3448 II
464 3399 494 3474 d,
517 3411 530 3449 e
549 3407 564 3446 o
586 3391 688 3447 inclusi
711 3393 724 3470 ll
747 3397 777 3445 17
803 3391 958 3445 aceruitate
983 3390 1054 3444 L¹A
1082 3389 1097 3470 [l

124 3471 156 3518 18
178 3463 265 3518 talrus
283 3463 321 3516 L¹
346 3464 356 3530 ΙΙ
382 3468 412 3516 19
431 3463 507 3516 utrhs
556 3461 603 3514 1Α1
628 3459 637 3526 ΙΙ
662 3459 697 3512 ab
716 3459 766 3537 1lla
784 3459 853 3512 ,ΒΑ1
878 3460 888 3528 ΙΙ
913 3466 946 3516 20
963 3457 1101 3529 percepta

123 3533 159 3585 Α1
185 3533 195 3601 ΙΙ
220 3538 252 3584 22
271 3530 428 3584 Mirabilior
445 3531 507 3585 edd.
527 3533 594 3585 weit.
616 3528 625 3596 ΙΙ
649 3526 928 3583 23fi1i1L²A²Paa
951 3529 961 3596 ll
982 3533 1015 3580 24
1033 3541 1096 3594 per·

7 3607 9 3642 l
124 3615 206 3656 cussa
224 3600 293 3653 Por.
311 3599 321 3668 ΙΙ
342 3605 375 3652 26
394 3598 547 3653 ommutuit
564 3597 632 3652 Par.
646 3597 656 3665 ΙΙ
669 3601 701 3650 27
720 3597 855 3663 pesarunt
867 3596 933 3650 Lm

906 3680 943 3733 4*
