2540 3950
206 179 270 245 616
497 175 701 232 ΝΕΡΟΤΙΔΝῙ
717 175 882 232 epirotia

77 399 207 444 vaamn.
298 385 364 446 XV.
397 385 452 446 DE
474 385 573 445 RITV
595 383 861 447 DIVERSARVM
885 383 1092 447 annulvn.

89 519 194 562 omna.
272 507 301 565 1.
335 503 439 565 Nobili
461 505 600 581 cuiquam
624 507 780 583 quaestum
802 504 900 564 facere
922 507 1010 581 turpe
1033 507 1106 564 erat
1128 505 1196 566 Bo·

207 609 281 650 mae.
320 589 400 665 apud
422 588 538 650 Poenos
566 608 638 650 uero
665 589 796 664 turpiter
822 589 939 649 lucrum
967 588 1068 649 iacere
1092 589 1194 650 hone

208 677 288 736 etum
310 674 483 751 putabatur.

138 767 191 829 ut
274 760 303 820 2.
331 757 456 819 Veteres
477 757 605 818 Romani
627 757 665 817 ad
686 757 893 834 frugalitatem
913 755 1106 834 probandam
1129 775 1217 836 pros

207 843 324 904 foribus
345 843 543 904 uescebantur
565 845 597 902 et
618 842 751 902 crebrius
772 842 858 918 pulte
881 860 972 918 quam
992 860 1085 918 pane.

139 936 188 997 ul
275 930 305 988 3.
344 927 494 1003 Spartana
522 927 629 988 ciuitas
660 927 846 1003 aliquamdiu
878 927 956 986 ciues
989 944 1062 986 suos
1097 927 1191 988 adire

206 1012 313 1074 Asiam
334 1012 433 1072 uetuit
459 1031 495 1071 ex
516 1014 600 1072 metu
620 1030 658 1071 ne
679 1012 800 1070 luxuria
825 1010 992 1071 imitatione
1007 1029 1190 1074 consuesce·

207 1100 289 1159 rent:
314 1098 492 1172 acceperant
513 1096 594 1156 enim
607 1101 626 1168 †
641 1096 928 1156 districtissimorum
947 1095 1108 1155 homiuum
1124 1097 1189 1157 dis·

207 1182 351 1259 ciplinam
377 1199 469 1257 supra
492 1181 662 1241 satietatem
682 1180 746 1241 illic
768 1180 873 1257 epulae
895 1181 928 1239 in
948 1198 1005 1239 usu
1027 1197 1107 1256 esse,
1132 1201 1189 1242 ue-
1202 1197 1226 1236 ro

207 1269 285 1326 stem
308 1264 482 1339 delicatam,
510 1266 656 1343 unguenti
678 1265 819 1338 odorem,
842 1283 919 1341 quae
941 1265 1033 1324 etiam
1054 1281 1188 1326 seueros

210 1350 369 1411 emolliunt
389 1367 497 1409 mores.

141 1440 192 1502 o,1
275 1436 305 1496 4.
342 1434 429 1494 Iones
457 1435 547 1511 primi
574 1434 607 1494 in
634 1433 781 1494 conuiuiis
809 1435 963 1511 unguenta
992 1450 1189 1510 coronasque

208 1521 402 1598 sumpserunt
430 1521 462 1578 et
489 1519 672 1578 induxerunt
693 1518 840 1578 secundae
862 1535 982 1577 mensae
1004 1515 1189 1579 delicatiora

208 1604 348 1665 conuiuia
368 1606 399 1662 et
420 1603 485 1664 uini
506 1604 647 1662 haustum
667 1603 850 1663 uetustioris.
1201 1617 1226 1657 15

138 1695 187 1756 6,1
271 1690 302 1749 5.
324 1687 487 1748 Pausanias
498 1706 548 1748 rex
559 1687 871 1762 lacedaemoniorum,
880 1687 916 1745 ut
926 1686 1057 1762 primum
1068 1685 1183 1748 Asiam

206 1773 322 1848 maisit,
343 1774 375 1832 in
397 1772 461 1833 eins
483 1772 632 1832 luxuriam
653 1791 690 1833 ac
710 1771 863 1831 lasciniam
888 1771 1004 1830 solutus
1027 1774 1075 1830 est
1098 1790 1186 1831 exer-

208 1858 361 1934 citumque
381 1856 563 1933 praedurum
585 1857 792 1934 indulgentius
813 1855 950 1915 habendo
973 1856 1121 1930 eorrupit.

140 1948 192 2010 aa
276 1944 304 2003 6.
335 1941 475 2018 Spartani
497 1941 665 2000 dimicaturi
687 1941 778 2000 tibiae
799 1940 923 1999 modulo
945 1938 1186 2016 impellebantur

206 2027 239 2088 in
260 2027 374 2087 bellum
396 2031 423 2088 et
444 2027 632 2102 anapaestico
654 2029 760 2084 metro.
788 2024 868 2083 idem
883 2042 984 2084 rursus
1000 2030 1031 2083 et
1046 2026 1181 2086 coccinis
1197 2041 1224 2079 aa

208 2112 319 2171 tunicis
341 2111 503 2172 utebantur
522 2111 555 2171 in
569 2110 696 2189 proelio,
717 2129 755 2168 ne
771 2109 949 2186 sanguinem
963 2127 1067 2169 eorum
1082 2109 1184 2170 hostis

207 2193 325 2256 uideret
351 2195 538 2272 alacriorque
565 2195 666 2269 ficret,
695 2211 815 2253 cumae
838 2193 947 2253 uulnus
968 2193 1108 2253 intulisse
1130 2213 1183 2255 co-

93 2364 197 2408 eam·
206 2282 434 2442 groznatam&
456 2363 577 2425 eosdem
601 2363 765 2439 Spartanos
786 2362 871 2438 pueri
893 2361 995 2422 amicti
1017 2379 1103 2423 cocco
1125 2361 1184 2424 fla-

276 2521 442 2627 marum,
469 2541 813 2622 commaceratio
835 2558 895 2665 οἳ..
917 2543 998 2598 aare
1025 2543 1100 2608 eoa,
1125 2543 1186 2623 aaa
1257 2547 1258 2628 l

192 2611 485 2760 imitati?
501 2613 616 2748 latit
636 2611 864 2757 uultus
887 2611 1187 2800 alcrctrtpu
1257 2683 1258 2696 κ

209 2750 364 2820 (teufilo
381 2751 408 2803 fr
476 2748 564 2803 tatem
577 2746 682 2826 μοι]
701 2745 907 2824 ettluxunam
918 2746 988 2824 cod„
1000 2745 1095 2824 ccffl
1123 2750 1179 2816 m!

134 2843 140 2850 ·
208 2819 393 2888 9acceperat
443 2814 740 2886 cindestnctaaeamae
756 2813 885 2867 hommes
901 2812 1068 2891 drsc1phnae
1085 2813 1184 2890 Eter-

206 2886 281 2942 aaa
297 2886 316 2945 l.
333 2901 355 2944 o.
389 2882 602 2940 destrictiseirna
619 2882 745 2936 omnium
763 2881 908 2936 hominum
925 2881 1011 2950 <ue1>
1028 2879 1186 3001 disciplina
1257 2929 1258 2934 ,

209 2954 315 3010 Gertr‘
326 2955 336 3023 ΙΙ
348 2925 413 3019 fort.
432 2951 583 3021 disciplina
598 2950 687 3004 Halm
699 2951 710 3019 l
723 2956 753 3003 11
773 2966 791 3002 u
852 2951 932 3016 enta,
951 2949 1051 3003 odorea
1098 2949 1182 3005 eucr-

208 3023 301 3088 coac,
323 3021 471 3090 unguenta
496 3020 584 3074 odora
599 3018 702 3096 Nocolc
723 3018 734 3096 ΙΙ
759 3023 791 3071 13
831 3017 928 3071 aiones
951 3016 962 3085 11
986 3020 1019 3069 14
1036 3015 1185 3095 secandae

207 3089 335 3188 mensae]
355 3089 421 3143 sede
439 3087 552 3168 masiel
571 3091 604 3165 lt
621 3084 829 3165 conmmacod.
845 3083 1000 3187 {olmusc
1018 3084 1182 3162 cuppedia?

207 3154 775 3292 memphreppffilnssmffisffiniffi
784 3152 1184 3288 ‘dieiizriaiariniuidsstaeffl

229 3292 333 3370 aestiuo
345 3291 448 3345 Gertz*
465 3289 553 3348 eVot.
567 3303 602 3368 μ,
611 3293 654 3370 7ᾷ,
666 3291 713 3356 21,
732 3289 762 3345 et
778 3301 829 3344 om.
848 3287 906 3345 cod.
918 3287 1007 3342 Halm
1018 3287 1029 3355 l
1041 3285 1184 3342 coccineis

242 3373 272 3410 aa
284 3359 294 3425 ΙΙ
307 3363 340 3410 22
358 3355 461 3411 fierent
472 3358 482 3436 u
495 3363 529 3410 24
546 3358 643 3410 amicti
661 3371 744 3435 cocco
763 3355 822 3434 coll.
833 3353 972 3434 Frontoa.
983 3356 1186 3423 cpp.p.12,13

207 3423 381 3499 Naarecte,
398 3428 431 3477 at
447 3425 517 3491 aad,
535 3423 649 3501 Nocet„
663 3423 713 3477 aad
729 3437 789 3502 apae
806 3426 1046 3499 amutenaapatar
1063 3419 1184 3492 Nepos,

208 3488 664 3620 gitffimrttiticffolcicgoffisspfecne
682 3506 705 3544 c.
723 3489 801 3554 Mae,
819 3490 916 3544 uesuu
933 3505 958 3544 o.
976 3488 1077 3557 Halm,
1096 3503 1184 3545 exer-
