2604 3960
218 139 282 205 194
627 136 692 190 ma.
713 137 777 195 1111,
892 93 899 103 ⁶

215 292 331 358 tinuit:
361 290 439 355 adeo
462 289 691 373 circumspecta
717 289 857 354 ciuitatis
884 293 1013 354 nostrae
1036 311 1190 356 uerecun-

216 376 271 440 dia
293 374 364 441 fuit.
399 395 481 460 quae
504 374 631 458 quidem
655 373 867 439 certissimum
890 375 938 438 sui
960 373 1189 442 documentum

217 461 314 526 etiam
337 459 393 525 illo
417 461 468 524 die
490 459 648 537 exhibuit,
678 480 740 542 quo
763 457 798 523 L.
822 457 1021 524 Flamininus
1044 464 1190 526 extrema

216 546 252 610 in
275 548 366 629 parte
393 544 513 611 theatri
539 543 698 621 constitit,
730 543 806 627 quia
835 565 854 608 a
875 542 919 608 M.
942 544 1065 610 Catone
1096 550 1130 608 et
1152 545 1190 614 L.

189 627 331 696 ¹sillaoco
361 629 545 695 censoribus
573 631 688 692 senatu
714 632 818 693 motas
843 627 963 709 fuerat,
999 629 1188 694 consulatus

215 717 278 780 iam
311 715 432 780 honore
465 713 652 796 defunctus,
689 712 792 777 frater
825 712 920 777 etiam
947 713 984 780 Τ.
1010 712 1190 778 Flaminini

215 799 423 866 Macedoniae
443 797 647 881 Philippique
669 797 815 862 uictoris:
838 817 948 862 omnes
971 799 1057 862 enim
1080 802 1188 863 trans·

215 887 262 950 ire
285 905 357 949 eum
379 884 414 947 in
436 883 542 947 locum
565 881 717 966 dignitati
739 903 813 946 suae
835 881 977 946 debitum
997 888 1186 966 coegerunt.

278 969 308 1032 2.
334 966 505 1052 Confregit
525 986 594 1030 rem
616 965 778 1050 publicam
793 965 962 1031 Terentius
976 966 1081 1031 Varro
1099 967 1187 1032 Can·

176 1053 325 1118 lonensis
347 1071 474 1137 pugnae
495 1051 667 1116 temerario
690 1051 724 1115 in
765 1071 845 1116 essu.
879 1049 964 1116 idem
986 1051 1127 1116 delatam
1144 1053 1186 1118 ab

214 1137 365 1201 uniuerso
388 1138 503 1208 senatu
532 1139 564 1200 et
585 1135 704 1220 populo
748 1136 918 1201 istaturam
945 1137 1088 1220 recipere
1117 1158 1186 1202 non

213 1219 402 1286 sustinendo
430 1221 552 1304 pudore
579 1220 705 1305 culpam
732 1221 889 1285 maximae
919 1221 1018 1285 cladis
1048 1221 1187 1287 redemit

213 1305 382 1389 effecitque
404 1308 440 1371 ut
461 1307 545 1370 scies
568 1304 699 1370 deorum
721 1306 796 1385 irae,
819 1305 978 1370 modestia
992 1306 1093 1389 ipsius
1115 1328 1185 1372 mo·

213 1389 300 1454 ribus
323 1389 544 1474 imputaretur.
589 1391 697 1474 itaque
719 1389 815 1455 titulo
843 1390 994 1476 imaginis
1021 1393 1088 1456 eius
1111 1413 1183 1475 spe-

174 1495 199 1540 rs
213 1474 330 1541 ciosius
359 1497 427 1542 non
454 1478 583 1558 recepte
611 1476 768 1540 dictatura
801 1496 896 1558 quam
924 1474 1058 1540 aliorum
1090 1481 1185 1561 gesta

211 1559 350 1626 adscribi
372 1563 486 1645 potest.

275 1645 304 1712 3.
342 1643 411 1712 Nos
433 1649 541 1710 autem
569 1645 608 1708 ad
630 1643 832 1730 praeclarum
861 1644 1073 1710 uerecundiae
1101 1667 1183 1729 opus

210 1729 494 1814 transgrediamur.
524 1749 642 1827 magna
665 1749 737 1793 cum
759 1727 882 1793 inuidia
903 1728 1035 1793 fortuna
1052 1734 1183 1814 praeto-

210 1815 266 1878 riis
289 1812 426 1879 comitiis
443 1813 589 1878 Africam
612 1813 783 1897 superioris
804 1812 905 1876 filium
921 1811 980 1882 Cn.
997 1811 1182 1898 Scipionem

171 1923 197 1966 eo
211 1901 243 1963 et
257 1897 396 1963 scribam
413 1895 448 1962 C.
466 1895 642 1963 Cicereium
658 1899 693 1963 in
709 1919 857 1981 campum
873 1897 1054 1978 deduxerat,
1081 1904 1181 1984 utque

209 1981 307 2047 nimis
329 1981 480 2064 inpotens
503 2002 649 2048 sermone
664 1983 754 2068 uulgi
769 1984 968 2067 carpebatur,
992 1983 1076 2067 quod
1092 1987 1180 2050 tanti

210 2065 272 2129 uiri
305 2065 495 2150 sanguinem
535 2067 778 2152 clientelamque
812 2067 964 2132 comitiali
1003 2071 1182 2136 certamine

207 2148 408 2216 confuderat.
453 2154 592 2216 ceterum
621 2153 741 2218 crimen
770 2154 837 2218 eius
865 2153 900 2217 in
932 2173 1024 2218 suam
1052 2155 1180 2221 laudem

209 2233 370 2300 Cicereius
393 2236 566 2301 conuertit:
590 2258 666 2302 nam
688 2241 724 2302 ut
745 2238 827 2302 uidit
842 2238 990 2302 omnibus
1012 2260 1046 2302 se
1069 2248 1178 2305 centu-

168 2343 194 2385 es
208 2317 264 2382 riis
288 2317 431 2404 Scipioni
454 2321 622 2406 anteferri,
649 2322 770 2406 templo
799 2321 963 2386 descendit
989 2324 1179 2410 abiectaque

208 2401 343 2469 candida
370 2407 448 2490 toga
481 2407 689 2489 conpetitoris
720 2407 768 2472 sui
802 2407 1046 2492 suffragatorem
1082 2431 1178 2494 agere

208 2487 332 2572 coepit,
356 2492 392 2553 ut
414 2489 537 2554 scilicet
551 2494 734 2575 praeturam
757 2491 870 2556 melius
888 2492 1033 2557 Africani
1055 2514 1176 2560 memo-

207 2572 272 2638 riae
295 2573 484 2639 concederet
506 2596 602 2658 quam
630 2576 692 2641 eibi
720 2577 909 2642 uindicaret.
954 2579 1051 2658 †nec
1076 2581 1177 2645 mari-

275 2764 287 2813 1
309 2758 412 2813 circum
430 2759 559 2829 inspecta
575 2761 656 2815 L¹A¹
669 2762 723 2883 pl
741 2777 798 2830 qua
815 2779 832 2818 a
849 2780 885 2822 m.
903 2764 943 2830 A,
961 2780 1018 2833 qua
1035 2781 1132 2820 marco
1149 2765 1176 2819 L

204 2827 247 2948 pt
266 2827 394 2882 sanatum
413 2827 440 2880 L
457 2828 467 2896 ΙΙ
489 2829 582 2882 motus
599 2843 650 2884 om.
701 2832 749 2898 A¹‚
768 2837 832 2886 oute
850 2833 950 2885 senatu
967 2833 1110 2899 suppleuit
1127 2835 1174 2894 Αἱ,

220 2934 225 2949 .
244 2893 274 2952 Ρ.
295 2895 388 2948 motus
406 2896 505 2950 senatu
523 2911 617 2966 morpo
634 2899 674 2963 A,
693 2903 726 2953 ut
742 2913 792 2954 uos
810 2899 875 2956 dett.
893 2914 964 2954 omn.
987 2901 997 2968 ΙΙ
1019 2906 1034 2954 'l
1053 2899 1176 2955 uictores

204 2960 275 3016 LA¹
293 2963 302 3031 ll
319 2966 336 3015 8
354 2961 532 3032 indignitatis
551 2965 590 3030 (in
610 2966 690 3032 eros.)
708 2965 749 3030 L,
768 2965 915 3036 dignitatis
932 2969 959 3022 A
1012 2973 1027 3022 9
1046 2983 1129 3022 uarro
1148 2969 1176 3023 L

203 3029 282 3092 Por„
301 3043 351 3086 om.
370 3031 398 3084 A
416 3036 441 3086 ct
459 3030 523 3090 dett.
542 3033 552 3100 ΙΙ
569 3033 716 3111 cannensis
735 3035 834 3103 (ultera
851 3052 869 3088 n
887 3050 908 3091 e.
921 3035 939 3090 l.
1007 3037 1017 3103 l
1036 3041 1066 3089 11
1086 3035 1176 3114 dieta-

203 3097 307 3168 turam]
326 3113 472 3152 censuram
490 3099 596 3222 Pomp
607 3107 638 3156 13
656 3101 741 3155 laurea
759 3103 798 3155 A¹
814 3102 824 3170 ΙΙ
842 3103 938 3157 modes
953 3103 977 3158 is
994 3104 1032 3157 A¹
1044 3104 1054 3172 11
1073 3109 1105 3157 14
1123 3119 1174 3156 rm-

225 3165 364 3220 elruretur
381 3165 425 3233 A,
449 3172 481 3222 ut
501 3181 552 3222 noe
620 3170 629 3236 ΙΙ
655 3174 686 3221 18
708 3169 934 3238 transgrediatur
951 3171 989 3225 A¹
1013 3172 1023 3249 l}
1047 3177 1080 3226 20
1100 3171 1175 3226 CL

231 3247 282 3298 or..
301 3246 353 3286 om.
372 3233 398 3286 A
423 3234 433 3302 ΙΙ
454 3239 486 3290 26
505 3233 647 3300 adiectaq.
665 3234 745 3290 L¹A¹
767 3237 777 3306 ΙΙ
798 3241 831 3291 26
848 3237 1039 3307 conpeditorrs
1056 3239 1094 3293 L¹
1113 3240 1123 3307 l
1144 3255 1175 3293 ee

202 3311 287 3366 agere
309 3300 348 3353 A*
371 3300 381 3368 ΙΙ
405 3305 438 3356 27
461 3302 501 3370 ut]
525 3303 628 3370 utqui
652 3302 735 3358 Gertz
751 3318 781 3372 p.
798 3307 852 3360 277
875 3306 884 3374 l
908 3308 1043 3375 praetura
1064 3305 1137 3360 L¹A
1156 3307 1171 3376 ΙΙ

202 3369 236 3420 28
254 3379 306 3418 nec
329 3367 483 3422 maximum
507 3385 567 3424 esse
586 3367 666 3436 LA¹,
687 3386 738 3426 nec
760 3373 907 3426 minimum
931 3374 975 3427 est
991 3375 1038 3438 Αἱ,
1062 3390 1094 3429 ac
1112 3390 1175 3429 ma-

202 3431 309 3507 ximum
331 3433 363 3485 ut
384 3437 457 3509 esset
478 3433 610 3492 Foertsct
632 3437 692 3492 ΙΙΙ
705 3442 753 3500 16,
781 3445 889 3494 oculato
912 3441 1104 3497 distinctione:
1132 3441 1173 3496 Vt

202 3495 310 3551 scilicet
323 3525 353 3537 -
367 3497 525 3555 uindicaret
542 3519 593 3558 nec
612 3505 765 3559 maximum
784 3509 858 3561 esset
875 3523 901 3560 u.
920 3509 1057 3576 pretium,
1077 3509 1172 3579 Scipio
