2590 3948
218 165 259 227 48
648 159 716 214 me.
735 159 755 217 1.

217 336 289 379 rum
315 318 446 378 strenua
472 334 569 396 opere
596 313 703 378 fuerat
728 333 818 390 usus,
850 311 1005 376 uallarem
1033 333 1185 377 coronam

218 400 247 464 ei
277 419 310 464 se
332 419 460 463 seruare
483 398 631 476 dixisset,
655 421 674 461 a
696 418 758 481 quo
782 400 886 461 castra
909 399 1002 461 erant
1023 419 1183 482 oppressa,

216 505 277 549 nec
298 484 500 548 inueniretur
522 484 578 567 qui
601 483 633 546 id
656 481 832 566 praemium
854 486 993 565 peteret,
1019 483 1184 566 cognitum

217 570 337 652 pariter
359 572 454 652 atque
478 571 635 634 creditum
657 571 706 632 est
724 567 860 631 Martem
882 570 1006 650 patrem
1028 570 1107 632 tunc
1129 590 1186 652 po-

191 654 293 735 spulo
317 675 373 718 suo
388 653 537 721 adfuisse.
572 654 658 717 inter
673 655 779 716 cetera
792 649 925 716 huiusce
946 651 993 716 rei
1015 652 1186 718 manifesta

216 738 336 803 indicia
362 739 455 824 galea
484 759 612 823 quoque
641 737 764 801 duabus
791 735 942 802 distincta
968 735 1092 820 pinnis,
1122 760 1186 822 qua
1257 753 1279 774 ⁴

216 824 352 888 caeleste
377 827 473 906 eaput
492 830 614 889 tectum
635 823 754 904 fuerat,
778 825 1001 907 argumentum
1026 821 1184 906 praebuit.

216 907 324 992 itaque
347 907 487 972 Fabricii
517 909 620 973 edieto
648 907 839 990 supplicatio
868 906 964 970 Marti
999 911 1049 970 est
1075 906 1186 972 habita

216 996 249 1056 et
272 1015 291 1056 a
316 992 468 1056 laureatis
492 993 647 1057 militibus
670 1011 789 1075 magna
818 1012 891 1055 cum
919 991 1100 1056 animorum
1122 992 1185 1058 lae-

179 1094 203 1134 10
215 1077 289 1140 titia
311 1076 411 1141 oblati
434 1077 543 1142 auxilii
567 1077 786 1142 testimonium
809 1076 837 1140 ei
861 1079 910 1140 est
931 1075 1100 1141 redditum.

282 1163 311 1227 7.
338 1160 487 1225 Referam
502 1184 590 1228 nuno
605 1161 690 1246 quod
706 1181 763 1225 suo
787 1160 913 1225 saeculo
935 1161 1102 1245 cognitum
1118 1183 1185 1226 ma-

217 1245 311 1309 nauit
339 1246 379 1309 ad
407 1249 568 1329 posteros,
603 1245 784 1330 penetrales
813 1245 888 1310 deos
917 1247 1061 1309 Aeneam
1089 1245 1186 1312 Troia
1279 1320 1286 1330 Ι

217 1330 367 1395 aduectos
396 1329 512 1395 Lauini
542 1336 743 1396 conlocasse:
776 1331 850 1394 inde
879 1330 920 1394 ab
949 1330 1090 1394 Ascanio
1118 1331 1185 1395 filio

218 1416 286 1479 eius
301 1415 429 1497 Albam,
458 1437 554 1499 quum
576 1418 644 1500 ipse
659 1415 865 1498 condiderat,
888 1414 1062 1478 translatos
1079 1415 1186 1499 pristi-

180 1519 204 1559 1⁵
217 1521 296 1564 num
318 1500 492 1564 sacrarium
514 1502 684 1586 repetisse,
715 1504 747 1564 ct
768 1500 843 1583 quia
864 1500 896 1563 id
923 1498 1065 1564 humana
1087 1522 1186 1566 manu

216 1583 340 1649 factum
360 1585 535 1650 existimari
551 1589 694 1671 poterat,
718 1584 837 1657 relatos
852 1584 970 1656 Albam
986 1584 1187 1650 uoluntatem

217 1691 308 1734 suam
330 1670 431 1734 altero
454 1673 594 1735 transitu
617 1669 825 1754 significasse.
872 1690 932 1734 nee
958 1689 1010 1733 me
1031 1670 1187 1752 praeterit

217 1753 255 1818 de
277 1759 368 1819 motu
384 1758 417 1818 et
431 1776 510 1820 uoce
534 1756 666 1819 deorum
686 1753 906 1818 inmortalium
920 1754 1070 1818 humanis
1086 1755 1186 1821 oculis

218 1839 410 1922 auribusque
431 1844 583 1924 percepto
606 1861 701 1923 quam
723 1839 759 1903 in
774 1839 909 1923 aneipiti
925 1838 1076 1922 opinione
1092 1841 1187 1905 aesti-

179 1922 317 1987 aomatio
345 1931 506 2004 uersetur,
538 1924 593 1989 sed
621 1925 697 2008 quia
723 1945 788 1988 non
816 1945 903 1989 noua
931 1925 1096 2004 dicuntur,
1131 1925 1187 1990 sed

217 2007 338 2071 tradita
352 2011 551 2091 repetuntur,
566 2010 662 2073 fidem
678 2012 822 2074 auctores
838 2008 1019 2074 uindicent:
1041 2013 1186 2074 nostrum

219 2095 268 2156 est
282 2093 404 2157 inclitis
422 2093 603 2158 litterarum
619 2093 836 2158 monumentis
852 2101 1037 2161 consecrate
1051 2095 1186 2179 perinde

219 2197 255 2241 ac
278 2198 356 2241 uera
376 2199 443 2242 non
465 2178 634 2264 refugisse.

282 2262 313 2326 8.
344 2261 443 2326 Facta
463 2264 628 2328 mentione
649 2261 754 2344 urbis,
782 2284 799 2327 e
821 2285 883 2346 qua
904 2264 1080 2348 primordia
1107 2264 1187 2329 ciui·

180 2347 268 2410 astes
290 2350 401 2411 nostra
422 2349 536 2431 traxit,
565 2348 658 2412 diuus
680 2347 781 2412 Iulius
803 2347 910 2412 fausta
930 2351 1038 2432 proles
1062 2349 1129 2413 eius
1153 2370 1187 2413 se

219 2431 313 2496 nobis
346 2431 447 2497 offert.
471 2454 566 2517 quem
582 2433 615 2498 Ο.
632 2431 761 2498 Cassius
779 2453 955 2517 numquam
978 2436 1047 2499 sine
1062 2433 1188 2518 praefa-

219 2516 308 2580 tione
340 2515 461 2599 publici
493 2517 654 2600 parrieidii
688 2517 917 2600 nominandus,
950 2540 1024 2584 oum
1050 2521 1087 2585 iu
1119 2519 1187 2583 acie

222 2599 423 2684 Philippensi
444 2602 668 2666 ardentissimo
691 2602 799 2667 enimc
821 2607 994 2688 perstaret,
1024 2603 1106 2668 uidit
1128 2603 1188 2668 hu-

220 2691 320 2750 mauo'
349 2686 464 2750 habitu
496 2687 726 2772 augustiorem,
764 2709 926 2772 purpureo
959 2689 1187 2772 paludamento

183 2795 209 2834 ao
221 2771 388 2854 amictum,
410 2771 530 2836 minaci
551 2771 643 2837 uultu
666 2774 698 2836 et
721 2773 882 2838 concitato
905 2795 986 2854 equo
1009 2773 1045 2837 in
1073 2795 1105 2838 sc
1128 2774 1188 2837 im·

217 3008 544 3130 deaureata:
562 3011 684 3132 rus
697 3024 794 3132 cus
809 3008 1134 3149 relaturus·
1152 3009 1189 3133 u

221 3145 234 3210 ll
263 3142 451 3198 deoraeneam
472 3116 544 3212 ’A1it
567 3151 598 3198 14
614 3144 734 3213 pristina
752 3145 789 3199 11¹
814 3143 826 3214 ll
851 3151 882 3200 15
899 3119 1004 3199 manu’*
1021 3146 1061 3213 L,
1088 3163 1190 3200 manus

217 3211 256 3263 Α1
278 3212 283 3278 l
310 3216 341 3264 21
362 3211 489 3265 nostrum
507 3214 552 3265 est
567 3213 659 3280 recepi
675 3229 689 3266 e
706 3213 865 3268 coniectura
881 3214 1001 3272 Halmii.
1035 3216 1191 3268 nostrumst

218 3277 269 3330 Mu
291 3278 342 3348 wip
358 3279 471 3333 11316.
506 3281 632 3333 nostrum
651 3279 758 3334 sitLA
775 3281 884 3350 Halmii
902 3288 934 3336 22
951 3281 1009 3336 incl
1043 3281 1066 3334 's
1083 3280 1154 3362 Lm
1174 3282 1189 3352 ΙΙ

218 3350 251 3398 22
264 3348 442 3400 consecrata*
453 3347 480 3399 L
499 3351 523 3402 et
536 3361 603 3402 corr.
619 3349 796 3402 consecrata*
804 3350 831 3402 A
843 3350 854 3418 ΙΙ
866 3355 899 3403 23
913 3365 983 3404 uera
1025 3349 1093 3404 ovalo
1105 3350 1191 3421 Lwly

218 3411 250 3466 X
266 3415 317 3466 397
335 3419 361 3468 et
382 3413 502 3484 Weuslcy
519 3417 590 3469 1884
601 3430 631 3483 p.
649 3419 708 3482 779,
727 3417 802 3471 uana
818 3419 846 3470 A
867 3418 876 3486 ΙΙ
894 3423 928 3472 24
944 3417 1050 3473 factam
1067 3418 1189 3472 mentio·

218 3495 283 3534 nem
296 3479 355 3533 LA
373 3483 377 3548 Ι
390 3486 423 3534 26
436 3481 519 3558 offert
536 3483 599 3548 (litt.
618 3484 631 3535 t
642 3484 675 3536 iu
686 3483 783 3552 litura)
796 3484 836 3551 A,
855 3483 938 3540 offers
950 3485 977 3540 L
989 3486 1000 3553 ΙΙ
1013 3502 1037 3541 c.
1056 3486 1190 3542 inlitora

217 3546 259 3612 A,
278 3551 308 3601 cs
323 3547 367 3616 ΕΙ
385 3553 418 3600 27
436 3564 465 3600 111
484 3549 564 3616 Pur,
582 3565 634 3608 om.
652 3550 711 3604 LA
723 3551 735 3622 ll
747 3558 780 3608 30
799 3553 1008 3608 amictuminaci
1026 3554 1101 3607 L¹A¹

1278 2623 1293 2920 l

1285 3187 1292 3490 l
