2550 3958
206 173 269 238 452
601 167 671 224 ms.
690 167 777 223 um.

209 325 245 388 in
268 343 332 407 qua
354 321 528 408 plurimum
551 325 664 406 postca
684 320 860 386 Tusculani
882 321 917 384 in
939 321 1114 387 ciuitatem
1136 345 1186 388 re-

211 409 297 506 cepti
318 408 503 505 potuerunt,
527 406 689 508 neminem
705 405 1189 559 umquamdoendidttdffltt

210 491 867 673 pqpmupppssppc1perpppqprqqpupssppffis
886 511 993 640 εἰιιίξῖἐιιιι1
1021 597 1060 640 ac
1087 577 1186 643 liber·

183 666 328 746 atatem,
351 665 508 810 quantum
529 660 564 725 in
585 681 656 743 rpsa
677 659 754 740 fmt,
777 659 948 724 ademerat

276 749 307 811 2.
341 745 436 811 llam
458 765 534 810 uero
557 744 713 810 ultionem
736 747 769 809 et
790 747 920 810 senatus
943 747 976 808 ct
997 764 1186 813 consensus

210 833 356 897 omnium
378 830 417 895 ad
441 831 582 895 robauit:
610 850 681 894 cum
710 829 797 893 enim
825 828 988 893 Adrianus
1010 829 1099 894 ciuis
1123 830 1187 897 Ro

210 937 334 998 manos,
379 915 411 980 ui
458 916 540 979 ticae
563 914 793 996 consistebant,
817 913 944 979 sordido
966 913 1110 998 imperio
1133 939 1187 982 ue-

209 1004 317 1066 xasset
343 937 524 1083 idcircoque
552 998 594 1063 ab
624 998 675 1062 his
702 999 797 1063 uiuus
824 1001 910 1063 esset
937 1002 1087 1083 exustus,
1126 1024 1187 1066 neo

171 1115 196 1154 ιο
211 1085 354 1233 (11116εῂῗο
375 1084 442 1236 apta
464 1083 499 1148 in
521 1083 599 1148 urbe
621 1083 681 1149 hac
702 1083 740 1148 dc
762 1104 797 1148 re
818 1081 930 1148 habita
952 1103 1013 1148 nec
1035 1087 1187 1168 querella

210 1191 303 1234 uersa
360 1189 393 1233 es

275 1252 350 1318 Eat.
375 1254 403 1318 1.
437 1252 550 1318 Clarae
565 1252 699 1316 ultionis
721 1255 855 1337 utraque
870 1253 992 1337 regina,
1015 1256 1050 1317 et
1065 1252 1188 1340 Tomy-

210 1340 270 1423 riS,
302 1358 385 1436 quae
414 1358 452 1402 ca
475 1340 511 1402 ut
539 1336 615 1422 cyri
647 1337 808 1402 abscisum
835 1338 870 1401 in
896 1341 1001 1401 utrem
1035 1337 1187 1406 humano

211 1444 368 1509 sangume
390 1359 549 1506 reptttum
572 1421 699 1486 demitti
725 1421 819 1486 iussit
841 1421 1038 1505 exprobrans
1061 1423 1116 1488 illi
1140 1427 1189 1490 in·

171 1537 197 1577 15
210 1507 392 1576 satiabilem
420 1507 540 1573 cruoris
569 1506 655 1570 sitim
684 1506 841 1590 simulque
868 1527 989 1589 poenas
1018 1508 1124 1572 occisi
1147 1512 1188 1575 ab

211 1616 248 1659 eo
269 1591 329 1656 filii
351 1593 401 1658 sui
424 1591 571 1676 exigens,
602 1593 636 1656 et
658 1590 825 1674 Berenice,
848 1612 930 1674 quae
952 1590 1111 1657 Laodices
1136 1595 1186 1660 in·

211 1678 301 1744 aidiis
323 1676 539 1760 interceptum
561 1675 622 1740 sibi
644 1675 746 1740 filium
761 1675 906 1761 grauiter
927 1675 1033 1740 ferens
1057 1683 1187 1744 armata

212 1784 340 1828 currum
369 1761 557 1827 conscendit
583 1763 815 1844 persecutaque
843 1759 1016 1825 satellitem
1043 1763 1187 1849 regium,

212 1847 348 1913 crudelis
378 1846 484 1931 operis
513 1845 697 1910 ministrum
723 1846 854 1910 nomine
877 1845 1055 1928 anneum,
1086 1869 1187 1946 quem

172 1963 198 2002 aa
212 1934 306 1998 hasta
326 1931 523 2017 nequiquam
545 1929 698 2014 petierat,
721 1951 798 1994 saxo
820 1929 921 1995 ictum
942 1932 1125 2015 prostramt
1149 1956 1187 2000 ao

212 2039 307 2101 super
335 2017 404 2080 eius
432 2037 547 2098 corpus
576 2015 656 2080 actis
679 2014 770 2098 equis
797 2015 883 2080 inter
911 2014 1031 2081 infesta
1053 2021 1186 2083 contra·

212 2103 278 2166 riae
305 2100 407 2184 partis
442 2100 573 2185 agmina
601 2099 641 2164 ad
674 2099 819 2176 domum,
853 2099 888 2164 in
919 2121 984 2185 qua
1015 2101 1185 2169 interfecti

211 2184 303 2270 pueri
326 2206 440 2268 corpus
463 2183 620 2249 occultari
642 2184 877 2269 arbitrabatur,
900 2184 1050 2269 perrexit.

275 2269 303 2334 2.
343 2268 491 2334 Iasonem
519 2268 709 2335 Thessalum
740 2269 912 2335 Persarum
951 2269 1021 2355 regi
1059 2271 1186 2338 bellum

172 2382 197 2422 as
212 2352 332 2418 infame
359 2356 527 2438 parantem
560 2375 603 2418 an
631 2355 708 2419 satis
741 2355 828 2420 iusta
856 2355 937 2419 ultio
966 2357 1187 2441 absumpserit

213 2438 382 2525 ambiguae
403 2438 635 2505 aestimationis
662 2441 727 2504 est:
764 2438 888 2504 Taxillo
910 2439 996 2504 enim
1018 2443 1187 2524 gymnasi·

213 2522 308 2590 archo
337 2545 356 2588 a
383 2523 575 2607 quibusdam
602 2524 775 2589 iuuenibus
803 2525 966 2608 pulsatum
1000 2547 1034 2590 se
1066 2535 1186 2610 questo

281 2681 293 2727 1
313 2675 468 2742 ciuitatem]
488 2673 589 2728 urbem
606 2678 637 2730 Π
647 2676 657 2743 t
676 2681 691 2729 3
710 2675 746 2729 ad
763 2675 843 2729 illam
863 2679 891 2731 Π
903 2677 913 2745 ΙΙ
930 2682 947 2729 4
964 2674 1106 2798 ειιῶἕῗὶε
1124 2679 1186 2734 suis
1254 2709 1256 2734 ³

211 2742 295 2808 A2E,
322 2741 461 2812 suffragiis
493 2747 553 2807 (mn.
580 2742 649 2809 suis)
676 2743 762 2805 A¹H‚
791 2744 868 2798 suffr.
896 2759 994 2798 corum
1087 2785 1095 2812 ,
1124 2748 1187 2800 suis

211 2810 289 2864 suffr.
309 2810 363 2865 alii
380 2810 444 2864 dett.
457 2810 467 2878 ΙΙ
481 2815 496 2864 5
509 2812 647 2878 quantum
659 2812 735 2867 ΜΠ
750 2811 815 2868 deu.
844 2825 896 2866 om.
914 2812 950 2865 A'
965 2813 975 2880 ΙΙ
988 2811 1136 2866 ademerat
1156 2819 1188 2870 Π
1253 2795 1256 2822 ¹

213 2879 295 2940 ceta,
315 2877 454 2933 adimeret
470 2876 522 2942 A¹,
542 2877 682 2932 ademerit
699 2878 766 2948 A²fl
787 2885 800 2933 7
818 2852 971 2934 badrianus
988 2879 1027 2933 A’
1044 2882 1131 2947 Pon,
1151 2888 1187 2938 ut

211 2961 261 3001 uos
278 2945 317 2997 A¹
336 2950 360 3000 ct
378 2944 436 3003 cod.
459 2942 521 2999 Vct.
541 2944 598 3000 θέο.
618 2947 650 3000 ia
671 2944 748 3003 Vcrr.
772 2946 798 2999 V
812 2950 855 3010 36,
874 2950 909 3002 94
927 2953 953 3002 ct
971 2947 1047 3002 Oros.
1069 2947 1154 3014 V,ao
1170 2952 1183 3018 ΙΙ

213 3013 289 3067 ciues
300 3012 340 3066 Α*
351 3013 423 3067 Por.
437 3013 447 3080 t
459 3026 592 3067 romanus
603 3015 639 3067 A¹
654 3015 665 3082 t
677 3020 693 3068 9
706 3014 742 3069 ab
756 3015 796 3068 eis
807 3017 877 3070 Par.
887 3015 974 3070 Halm
986 3016 996 3083 u
1012 3021 1042 3070 10
1057 3016 1186 3072 haedere

211 3082 319 3150 A¹1112
337 3080 441 3149 ultraq.
459 3080 497 3133 A¹
515 3081 525 3149 ΙΙ
542 3081 650 3153 reginta
667 3085 697 3151 (a
713 3083 746 3137 ἐπ
762 3085 830 3150 raa.)
843 3084 870 3136 A
883 3084 893 3152 fl
905 3083 1042 3152 thamyris
1058 3083 1095 3150 A,
1115 3085 1186 3144 add.

211 3166 239 3201 u.
267 3148 402 3228 thameris
427 3161 523 3228 moryo
548 3149 590 3215 A,
616 3150 752 3228 thomatis
772 3151 873 3229 ,Por.¹,
901 3151 1038 3220 thamyris
1062 3152 1147 3208 Par.¹
1170 3155 1173 3218 l

214 3223 246 3270 13
264 3218 327 3270 utre
346 3219 416 3294 (aaa
434 3217 534 3284 laturo)
552 3216 580 3270 A
596 3218 610 3295 η
625 3224 656 3271 14
674 3217 780 3271 drnuttr
797 3218 825 3271 A
841 3218 911 3273 Por.
926 3221 936 3288 t
952 3224 985 3273 16
1002 3219 1137 3292 berenicq

214 3284 231 3351 ΙΙ
252 3283 369 3339 laodicrs
386 3284 425 3336 A²
440 3285 450 3353 Ι]
468 3287 505 3360 18.
519 3285 672 3340 satclhtem
685 3317 715 3324 —
728 3286 841 3340 nomine
861 3286 926 3341 dett.
944 3301 1030 3354 oum,
1048 3301 1099 3342 om.
1120 3289 1149 3341 A
1169 3289 1174 3358 Ι

215 3357 246 3404 19
265 3368 350 3419 quem
368 3352 442 3413 dett,
466 3368 513 3420 qm
531 3353 560 3420 (i.
580 3369 601 3408 c.
621 3354 769 3421 quoniam,
791 3359 824 3409 ut
841 3354 920 3409 babet
938 3357 977 3420 Γ)
995 3354 1022 3407 A
1043 3355 1053 3423 ΙΙ
1074 3359 1108 3408 25
1134 3356 1185 3411 ad·

215 3419 366 3485 sumpserit
377 3421 413 3473 A¹
428 3421 438 3486 ss
451 3426 483 3496 26
496 3419 595 3475 taxillo
607 3422 681 3488 ΛΠ,
700 3421 834 3500 tauiyppo
847 3422 907 3488 (sic)
919 3422 998 3487 Pau„
1016 3439 1042 3481 u.
1054 3423 1185 3547 taxyppo

215 3497 311 3550 margo
328 3487 369 3550 A,
392 3485 520 3554 Tamppo
538 3488 638 3554 Halm,
660 3503 751 3542 meacm
773 3505 811 3542 aa
833 3495 904 3544 recte
919 3491 930 3558 ΙΙ
951 3496 981 3544 27
1000 3489 1115 3560 pulsato
1163 3495 1185 3562 ²,

215 3548 282 3605 odd.
301 3566 327 3602 u,
346 3550 493 3620 pulsatus!
510 3568 525 3605 c
543 3557 642 3621 questo
659 3555 792 3625 {pmilsit
810 3571 905 3626 moryo
922 3557 950 3611 A

1248 281 1250 368 t
