2604 3960
18 3583 20 3590 ,
115 3530 172 3596 1126
191 3528 329 3583 cateIInae
347 3529 386 3582 Λ1

334 144 412 200 CAP.
430 145 492 212 VII,
510 145 573 204 uxr.
585 150 600 212 ξ
612 151 635 201 2.
661 145 739 211 VIII,
757 150 772 212 ξ
787 152 860 206 1-3.
1019 148 1080 212 211

110 302 188 364 ante
211 297 337 364 saecula
357 317 491 382 paruam
512 299 667 382 pecuniae
689 319 845 363 summam
860 302 1026 383 erogatam
1041 299 1082 364 ad

110 384 174 450 hoc
205 403 306 467 usque
337 386 464 467 tempus
496 381 690 448 laudabilem
722 382 809 452 fecit.
862 384 1008 468 captiuos
1041 384 1082 449 ab

110 467 296 534 Hannibale
316 467 510 552 interposita
524 468 674 552 pactione
688 489 892 532 nummorum
907 472 1084 553 receperat.

111 554 167 638 qui
190 574 264 618 eum
285 573 305 616 a
324 558 439 617 senatu
455 573 524 616 non
537 555 787 636 praestarentur,
811 553 908 616 misso
923 553 958 618 in
972 553 1084 618 urbem

110 637 178 703 filio
193 636 455 784 fundum‚}quem
470 637 600 735 unicum
614 636 812 734 possidebat,
836 637 982 735 uendidit
1002 639 1109 702 eius-⁵

111 720 1085 892 ttrrrttter'ttttrf0tbrtttzt'taltrt

111 893 173 956 hoc
195 891 239 988 in·
252 889 392 988 Pupinia
416 889 552 989 addictis
574 891 756 989 redactum,
779 891 806 956 si
829 892 936 956 animo
960 894 1083 976 'sprae-

110 978 273 1061 rogantrs,
301 995 389 1039 omni
411 996 550 1059 pecunia
571 996 691 1040 marus:
726 997 759 1041 se
788 976 875 1040 enim
896 977 1083 1060 patrimonii

112 1081 209 1145 quam
232 1059 371 1142 patriam
393 1059 468 1123 fidei
490 1061 621 1143 inopem
643 1081 712 1125 esse
734 1061 867 1144 maluit,
896 1081 933 1126 eo
955 1061 1084 1145 quidem
1098 1081 1124 1120 ιο

111 1145 236 1210 maiore
259 1165 333 1209 curn
355 1144 651 1228 commendatione,
677 1146 762 1229 quod
783 1147 877 1230 proni
898 1146 996 1210 studii
1018 1167 1084 1211 eer-

111 1229 177 1294 tius
199 1228 356 1293 indicium
378 1231 428 1292 est
456 1250 552 1313 supra
579 1229 665 1294 uires
688 1229 750 1293 niti
777 1251 874 1314 quam
899 1231 1024 1295 uiribus
1047 1253 1085 1296 ex

111 1313 200 1378 facili
222 1313 288 1379 uti:
312 1317 394 1376 alter
409 1313 494 1378 enim
510 1314 595 1397 quod
608 1317 717 1396 potest
731 1318 887 1397 praestat,
911 1315 992 1380 alter
1012 1314 1085 1400 plus

112 1398 211 1464 etiam
234 1418 331 1481 quam
354 1400 468 1482 potest.
511 1401 543 1462 2.
565 1397 678 1482 Itaque
701 1398 841 1463 eiusdem
863 1404 927 1463 tem
953 1401 1018 1465 oris
1040 1399 1085 1463 fe-

113 1482 203 1548 mina
218 1481 305 1546 Busa
326 1483 473 1565 nornine,
496 1481 637 1568 regionis
652 1485 760 1547 autem
774 1482 900 1567 Apulae
940 1483 1082 1562 'tissima
1098 1509 1124 1550 rs

113 1567 230 1632 merito
246 1565 374 1650 quidem
389 1566 592 1631 liberalitatis
606 1567 828 1632 testimonium
842 1569 1009 1651 receperit,
1030 1570 1084 1632 sed

112 1651 307 1717 excellenter
330 1671 407 1734 opes
427 1672 500 1716 suas
515 1649 669 1717 Fabianis
684 1653 730 1716 rei
745 1651 912 1716 familiaris
927 1653 1085 1737 angustiis

113 1757 184 1802 non
205 1735 449 1819 conparauerit:
482 1757 559 1800 narn
582 1737 643 1801 etsi
665 1737 751 1800 circa
772 1742 798 1798 ῑ
821 1735 940 1801 ciuium
962 1739 1085 1801 nostro-

112 1842 200 1903 rum,
224 1818 406 1885 Cannensis
427 1821 541 1903 proelii
557 1821 725 1905 reliquias,
750 1820 979 1904 benignissime
998 1822 1085 1886 intra

112 1903 278 1970 Canusina
301 1905 427 1969 moenia
448 1905 611 1971 alimentis
634 1906 838 1986 sustentauit,
862 1905 953 1971 saluo
975 1907 1123 1974 tamense

111 1994 201 2054 statu
223 1989 427 2054 fortunarum
450 2011 577 2054 suarum
600 1991 787 2056 munificam
815 2012 848 2056 se
876 1990 997 2076 populo
1021 1989 1085 2056 Ro-

114 2093 212 2138 mano
234 2074 409 2158 praestItit:
434 2073 553 2140 Fabius
575 2075 610 2138 in
632 2074 789 2140 honorem
804 2077 929 2160 patriae
950 2097 1084 2160 pauper·

113 2163 213 2224 tatem
236 2159 348 2242 inopia
370 2159 518 2229 mutauit.

175 2245 204 2308 3.
247 2242 287 2307 In
314 2240 351 2318 Q.
382 2264 510 2328 quoque
538 2243 689 2309 Considio
718 2243 918 2308 saluberrimi
946 2245 1082 2329 exempli

110 2348 172 2392 nec
194 2327 264 2392 sine
286 2348 385 2411 paruo
407 2328 513 2413 ipsius.
530 2327 639 2393 fructu
660 2328 837 2394 liberalibus
857 2329 1010 2394 adnotata
1024 2335 1083 2394 est.
1098 2359 1124 2400 se

113 2411 169 2496 qui
191 2411 352 2478 Catilinae
380 2411 490 2477 furore
512 2412 558 2477 ita
584 2417 789 2478 consternata
815 2434 849 2478 re
877 2414 1021 2498 publiea,
1049 2419 1086 2480 ut

110 2518 153 2560 ne
175 2518 194 2560 a
221 2496 435 2580 locupletibus
464 2497 592 2581 quidem
620 2497 746 2563 debitae
774 2500 928 2582 pecuniae
954 2501 1086 2583 propter

112 2580 288 2646 tumultum
309 2582 422 2665 pretiis
444 2583 682 2666 possessionum
710 2583 883 2647 deminutis
911 2583 994 2648 solui
1018 2603 1084 2648 cre-

112 2666 270 2731 ditoribus
293 2670 440 2750 possent,
463 2687 536 2731 cum
558 2667 679 2732 centies
694 2670 791 2751 atque
806 2667 1019 2752 quinquagies
1038 2689 1084 2732 ae·

110 2751 215 2815 stertii
237 2771 392 2818 summam
414 2751 451 2816 in
472 2750 604 2816 faenore
626 2751 777 2834 haberet,
806 2773 911 2835 neque
937 2752 975 2817 de
999 2756 1084 2816 sorte
1096 2785 1123 2826 30

181 2911 193 2954 1
219 2901 342 2970 saecula]
367 2901 435 2980 add.
453 2903 570 2971 propter
588 2920 648 2958 mar
666 2919 681 2957 o
697 2903 766 3024 ,ΒΕ
785 2917 875 2972 parua
898 2918 959 2970 pec.
977 2919 1084 2956 summa

111 2969 231 3036 erogata
247 2968 286 3020 A’
303 2969 313 3037 ΙΙ
329 2976 345 3024 t
363 2969 487 3040 unrcum]
506 2971 573 3025 add.
591 2971 613 3025 I.
656 3017 661 3030 ,
681 2988 743 3024 e1m1
767 2971 811 3025 ter
828 2985 922 3039 margo
940 2970 968 3023 A
985 2971 994 3040 ll
1011 2976 1026 3024 7
1045 2987 1085 3024 aa

112 3052 128 3090 e
148 3035 278 3104 septem?
314 3040 330 3089 8
347 3037 515 3106 pnppiniam
533 3038 592 3092 LA
604 3040 614 3107 I
627 3037 664 3092 ad
682 3039 776 3092 animo
794 3036 842 3106 (ad
860 3053 881 3092 e.
900 3038 918 3092 l.
936 3043 962 3093 at
979 3053 996 3091 o
1014 3053 1086 3092 corr.

110 3121 146 3158 ecc
164 3102 220 3170 ul)
239 3101 266 3155 L
322 3105 500 3225 prerogantis
523 3105 562 3168 L,
586 3107 730 3176 progantis
752 3106 793 3172 A,
817 3121 918 3173 penses
940 3106 1084 3175 erogantis

110 3173 176 3226 oeae
188 3169 311 3241 Madaip
340 3171 360 3224 1
370 3173 406 3226 32
430 3212 437 3238 ,
457 3173 588 3227 aestimes
601 3174 744 3252 erqgantis
758 3172 870 3233 (emat,
883 3173 979 3228 malim
991 3178 1085 3228 tamea

109 3239 252 3310 ponderes
270 3239 316 3319 ael
333 3237 506 3307 ponderetur
518 3243 671 3320 erogantrs.
698 3241 735 3308 cf,
753 3241 837 3306 IIII,
848 3242 874 3304 4,
885 3244 918 3306 9,·
941 3239 1009 3306 VII,
1024 3245 1083 3307 6,1

115 3309 156 3376 119
174 3322 324 3404 pecuniam
342 3306 447 3375 L¹‚A¹ll
463 3313 492 3361 15
509 3311 673 3390 regenitus
692 3310 740 3375 (bu
754 3309 891 3403 metati
908 3307 957 3404 Lu
972 3313 1003 3362 16
1021 3309 1082 3380 sed]

111 3391 656 3472 odd.s1·A²jll·7qpusA¹ll18XL,X
668 3394 713 3461 ΑΙ
732 3398 764 3448 19
776 3394 976 3490 bemgnrserme
988 3409 1085 3463 marae

110 3460 152 3527 A,
171 3459 379 3530 benrgnnsrmrs
398 3459 455 3598 qegcsst
472 3466 542 3581 garg.
554 3479 573 3581 ls
585 3479 619 3515 m.
632 3462 703 3583 {sqq
724 3460 803 3528 ,JLA
817 3461 827 3529 ΙΙ
840 3467 871 3514 22
889 3461 995 3517 honore
1013 3461 1084 3515 L¹A

485 3546 504 3581 u
535 3547 553 3582 u
565 3546 614 3583 um

874 3614 929 3668 14I
