2608 3952
179 131 243 196 268
604 128 671 183 ΠΒ·
688 128 723 185 V·

180 281 384 366 copationem
399 280 603 346 sollemnium
618 281 788 346 uerborum
802 283 929 365 postem
939 283 1055 345 tenens
1066 303 1157 346 mor-

180 370 275 432 tuum
302 387 370 430 esse
397 366 500 430 filium
527 387 622 430 snum
649 365 806 449 audisset,
840 387 945 449 neque
971 387 1106 431 manum
1134 390 1158 430 a

180 456 273 536 poste
294 451 447 533 remouit,
475 473 517 515 ne
543 451 628 514 tanti
648 451 763 548 templi
788 450 1023 549 dedicationem
1050 452 1157 549 inter·

154 535 626 703 ,usstiureins
639 535 1155 705 trtthtfflss‘littlt

180 709 289 791 partes
312 707 415 791 egisse
437 705 607 770 uideretur.
651 705 772 770 clarum
794 705 988 789 exemplum,
1011 726 1072 770 nec
1094 709 1156 770 mi-

179 813 242 856 nus
263 795 374 856 tamen
395 791 531 854 inlustre
553 789 639 874 qnod
660 791 813 874 seqnitur.

243 877 275 940 2.
313 875 470 940 Aemilius
492 872 626 959 Paulus,
653 897 741 940 nunc
762 874 954 958 felicissimi,
980 895 1069 938 nunc
1091 876 1156 939 mi-

180 961 306 1026 serrimi
326 961 428 1044 patris
450 959 628 1024 clarissima
645 960 913 1044 repraesentatio,
936 981 976 1024 ex
997 962 1153 1043 quattuor

142 1065 168 1105 ro
180 1046 256 1110 filiis
277 1047 399 1110 formae
420 1044 575 1129 insignis,
598 1066 616 1109 e
656 1046 748 1130 egise
769 1043 888 1109 indolis
910 1044 989 1108 dnos
1004 1045 1074 1108 inre
1097 1044 1154 1108 ad-

180 1129 322 1227 optionis
343 1130 378 1194 in
400 1129 584 1226 Corneliam
600 1065 798 1227 llsrbiamque
819 1132 950 1214 gentem
971 1129 1151 1226 translatos

180 1214 242 1278 sib1
264 1215 332 1298 ipse
360 1212 548 1299 denegaurt:
576 1214 655 1278 dnos
683 1236 713 1279 e1
739 1215 870 1278 fortuna
890 1213 1033 1278 abstulit
1073 1235 1152 1298 qno·

179 1320 251 1362 rum
284 1299 366 1364 alter
397 1299 597 1383 triumphum
629 1299 731 1382 patris
763 1299 877 1364 funere
909 1319 968 1363 suo
1000 1303 1153 1383 quartum

180 1388 256 1448 ente
278 1383 362 1449 diem
383 1383 573 1468 praecessit,
596 1383 679 1448 alter
699 1384 735 1448 in
755 1382 943 1468 triumphali
965 1404 1060 1448 curru
1075 1405 1152 1448 con-

141 1485 167 1526 15
180 1472 306 1552 spectus
327 1474 402 1553 post
423 1469 507 1533 diem
529 1469 663 1534 tertium
684 1490 702 1533 e
746 1468 852 1534 irauit.
895 1468 1003 1552 itaque
1031 1468 1088 1551 qui
1110 1467 1151 1531 ad

180 1553 348 1619 donandos
370 1575 470 1638 usque
491 1553 609 1618 liberos
624 1554 712 1618 abun
734 1557 862 1634 suerat,
885 1553 920 1616 in
939 1552 1078 1618 orbitate
1100 1575 1151 1617 su·

178 1638 249 1703 bito
272 1639 442 1704 destitutus
464 1642 522 1707 est.
565 1660 661 1722 quem
688 1660 797 1703 casum
824 1658 886 1722 quo
908 1638 1023 1702 robore
1048 1637 1151 1702 enimi

180 1724 368 1788 sustinuerit
390 1724 550 1806 oratione,
573 1745 670 1808 quam
692 1723 731 1787 de
752 1723 849 1788 rebus
863 1744 883 1786 a
897 1744 932 1786 se
948 1723 1047 1807 gestis
1062 1721 1149 1806 apud

180 1808 334 1892 populum
356 1807 484 1888 habuit,
507 1811 591 1874 hanc
614 1807 779 1874 adiciendo
795 1808 972 1872 clausulam
986 1806 1066 1871 nulli
1082 1829 1150 1870 am-

140 1910 167 1950 ao
180 1893 316 1978 biguum
337 1893 482 1976 reliquit:
505 1899 595 1958 ‘cum
615 1895 652 1958 in
673 1893 813 1958 maximo
828 1896 991 1976 prouentu
1012 1891 1153 1956 felicita·

179 1977 222 2040 tis
244 1981 391 2060 nostrae,
412 1977 567 2062 Quirites,
589 1979 736 2042 timerem
757 1999 799 2043 ne
821 1977 897 2061 quid
919 1976 996 2041 mali
1017 1977 1154 2041 fortuna

179 2060 361 2142 moliretur,
394 2060 506 2126 Iouem
534 2063 693 2146 optimum
725 2063 900 2127 maximum
926 2060 1152 2145 Iunonemque

178 2145 325 2228 reginam
348 2150 380 2210 et
401 2145 584 2212 Mineruam
604 2151 753 2230 precatus
775 2169 846 2211 sum
868 2151 919 2230 ut,
945 2147 973 2210 si
995 2147 1071 2230 quid
1094 2146 1152 2210 ad·

178 2229 265 2294 uersi
287 2230 405 2314 populo
420 2228 567 2296 Romano
586 2232 769 2314 inmineret,
792 2234 898 2310 totum
919 2231 955 2294 in
976 2252 1080 2295 meum
1096 2231 1152 2295 do-

139 2330 167 2370 to
178 2336 266 2410 mum
277 2319 526 2464 οοηὲθήοτρῐᾳὲ.
543 2320 744 2465 quaproptert
754 2318 835 2380 bene
847 2316 959 2465 halpiet:
974 2315 1151 2381 annuendo

177 2420 513 2572 tellilgitilsoqiialrlfflggo
535 2421 954 2569 lelgpprgnihpemgpzeppmps
977 2420 1047 2464 meo
1070 2421 1147 2464 casu

241 2569 270 2634 3.
294 2567 368 2635 Vno
384 2571 480 2635 etiam
496 2587 582 2635 nunc
604 2570 779 2635 domestico
799 2570 945 2654 exemplo
969 2569 1095 2634 adiecto
1111 2570 1148 2633 in

246 2779 257 2824 1
277 2771 443 2826 sollemnem
460 2772 530 2827 Por.
551 2773 561 2841 l
582 2779 597 2827 2
616 2789 676 2827 esse
694 2787 745 2826 om.
763 2773 832 2827 Par.
850 2772 1018 2894 &audissem
1037 2771 1103 2830 add.
1123 2771 1135 2824 l

175 2840 206 2894 P.
217 2839 288 2894 tolla
301 2840 393 2908 inquit
405 2839 526 2894 cadauer
537 2855 631 2910 margo
643 2841 671 2894 A
683 2857 697 2895 c
707 2843 777 2896 Par.
801 2840 836 2906 ef.
883 2841 1002 2907 'u.118,
1015 2843 1034 2892 8
1039 2858 1050 2905 ;
1067 2839 1147 2894 Plus.

175 2908 285 2962 Public.
300 2911 348 2973 14,
370 2907 446 2963 amde
468 2909 620 2976 exemplum
640 2907 748 2964 Valerii
769 2913 930 2964 trecentum
952 2923 1064 2962 censens
1080 2913 1149 2975 poet

177 2973 294 3030 deflexit
310 2974 379 3030 odd.
398 2975 448 3029 sed
470 2977 582 3030 tantum
601 2975 724 3032 cadauer
746 2975 839 3031 efferri
856 2975 938 3029 iussit
958 2974 1071 3040 Gertff,
1095 2975 1150 3029 dc·

177 3041 232 3098 bito
250 3047 343 3098 autem
361 3059 400 3098 aas
417 3059 452 3097 ec
469 3043 526 3097 ala'o
544 3045 620 3109 focate
636 3045 767 3100 Martum
782 3044 858 3098 illuct
874 3045 980 3100 dictum
995 3043 1048 3098 lucc
1059 3047 1151 3098 traau-

177 3110 274 3165 tulcrit
291 3111 386 3168 Paris.
401 3111 439 3180 118
456 3127 532 3164 nunc
549 3112 596 3170 fel.
615 3113 695 3182 LA2,
715 3129 768 3166 nec
785 3112 831 3166 fel.
849 3112 885 3165 A¹
905 3113 915 3181 ΙΙ
934 3117 965 3165 10
984 3111 1040 3165 duo
1058 3110 1149 3173 L¹A¹,

177 3183 210 3231 ct
226 3193 278 3234 nos
294 3179 364 3233 Par.
388 3181 398 3248 l
420 3184 451 3233 11
471 3179 624 3248 atoptionis
641 3181 677 3234 Α1
703 3181 713 3248 ΙΙ
739 3185 770 3235 15
789 3179 859 3248 itaq,
877 3179 950 3246 LA,
973 3179 1015 3232 ita
1031 3178 1119 3233 Halm
1136 3179 1147 3248 ΙΙ

177 3249 209 3298 16
233 3243 430 3300 abundcuarat
446 3262 541 3316 margo
557 3247 585 3300 L
602 3246 692 3301 m.1?
714 3252 740 3302 et
759 3248 823 3303 dett.
842 3248 896 3302 mci
913 3262 999 3312 omn„
1023 3245 1150 3300 ambula·

176 3313 259 3367 neret
275 3313 336 3368 LA
348 3315 358 3384 l
371 3314 456 3368 sibito
468 3315 506 3369 Α1
521 3316 530 3383 11
543 3320 577 3370 20
594 3314 716 3382 reliquid
728 3315 766 3369 L¹
779 3317 789 3384 l
801 3315 926 3370 maxima
937 3315 1001 3437 Dp
1012 3319 1044 3368 25
1062 3313 1150 3384 bena]

176 3378 243 3438 add.
261 3395 290 3433 se
309 3396 353 3434 res
365 3382 403 3435 A’
416 3382 426 3449 ΙΙ
439 3387 472 3435 26
489 3398 552 3435 meo
572 3399 638 3436 cssn
650 3383 742 3450 M,
761 3383 827 3439 meri
844 3384 909 3437 ossii
925 3383 963 3436 L³
1003 3387 1062 3449 ott,
1084 3398 1151 3435 meu

176 3462 244 3500 casn
255 3446 292 3500 A¹
306 3448 316 3515 ΙΙ
330 3453 361 3500 17
380 3448 595 3517 ingemiscerem
607 3451 646 3504 ΑΙ
658 3451 668 3519 l
681 3457 713 3505 28
732 3451 818 3505 etiam
831 3467 900 3504 num
912 3450 962 3518 A',
982 3451 1070 3505 etism
1089 3450 1147 3519 (dcl

175 3514 260 3582 nunc)
282 3511 394 3568 Ooleras
