2606 3958
317 4 434 12 ----

219 171 285 236 424
621 164 793 224 clavim.

221 343 315 406 quem
338 319 511 396 demetere,
534 318 590 402 qui
612 317 699 382 istud
721 318 921 401 corruptelae
936 339 1041 402 genus
1065 323 1200 406 excogi-

222 409 320 486 tauit,
354 426 396 470 an
426 405 480 489 qui
508 403 695 486 pudicitiam
725 423 816 466 suam
838 407 1036 486 sequestrem
1059 408 1198 488 periurii

222 492 292 556 fieri
306 491 394 574 passi
405 492 492 572 sunt,
508 509 548 552 an
563 487 617 571 qui
628 487 820 571 religionem
832 490 943 570 stupro
952 493 1197 572 permutarunt.

289 594 319 662 8.
343 594 454 676 Aeque
475 591 675 675 flagitiosum
697 588 777 652 illud
802 589 997 674 conuiuium,
1020 593 1113 674 quod
1139 593 1198 658 Ge-

197 678 339 743 omellus
377 677 568 741 tribunicius
603 675 708 738 uiator
744 673 881 758 ingenui
917 677 1106 758 sanguinis,
1144 679 1197 742 sed

224 763 324 827 officii
346 763 432 826 intra
458 759 607 824 seruilem
628 757 775 822 habitum
797 757 950 822 deformis
972 758 1112 825 Metello
1139 763 1197 846 [et]

225 847 368 930 Scipioni
397 844 521 909 consuli
543 865 582 907 ac
603 843 743 906 tribunis
765 842 810 926 pl.
834 863 953 926 magno
977 865 1052 908 cum
1075 847 1200 914 rubore

226 933 368 996 ciuitatis
398 928 601 1012 conparauit:
633 927 782 1011 lupanari
812 928 899 991 enim
929 929 1016 993 domi
1046 951 1128 995 auae
1151 932 1198 995 in-

226 1018 340 1082 stituto
355 1014 499 1078 Muniam
522 1015 556 1076 et
570 1011 732 1092 Flauiam,
756 1033 828 1076 cum
850 1033 870 1075 a
890 1015 984 1095 patre
999 1016 1072 1077 tum
1087 1037 1109 1078 a
1125 1016 1198 1081 uiro

187 1127 212 1167 ιο
226 1105 393 1183 utramque
416 1097 576 1180 inclitam,
606 1099 638 1161 et
659 1096 801 1160 nobilem
823 1117 957 1179 puerum
980 1097 1198 1164 Saturninum

224 1187 260 1249 in
283 1206 321 1248 eo
344 1181 518 1265 prostituit.
554 1181 727 1265 probrosae
749 1181 925 1265 patientias
940 1202 1088 1266 corpora,
1114 1184 1198 1248 ludi-

224 1268 295 1332 brio
324 1266 519 1331 temulentae
548 1265 676 1329 libidini
702 1265 826 1330 futura!
862 1265 972 1349 epulas
1003 1269 1134 1333 consuli
1167 1275 1201 1334 ct

224 1351 364 1417 tribunis
386 1372 453 1416 non
477 1350 700 1432 celebrandas,
723 1350 779 1414 sed
801 1350 1027 1415 uindicandas!

290 1455 319 1520 9.
353 1453 476 1518 Verum
509 1453 678 1537 praecipue
713 1451 872 1517 Catilinae
904 1452 1004 1517 libido
1039 1455 1199 1520 scelesta:

190 1564 213 1603 15
226 1561 303 1604 nam
335 1560 474 1604 uaesano
501 1559 609 1602 amore
637 1537 787 1600 Aureliae
815 1537 986 1602 Orestillae
1014 1544 1200 1623 correptus,

228 1647 300 1689 cum
323 1646 423 1689 unum
445 1623 710 1707 impedimentum
724 1620 850 1685 uideret
864 1642 928 1705 quo
944 1623 1051 1687 minus
1073 1627 1199 1709 nuptiis
1283 1635 1284 1678 l

225 1711 311 1775 inter
333 1731 367 1774 se
388 1709 609 1794 iungerentur,
630 1707 734 1770 filium
757 1727 860 1785 suum,
883 1727 978 1789 quem
993 1711 1027 1771 et
1042 1708 1151 1773 solum
1168 1714 1201 1773 et
1278 1707 1284 1744 ¹

226 1797 332 1859 aetate
353 1795 418 1858 iam
440 1794 593 1876 puberem
615 1791 770 1872 habebat,
794 1811 919 1855 ueneno
942 1792 1074 1856 sustulit
1097 1795 1201 1877 proti·
1284 1805 1285 1830 ¹

226 1901 351 1963 uusque
366 1900 405 1941 ex
419 1897 498 1960 rogo
513 1877 581 1940 eius
601 1875 781 1940 maritalem
806 1874 908 1939 facem
924 1877 1073 1940 accondit
1088 1899 1128 1941 ac
1144 1901 1201 1943 no

188 1986 215 2026 ac
228 1986 287 2028 uae
309 1963 443 2027 maritae
467 1962 637 2025 orbitatem
659 1981 749 2024 suam
778 1959 849 2024 loco
872 1961 1014 2024 muneris
1038 1964 1200 2046 erogauit.

228 2048 340 2113 eodem
363 2045 479 2109 deinde
501 2045 609 2108 animo
632 2045 735 2108 ciuem
757 2064 873 2128 gerens
889 2065 952 2127 quo
973 2047 1102 2128 patrem
1126 2069 1201 2133 ege-

226 2135 288 2211 rat,
309 2129 368 2193 filii
390 2129 511 2212 pariter
533 2129 682 2192 manibus
704 2131 737 2192 et
758 2127 881 2192 nefarie
903 2129 1129 2214 adtemptatae
1145 2155 1200 2216 pa
1259 2212 1263 2218 ⁸

227 2216 309 2280 triae
331 2234 451 2297 poenas
474 2213 570 2277 dedit.

291 2316 367 2381 Eat.
393 2317 421 2380 1.
455 2317 501 2381 At
515 2314 679 2398 Campana
701 2313 828 2378 luxuria
849 2335 1005 2399 perquam
1028 2316 1121 2381 utilis
1144 2340 1202 2382 no

189 2422 215 2464 aa
228 2404 312 2466 strae
328 2401 453 2465 ciuitati
474 2399 556 2465 fuit:
579 2399 736 2463 inuictum
752 2397 838 2462 enim
853 2400 951 2463 armis
973 2397 1202 2467 Hannibalem

297 2611 312 2659 6
329 2602 404 2657 infra
417 2601 517 2657 Galbte
533 2604 567 2656 35
584 2598 769 2655 etEberhord
780 2601 832 2655 157
835 2617 846 2664 ,·
864 2603 895 2652 at
912 2615 941 2653 n.
957 2600 1052 2671 Quint.
1067 2602 1122 2657 XI
1129 2607 1156 2670 3,
1168 2609 1205 2670 8,·
1283 2621 1286 2644 ⁴

229 2671 299 2726 Gen.
322 2671 394 2724 XII
411 2673 459 2735 13,
477 2672 513 2723 21
533 2670 544 2748 fl
566 2674 595 2722 et
617 2669 677 2722 LA
693 2668 778 2732 Pan,
807 2667 859 2720 dcl.
877 2667 1014 2736 Pipbtnc,
1039 2671 1102 2724 sine
1120 2674 1204 2726 uncis

227 2740 326 2806 Halm,
344 2739 391 2792 cni
413 2752 489 2792 error
505 2736 565 2791 ned.
583 2736 674 2803 ipsine
694 2733 802 2788 Valerii
818 2734 827 2801 l
846 2740 861 2789 7
878 2735 1003 2804 scipione
1022 2738 1092 2791 LA¹
1108 2741 1119 2807 n
1136 2756 1203 2794 con·

228 2807 335 2861 sulibus
353 2822 386 2860 ac
403 2805 523 2859 tribunis
535 2804 619 2870 Pan,
638 2803 707 2858 coris
725 2804 761 2856 ad
778 2801 844 2864 trib;
863 2801 901 2855 L¹
920 2809 945 2858 ot
962 2805 1002 2859 sic
1018 2806 1056 2858 A¹
1071 2807 1204 2876 [lmagna

228 2875 318 2943 Α1119
337 2873 462 2927 muniam
476 2872 537 2926 LA
554 2873 637 2937 Pan,
653 2871 777 2924 Muciam
796 2868 856 2925 edd.
875 2876 950 2937 nott,
970 2889 1009 2926 on
1021 2873 1204 2928 Munatium?

232 2945 244 3013 Η
264 2942 379 2997 flauiam
393 2941 463 2994 Μ’
482 2955 495 2994 a
511 2939 591 3004 Pon„
610 2938 695 2993 fluuii
708 2938 756 3006 A¹,
778 2935 906 2990 Fuluiam
925 2940 987 2998 edd.
1005 2946 1073 2995 nott.
1088 2943 1098 3009 11
1115 2948 1147 2996 10
1159 2944 1204 2996 in·

229 3010 326 3065 clitam
344 3009 409 3065 dett.
422 3009 538 3076 aliquot,
555 3006 703 3062 uictoriam
716 3007 752 3071 L,
770 3005 913 3073 *silent*
930 3009 958 3060 A
974 3009 1040 3064 add.
1061 3027 1089 3065 u.
1108 3011 1202 3064 uicto·

229 3079 269 3132 rit
286 3091 381 3146 marpo
403 3076 444 3142 A,
466 3074 598 3130 uicticam
620 3074 643 3128 0
662 3076 672 3142 ΙΙ
694 3079 725 3127 11
744 3073 862 3142 probros
885 3091 918 3128 ac
942 3076 1099 3143 sapientiae
1119 3078 1203 3142 LA¹‚
1283 3121 1286 3137 ⁴

229 3145 366 3215 probrosa
387 3143 542 3212 sapientiae
563 3145 611 3207 A²‚
630 3159 678 3197 cm.
700 3156 713 3195 a
733 3140 811 3196 codd.
836 3138 873 3207 (ἓ)
895 3143 1016 3212 Pipbins
1028 3144 1038 3212 ΙΙ
1050 3143 1204 3198 ludirbrio

240 3230 257 3268 o
276 3229 311 3268 ea
328 3216 362 3266 e?
381 3216 463 3276 corr.)
482 3211 509 3264 L
521 3212 531 3279 ΙΙ
551 3216 581 3264 12
600 3211 653 3265 litt.
673 3226 690 3263 a
707 3210 801 3277 epulas
819 3207 852 3260 in
868 3227 924 3264 ras.
942 3211 970 3263 A
991 3213 1001 3279 u
1023 3211 1133 3265 consuli
1153 3213 1166 3280 (
1197 3252 1204 3265 .

264 3281 341 3336 etetto
353 3277 492 3347 Scipione)
504 3293 563 3343 nos,
582 3277 745 3332 consulibus
758 3277 817 3331 LA
833 3274 921 3332 Halm
933 3279 943 3346 ΙΙ
959 3284 989 3332 14
1006 3295 1108 3332 uerum
1120 3295 1204 3346 prae-

228 3349 312 3468 cipue
331 3347 407 3411 dett,
426 3363 496 3401 uero
514 3347 666 3415 praecipue
684 3345 712 3398 L
736 3349 761 3397 et
782 3346 1011 3428 transpositionis
1032 3347 1108 3402 notia
1129 3363 1164 3401 nr.
1184 3350 1206 3401 2

229 3433 247 3470 a
269 3415 296 3472 d.
314 3416 364 3480 All
385 3420 416 3468 15
429 3430 545 3510 ‘uesana
562 3414 643 3506 L¹A¹
657 3414 667 3480 ΙΙ
681 3428 775 3466 amore
794 3417 820 3482 (e
839 3431 872 3468 sn
889 3415 959 3534 Ἢ
974 3414 1202 3535 thpxtgneagirpt']

229 3551 262 3598 25
281 3544 404 3597 ciuitatis
419 3482 691 3613 iliiAtiliiiiiriditilii
706 3481 814 3602 deliniti.
825 3482 909 3616 inicii
928 3483 1094 3615 Lilnnicffc
1110 3551 1149 3601 A¹
1199 3487 1202 3547 i

229 3483 355 3548 gesserat
372 3497 418 3532 rna
