2606 3958
194 147 259 212 364
603 144 672 203 LIB.
692 145 752 203 VII.

251 296 366 373 QVAE
390 297 623 363 ADVERSVS
646 296 886 364 OPINIONES
906 297 1125 364 HOMINVM

421 398 629 464 HEREDES
649 397 939 465 HABVERVNT.

260 517 298 594 Q.
334 517 508 596 Caecilius,
547 518 583 585 L.
614 517 740 582 Luculli
774 518 1015 602 promptissimo
1058 518 1168 584 studio

195 603 400 687 maximaque
428 602 623 667 liberalitate
650 606 683 666 et
709 601 883 667 honestum
904 603 1074 688 dignitatis
1095 625 1170 690 gra-
1284 632 1285 635 ¹

158 707 171 748 s
198 687 272 754 dum
296 693 329 752 et
351 689 583 771 amplissimum
604 688 837 770 patrimonium
859 691 1070 770 consecutus,
1094 709 1168 753 oum

197 793 274 855 prae
296 794 331 836 se
361 793 487 855 semper
514 770 643 835 tulisset
663 793 765 836 unum
786 772 879 836 illum
900 773 963 836 sibi
985 794 1055 837 essa
1077 772 1168 838 here·

196 857 285 935 dem,
308 857 450 922 moriens
466 856 562 920 etiam
585 856 698 920 anulos
712 857 743 919 ei
765 878 840 921 suos
854 856 1049 935 tradidisset,
1076 857 1170 922 Pom·

195 943 331 1025 ponium
359 940 506 1005 Atticum
534 944 727 1004 testamento
757 942 925 1024 adoptauit
959 948 1167 1026 omniumque

195 1027 353 1090 bonorum
374 1026 517 1090 heredem
537 1025 677 1108 reliquit.
729 1026 785 1089 sed
817 1025 943 1090 fallacis
966 1031 998 1090 et
1019 1027 1168 1090 insidiosi

158 1130 184 1170 ιο
198 1111 335 1174 cadauer
361 1109 498 1193 populus
526 1107 691 1173 Romanus
722 1110 901 1190 ceruicibus
927 1115 1012 1176 reste
1035 1113 1169 1176 circum-

197 1195 307 1259 datum
330 1214 388 1276 per
409 1193 479 1258 uias
500 1194 611 1258 traxit.
648 1194 758 1278 itaque
781 1195 923 1260 nefarius
944 1194 1043 1260 homo
1062 1197 1166 1260 fflium

196 1277 324 1362 quidem
340 1279 372 1342 et
394 1276 543 1342 heredem
558 1278 672 1343 babuit
686 1300 781 1362 quem
802 1280 921 1358 uoluit,
944 1281 1042 1345 funus
1058 1284 1165 1345 autem
1285 1307 1286 1330 1

197 1367 230 1427 et
252 1384 309 1427 exe
332 1383 402 1426 uras
425 1363 535 1446 quales
557 1364 685 1427 meruit.

260 1450 289 1512 6.
310 1384 439 1532 quque
468 1448 539 1512 aliis
568 1448 685 1533 dignus
711 1447 776 1512 tuit
803 1447 839 1512 T.
863 1448 985 1514 Marius
1014 1449 1164 1526 VrbinaS,

158 1552 183 1591 ra
198 1534 253 1616 qui
283 1532 324 1596 ab
352 1533 464 1597 infimo
492 1533 627 1597 militiae
654 1532 726 1598 loco
749 1532 913 1598 beneficiis
936 1534 1003 1598 diui
1025 1537 1166 1620 Augusti

196 1618 399 1701 imperatoris
421 1616 462 1681 ad
478 1639 618 1682 summor
641 1618 810 1681 castrensis
831 1617 972 1682 honores
994 1618 1167 1702 perductus

197 1703 561 1852 {sciscitaturi
583 1702 1076 1870 tttzlttttttlttttu
1091 1725 1167 1852 cu

196 1872 396 1956 relinquere,
419 1892 522 1955 aquo
546 1875 728 1954 acceperat,
751 1873 966 1955 praedicauit,
989 1873 1166 1938 sedetiam

158 1972 184 2013 ao
196 1957 300 2039 pridie
323 1977 417 2038 quam
433 1956 594 2038 expiraret
615 1957 701 2020 idem
723 1956 809 2020 istud
831 1958 893 2040 ipsi
910 1960 1059 2042 Augusto
1074 1957 1166 2042 dixit,

197 2061 269 2104 cum
297 2039 428 2103 interim
455 2061 497 2104 ne
525 2061 645 2104 nomen
674 2041 801 2123 quidem
830 2044 898 2106 eius
928 2043 1047 2107 tabulis
1069 2045 1167 2108 testa-

197 2125 300 2188 menti
323 2124 449 2188 adiecit.

262 2209 291 2272 7.
314 2207 351 2273 L.
367 2210 473 2272 autem
489 2207 648 2287 Valerius,
672 2210 723 2273 cui
739 2229 919 2294 cognomen
935 2210 1167 2295 Heptachordo

196 2292 273 2376 fuit,
302 2297 449 2378 togatum
476 2294 602 2358 hostem
633 2292 819 2358 Cornelium
844 2293 981 2359 Balbum
1003 2300 1163 2378 expertus,

159 2396 184 2437 ra
198 2380 311 2460 utpote
344 2397 447 2461 opero
475 2379 542 2442 eius
571 2382 603 2442 et
630 2378 763 2442 consilio
792 2378 1000 2463 conpluribus
1028 2381 1167 2463 priuatis

197 2461 307 2527 litibus
335 2468 470 2527 uexatus
499 2462 539 2528 ad
568 2463 783 2547 ultimumque
812 2464 954 2528 subiecto
978 2468 1164 2529 accusatore

265 2654 278 2701 1
291 2647 406 2703 tirolun
417 2661 467 2701 om.
479 2647 549 2702 Por.
567 2665 596 2702 u.
608 2648 684 2726 adp.
696 2652 757 2714 358,
770 2653 786 2702 1
804 2647 985 2702 HOMINVM
1002 2663 1024 2702 s.
1039 2649 1057 2702 l.
1068 2639 1111 2727 ἐπι,
1124 2648 1166 2704 1?

195 2716 222 2770 L
235 2715 273 2784 112
291 2712 486 2770 HAEREDES
500 2715 576 2837 Laie
595 2716 717 2794 tullrsset
734 2718 781 2779 211,
799 2716 866 2770 add.
879 2716 919 2774 br.
933 2717 1028 2794 palam
1046 2716 1166 2771 munet

194 2797 289 2853 murco
300 2783 338 2861 rt,
355 2783 403 2837 sed
413 2782 493 2838 babet
505 2800 524 2852 p
555 2800 601 2838 am
619 2783 740 2838 drctaret
751 2785 821 2839 Pur.
835 2785 845 2852 ll
859 2790 873 2837 7
891 2785 1042 2838 tradrdrsee
1061 2784 1142 2862 L¹Aff
1154 2787 1166 2854 ΙΙ

195 2867 361 2920 pompeium
378 2850 429 2916 A¹‚
448 2865 518 2909 corr.
538 2852 647 2918 ePar.,
665 2858 697 2906 ut
713 2867 764 2906 uos
780 2852 858 2922 11118
876 2852 1051 2930 testamentu
1070 2851 1116 2930 13¹,
1133 2869 1164 2908 m

193 2919 365 2974 testamento
382 2915 452 2976 Pur.
466 2919 505 2996 ue
521 2918 656 2974 herodem
673 2934 723 2973 om.
736 2920 819 2986 LA',
837 2919 1165 2998 udd.postrquu1tA²,

194 3004 233 3042 aa
252 2985 400 3054 applano.
418 2984 583 3040 dominum?
604 2992 635 3040 10
653 2989 729 3041 recte
748 2987 820 3065 LA,
839 2989 893 3042 retr
910 2989 995 3054 Pan,
1011 2989 1077 3065 sort.
1095 2991 1165 3042 resti

193 3052 657 3190 timittt‘aatrrrtlc
688 3055 1166 3190 ittglrcrulnltraa

194 3190 290 3311 LA]
302 3195 334 3244 14
351 3187 474 3244 Vrbinas
486 3190 626 3267 ¹Pipleida,
646 3191 740 3244 urinas
752 3191 821 3244 Lm
842 3168 907 3250 dett
925 3191 979 3245 mei
995 3203 1076 3254 omn„
1097 3192 1163 3244 uiri·

192 3257 406 3393 attulit
423 3255 732 3393 lirecaduti
742 3259 1051 3394 ricantia
1062 3259 1163 3380 lepti?

494 3394 499 3405 ,
605 3368 611 3392 r
792 3345 811 3396 P
1100 3343 1117 3394 P

193 3391 277 3445 cordo
295 3392 368 3456 LA,
391 3394 541 3447 crealiter
564 3394 652 3456 Pan,
674 3394 740 3448 add.
758 3394 799 3448 br.
817 3394 986 3463 eptacordus
1002 3409 1098 3462 murpo
1115 3394 1144 3446 A
1155 3393 1163 3461 ll

193 3457 677 3591 Eddlddffuliieldicapbrsilpessum
695 3462 732 3515 Α1
747 3462 756 3530 ΙΙ
769 3467 802 3516 25
821 3477 909 3530 opera
927 3461 989 3518 eda.
1007 3466 1088 3528 cett,
1107 3475 1162 3530 ope

1275 3563 1286 3926 l
