2608 3952
225 203 287 267 222
360 159 365 168 ’
628 199 695 256 nn.
713 200 777 259 vn.

225 353 265 418 ad
281 329 430 419 ultimum
445 375 544 437 usque
559 353 620 418 fati
635 353 719 418 diem
735 352 869 437 ancipiti
883 307 1036 419 fortunae
1051 354 1187 420 subiecti
1288 404 1298 413 .

226 459 375 508 essemus,
426 438 593 503 felicitatis
621 439 722 536 igitur
741 438 910 535 'humanae
940 439 1190 536 appellationem

225 545 323 609 rogus
347 526 565 607 consummat,
595 545 651 620 qui
677 544 711 587 se
738 525 880 588 1ncursui
901 524 1058 589 malorum
1081 522 1190 590 obicit.

288 608 394 690 Idem,
416 630 488 674 cum
511 629 549 672 ex
571 609 682 673 amnis
698 607 858 691 quendam
880 609 1025 693 grauiter
1046 629 1191 674 maeren·
1301 671 1303 690 ,

199 697 290 759 stem
312 693 450 776 uideret,
478 693 512 757 in
540 713 645 757 arcem
672 693 824 776 perduxit
849 692 1059 778 hortatusque
1083 697 1192 758 estut

224 800 282 863 per
312 799 423 843 omnes
451 777 669 842 subiectorum
696 777 913 843 aedificiorum
946 783 1053 862 partes
1081 777 1191 843 oculos
1292 833 1303 858 ,

225 862 454 928 circumferret.
498 862 583 945 quod
605 863 641 924 ut
662 861 784 926 factum
807 862 1043 942 animaduertit,
1068 864 1191 948 ‘cogita

225 968 312 1012 nunc
333 951 451 1012 tecum’
475 945 581 1029 inquit
603 951 710 1028 ‘quam
725 946 819 1011 multi
834 946 940 1012 luctus
955 949 1013 1012 sub
1028 946 1079 1011 his
1095 949 1190 1012 tectis

226 1036 257 1097 et
280 1032 355 1095 olim
378 1030 499 1095 fuerint
526 1033 559 1095 et
585 1029 745 1114 hodieque
772 1035 941 1096 uersentur
967 1037 997 1098 et
1016 1033 1189 1116 insequen-

187 1136 212 1176 10
225 1116 311 1181 tibus
334 1114 468 1179 saeculis
483 1114 549 1179 sint
570 1113 747 1180 habitaturi
768 1137 806 1180 ac
827 1116 1120 1182 mittemortalium
1142 1118 1193 1182 in·

225 1199 392 1265 commoda
419 1202 582 1283 tamquam
615 1200 745 1284 propria
772 1201 908 1267 deflerc’.
954 1223 1017 1284 qua
1045 1203 1194 1266 consola-

224 1285 313 1348 tione
336 1284 568 1348 demonstrauit
594 1285 689 1349 urbes
717 1305 786 1349 esse
813 1285 1027 1351 humanarum
1051 1286 1191 1351 cladium
1295 1305 1303 1330 ⁴

226 1372 399 1452 consaepta
420 1369 609 1433 miseranda.
652 1369 737 1434 idem
760 1369 880 1443 aiebat,
909 1370 937 1434 si
964 1372 997 1435 in
1020 1392 1122 1434 unum
1144 1371 1190 1435 lo·

227 1475 299 1519 eum
322 1454 430 1518 cuncti
451 1453 536 1518 mala
558 1475 615 1518 sua
636 1454 861 1534 contulissent,
892 1454 1038 1520 futurum
1061 1459 1098 1520 ut
1118 1476 1194 1539 pro·

188 1558 213 1600 is
225 1537 296 1622 pria
319 1539 486 1623 deportare
502 1538 631 1603 domum
648 1560 743 1621 quam
759 1560 798 1603 ex
812 1540 974 1603 communi
988 1539 1192 1604 miseriarum

226 1644 342 1688 aceruo
365 1624 549 1707 portionem
571 1644 663 1687 suam
684 1623 768 1688 ferre
791 1623 934 1689 mallent.
974 1645 1036 1708 quo
1060 1624 1191 1709 collige·

226 1710 373 1773 batnon
395 1711 543 1792 oportere
564 1729 623 1772 nos
651 1729 732 1790 quae
759 1707 895 1772 fortuito
917 1709 1078 1792 patiamur
1099 1730 1191 1793 prae-

227 1793 340 1877 cipuae
362 1796 395 1857 et
415 1792 626 1857 intolerabilis
648 1790 871 1856 amaritudinis
893 1793 1041 1858 iudicare.

311 1879 340 1946 3.
363 1877 440 1942 Bias
463 1880 579 1956 autem,
603 1897 675 1942 oum
695 1877 832 1960 patriam
849 1877 916 1942 eius
930 1877 1070 1942 Prienen
1083 1876 1193 1942 hostes
1302 1945 1303 1951 ἵ

188 1987 213 2026 aa
226 1963 437 2044 inussissent,
466 1961 631 2044 omnibus,
660 1981 737 2044 quos
765 1963 860 2026 modo
887 1963 1023 2027 saeuitia
1044 1962 1121 2026 belli
1143 1963 1193 2027 in·

227 2048 368 2112 columes
390 2046 477 2112 abire
499 2067 596 2130 passa
618 2046 735 2126 fuerat,
759 2046 968 2129 pretiosarum
990 2069 1098 2110 rerum
1112 2069 1194 2130 pon-

227 2132 301 2195 dere
323 2131 451 2228 onustis·
474 2131 674 2217 fugientibus
703 2131 921 2217 interrogatus
943 2132 1020 2216 quid
1042 2131 1088 2196 ita
1109 2131 1193 2196 nihil
1301 2129 1302 2134 ’

227 2237 266 2280 ex
287 2215 382 2280 bonis
404 2236 469 2279 su1s
495 2237 602 2280 seeum
625 2216 724 2279 ferret
751 2220 824 2300 ‘ego
851 2223 940 2281 uero’
964 2217 1071 2300 inquit
1093 2217 1193 2280 ‘bona

227 2302 336 2366 omnia
356 2320 428 2363 mea
450 2321 575 2365 mecum
597 2303 719 2384 porto’:
748 2303 878 2383 pectore
901 2301 987 2364 enim
1008 2301 1066 2366 illa
1087 2305 1195 2384 gesta-

189 2407 214 2446 n
228 2386 298 2465 bat,
315 2405 383 2449 non
397 2383 548 2465 humeris,
563 2405 625 2449 nec
640 2384 741 2449 oeulis
757 2385 906 2468 uisenda,
922 2387 977 2450 sed
993 2385 1193 2450 aestimanda

227 2469 347 2536 animo.
392 2490 473 2553 quae
503 2468 667 2534 domicilio
693 2469 812 2533 mentis
841 2469 967 2535 inclusa
994 2491 1056 2534 nec
1077 2473 1195 2535 morta·

226 2555 305 2619 lium
326 2573 387 2618 nee
409 2555 541 2618 deorum
560 2553 708 2618 manibus
730 2553 919 2618 labefactari
941 2558 1081 2638 queunt,
1104 2559 1137 2618 et
1159 2560 1196 2619 ut
1300 2551 1301 2566 ¹

226 2638 433 2704 manentibus
455 2642 585 2721 praesto
601 2641 691 2720 sunt,
714 2638 762 2702 ita
776 2638 937 2724 fugientes
952 2660 1018 2704 non
1034 2639 1195 2704 deserunt.

296 2850 311 2898 3
330 2842 476 2896 consumat
492 2839 551 2894 LA
564 2842 602 2910 l5
620 2839 738 2894 uidisset
754 2841 848 2962 Parit
865 2846 881 2894 8
898 2843 983 2895 tectis
999 2856 1050 2896 om.
1069 2842 1138 2900 Par.
1153 2844 1193 2912 l⁹
1299 2889 1300 2898 ,

228 2912 258 2966 et
274 2910 387 2978 hodieq.
405 2910 432 2961 A
457 2908 640 2966 ethm.1s.
660 2907 678 2960 l.
699 2907 733 2966 L.
764 2908 800 2974 cf.
863 2912 890 2976 6,
903 2912 931 2962 2.
953 2909 1038 2963 VIII
1051 2913 1135 2976 15,1‚
1164 2915 1194 2966 et

226 2979 312 3033 hodie
330 2978 400 3032 Par.
420 2976 507 3030 Halm
520 2977 530 3045 ll
543 2977 572 3030 et
588 2976 802 3042 insequentibus
820 2976 900 3040 Pan,
920 2977 1111 3045 insequentib;
1130 2980 1193 3046 (om.

228 3048 267 3114 et)
286 3045 365 3110 LA1,
383 3044 605 3112 insequentib;q:
619 3043 657 3095 Α2
670 3043 680 3110 ΙΙ
695 3049 725 3096 10
743 3043 869 3098 habituri
887 3043 967 3112 LA¹,
986 3045 1007 3098 l.
1027 3045 1057 3098 P.
1077 3045 1133 3099 sint
1150 3047 1195 3100 fu-

227 3113 285 3169 turi
302 3128 396 3183 marae
413 3113 440 3165 A
452 3113 463 3180 ll
477 3118 506 3166 11
526 3111 645 3166 defleret
654 3110 734 3164 L¹A¹
747 3113 757 3180 ss
770 3111 963 3166 consulatione
973 3112 1046 3166 L¹A
1059 3113 1069 3181 ΙΙ
1084 3119 1114 3167 13
1128 3129 1196 3168 con-

228 3184 311 3251 septa
329 3181 398 3237 LA¹
411 3180 421 3248 l
436 3187 467 3234 14
483 3180 597 3249 proprii
616 3178 675 3232 LA
687 3179 697 3247 ΙΙ
712 3185 743 3233 16
761 3179 825 3233 colli
846 3180 914 3233 abat
926 3180 1007 3234 L¹A¹
1020 3182 1031 3249 l
1045 3186 1076 3234 12
1095 3183 1196 3236 sortito

228 3250 298 3304 coni.
311 3249 437 3316 Lipsius.
457 3248 531 3315 quod
544 3247 643 3314 probat
657 3245 747 3312 Gertz,
765 3252 811 3301 stu
833 3288 838 3300 .
857 3248 917 3302 cra't.
931 3248 964 3302 in
975 3246 1067 3303 Scaea.
1101 3251 1174 3304 ,122
1186 3251 1196 3318 ΙΙ

230 3321 262 3392 le
281 3313 482 3368 amaritudines
494 3314 530 3368 L¹
545 3315 554 3383 l
569 3320 600 3391 19
619 3315 714 3368 autem
732 3315 784 3384 (bis
801 3316 987 3392 semetsemet
1005 3331 1074 3373 eras.
1099 3317 1148 3438 LA!
1163 3324 1197 3374 20

228 3381 381 3434 incolomes
399 3381 615 3449 L¹A¹llhab1re
632 3382 669 3434 A¹
685 3382 694 3449 ΙΙ
708 3389 740 3437 22
758 3381 941 3451 interrogatis
959 3382 1039 3437 L¹A¹
1054 3386 1063 3453 ΙΙ
1077 3385 1125 3453 qui
1166 3385 1197 3453 (d

229 3461 250 3498 s.
269 3447 298 3510 l.)
316 3447 343 3498 L
360 3449 370 3513 ΙΙ
392 3454 424 3501 23
442 3448 517 3502 bona
534 3447 669 3517 (omnia)
687 3465 752 3503 mea
768 3465 880 3503 mecum
900 3450 1011 3516 (lew,
1031 3453 1126 3505 omnia
1143 3467 1198 3507 om.

230 3511 290 3563 LA
299 3511 394 3577 Halm,
414 3514 488 3567 bona
505 3531 615 3569 mecum
634 3518 729 3572 omnia
745 3517 815 3571 Par.
830 3519 885 3585 1125
902 3518 1035 3572 humerus
1052 3519 1100 3586 D,
1120 3535 1200 3575 ume-
1284 3557 1292 3580 a

230 3576 268 3628 ris
286 3575 372 3630 Halm
385 3580 394 3646 ss
407 3585 439 3632 22
456 3580 630 3637 labefactari
647 3584 684 3637 L¹
